2184 2953
628 292 733 320 Lissssn
758 291 923 320 OCTAVUS
946 292 1157 327 (1630-1640).
1650 289 1709 319 305

96 381 273 415 munitus:
295 392 357 426 per
386 382 542 416 nuntium
569 383 797 428 apostolicum
816 395 836 417 a
856 383 954 417 noxis
981 382 1186 417 absolutus:
1217 381 1460 416 assistentibus
1488 393 1506 415 e
1534 379 1709 415 Societate

97 442 282 488 theologis,
300 443 391 477 inter
412 444 629 478 sacerdotum
646 457 781 485 manus,
804 445 1065 491 religiosissime
1086 445 1158 478 Deo
1178 456 1214 478 se
1232 455 1294 489 per
1308 443 1423 477 omnia
1441 443 1579 489 pietatis
1598 442 1710 476 officia

96 505 352 545 commendans,
369 505 458 539 inter
475 506 638 541 mortales
653 519 758 553 agere
774 507 875 541 desiit
889 518 979 541 anno
995 507 1109 540 fetatis
1124 518 1197 540 suae
1212 510 1309 540 sexto
1323 516 1427 550 supra
1440 505 1706 550 sexagesimum,

96 568 195 613 regni
219 567 350 607 XLIV,
378 568 539 603 kalendis
559 570 671 609 maiis,
696 570 781 604 hora
797 571 840 604 ab
860 569 1020 604 umbilico
1040 569 1151 603 noctis
1167 568 1303 602 circiter
1322 568 1485 601 secunda.
1509 567 1610 601 Multi
1627 566 1708 600 scri-

95 633 210 674 ptores
238 630 281 663 de
307 629 531 675 Sigismundo
546 632 716 676 praeclara
744 632 852 666 multa
870 631 1066 677 prodidere,
1083 631 1117 664 in
1134 630 1186 664 his
1210 628 1477 663 candidissimus
1506 629 1705 668 historicus,

96 690 292 725 Stanislaus
312 691 599 738 Kobierzyckius,
623 693 882 728 Gedanonsium
898 692 1122 732 castellanus,
1144 695 1370 737 posteaquam
1390 690 1496 723 vitam
1512 690 1708 735 exitumque

96 752 177 786 boni
196 752 361 798 principis
380 754 535 788 laudavit
553 767 559 788 :
584 771 597 784 «
615 758 651 788 Is
673 758 742 797 fuit
765 759 892 794 eocitus,
914 755 1021 800 inquit
1053 757 1098 794 (¹),
1127 756 1230 796 Heqis
1254 756 1378 796 optimi
1397 755 1633 795 mooeimique;
1652 755 1709 785 cui

99 825 113 839 κ
129 812 241 852 pietas
268 813 309 844 ob
339 814 454 845 divini
478 815 603 849 cultus,
637 815 798 847 Coelitum
824 816 993 846 eximiam
1017 815 1285 850 venerationem,
1306 813 1433 845 veteris
1450 822 1491 844 ac
1506 812 1708 844 orthodoxae

97 885 111 898 «
128 872 310 912 reliyz'onz's
326 874 576 913 patrocinium,
596 873 759 905 basilicas
777 875 916 914 maynis
942 875 1108 914 impensis
1127 877 1271 907 erectas,
1293 873 1437 913 colleyia
1452 871 1672 911 eoenobz'aque
1686 881 1708 903 a

97 944 111 958 «
126 931 368 970 fundamentis
392 934 556 967 eoecitata,
584 942 737 973 perenne
759 934 872 965 erescit
899 933 1124 964 mausoleum.
1142 932 1288 964 Justitia
1314 932 1412 963 lance
1430 941 1529 971 aequa
1555 931 1708 962 admini-

96 1004 110 1018 «
127 993 240 1022 strata
264 992 299 1023 in
318 993 479 1031 judiciis,
509 993 545 1023 in
567 992 758 1024 honoribus
786 993 1041 1024 distribuendis
1070 993 1403 1034 magistratibusque
1436 992 1634 1031 deferendis
1662 992 1709 1024 ad

95 1064 110 1078 «
127 1053 297 1083 amussim
323 1052 515 1086 observata.
545 1053 592 1084 ad
615 1055 838 1093 posterorum
866 1053 1072 1083 memoriam
1099 1053 1222 1083 statuit
1250 1052 1290 1092 (2)
1318 1051 1708 1083 colossum:clenientia

95 1124 110 1137 «
126 1110 389 1151 beniqnitasque
405 1112 581 1143 seditiosis
594 1115 864 1143 commonstrata
878 1112 1020 1150 cz'vz'buS,
1039 1113 1150 1152 captis
1163 1112 1331 1152 victisque
1347 1111 1526 1143 declarata
1542 1111 1706 1148 hostibus,

95 1183 110 1197 «
124 1171 325 1211 promptior
340 1171 517 1211 benefieiis
543 1181 730 1209 exornare,
759 1181 863 1211 quam
887 1172 924 1202 in
946 1172 1138 1203 vindictam
1156 1181 1345 1212 assurgere
1374 1172 1480 1212 Reqis
1495 1172 1636 1202 animus
1652 1181 1707 1211 pe-

95 1222 112 1256 ‹t'
127 1232 361 1261 rennaturum
389 1231 566 1262 collocavit
582 1231 789 1271 trophaeum.
814 1231 909 1262 Bella
934 1240 1103 1271 prospere
1129 1231 1394 1266 administrata,
1423 1231 1577 1262 obtentas
1604 1231 1708 1263 victo-

95 1301 109 1314 «
128 1290 213 1327 rias,
230 1291 426 1328 reportatos
452 1289 659 1330 triumphos,
680 1289 806 1320 limites
833 1290 989 1321 Polcniee
1013 1292 1173 1321 eoetensos
1185 1290 1418 1330 prolato-sque,
1451 1290 1602 1330 inteqris
1618 1291 1707 1322 scri-

95 1350 267 1387 «ptorum
296 1348 453 1389 relinquo
482 1349 726 1380 voluminibus.
756 1350 810 1380 Ad
840 1353 1047 1387 eoo-tremum,
1079 1351 1180 1390 reqni
1205 1350 1337 1391 aevique
1365 1353 1553 1382 maturus:
1578 1352 1707 1392 quippe

95 1419 110 1433 «
127 1407 364 1448 quadraginta
379 1410 531 1447 quatuor
543 1409 648 1439 annis
663 1418 771 1449 reqno
787 1410 965 1449 impensis,
980 1409 1274 1450 quadraqesimus
1287 1410 1359 1449 ipse
1372 1411 1519 1449 quartus
1532 1410 1569 1440 in
1582 1419 1706 1451 reyum

94 1479 109 1493 «
127 1467 228 1502 serie,
248 1466 405 1498 omnium
430 1468 581 1507 aequavit
609 1473 670 1499 aut
689 1468 813 1508 junaez't
839 1469 1002 1509 ytoriam.
1023 1469 1170 1500 Statura
1195 1469 1266 1509 fuit
1284 1470 1394 1509 justa,
1415 1470 1509 1509 facie
1533 1470 1703 1510 formosa,

1739 388 1799 414 1632

1734 769 1802 794 Laus
1813 769 1879 796 vitae.

1731 1492 1878 1525 Descriptio

95 1540 109 1554 «
125 1527 237 1558 colore
264 1527 424 1564 candido,
440 1528 540 1568 qeiiis
570 1528 747 1568 eleqanter
771 1530 1124 1569 purpurascentibus,
1152 1538 1236 1561 naso
1261 1529 1429 1570 aquilino,
1454 1539 1564 1570 neque
1590 1532 1705 1562 tamen
1729 1531 1845 1557 habitus.

92 1600 106 1614 «
123 1586 273 1618 nimium
299 1586 561 1626 pmtuberante,
580 1588 688 1618 ocutis
711 1587 905 1629 subniyris,
923 1589 1049 1629 capillo
1079 1592 1265 1629 antequam
1291 1592 1488 1620 canesceret
1516 1589 1704 1630 subfusco.-

91 1659 106 1673 «
123 1656 141 1678 e
163 1646 261 1677 vultu
283 1645 384 1677 decor
399 1647 631 1687 majestasque
643 1648 835 1686 eminebat;
854 1658 930 1689 quae
953 1659 1019 1681 non
1042 1649 1225 1690 indiqenas
1242 1649 1351 1686 modo,
1370 1650 1430 1680 sed
1445 1652 1583 1681 exteros
1601 1650 1705 1682 etiam

92 1719 107 1733 «
125 1705 170 1737 ad
188 1706 422 1736 reverentiam
451 1706 507 1736 sui
524 1711 752 1746 permoveret.
773 1709 929 1750 Denique
954 1710 1073 1750 forma
1101 1711 1158 1741 sui
1185 1711 1349 1751 temporis
1376 1721 1499 1751 requm
1526 1712 1704 1752 princeps,

91 1780 106 1794 «
124 1769 224 1799 aetate
238 1769 350 1808 pater,
371 1767 474 1799 rebus
488 1769 595 1809 yesti's
612 1769 844 1807 clarissimus,
863 1779 954 1801 anno
972 1770 1051 1801 vitae
1069 1771 1287 1811 seaeaqesimo
1303 1773 1399 1802 sexto
1416 1772 1571 1803 decessit.
1593 1786 1607 1798 >1

136 1829 168 1864 A
185 1829 461 1864 confessionibus
476 1830 640 1875 theologo
656 1842 674 1864 e
690 1831 865 1865 Societate
884 1836 1085 1866 constanter
1100 1832 1275 1866 utebatur.
1294 1833 1425 1866 Diebus
1441 1832 1529 1866 divae
1545 1833 1707 1868 Parentis

89 1892 246 1937 Virginis
266 1892 362 1926 festis
381 1892 520 1938 pietatis
539 1892 660 1927 officiis
684 1894 831 1928 vacabat
846 1893 1047 1939 impensius.
1069 1894 1206 1929 Accidit
1224 1899 1341 1930 autem
1359 1896 1553 1938 Varsaviae,
1574 1901 1609 1931 ut
1624 1909 1706 1932 suus

88 1955 195 1989 animi
205 1954 435 1989 auricularius
451 1955 582 1989 arbiter
596 1955 631 1989 in
646 1955 793 2001 collegio
810 1956 987 1990 Sociorum
999 1957 1118 1991 morbo
1135 1958 1368 1998 decumberet,
1381 1958 1429 1992 IV
1445 1970 1551 1993 nonas
1565 1959 1703 1994 februa-

89 2016 172 2057 rias,
195 2028 295 2051 sacra
314 2016 390 2051 luce
410 2017 548 2063 Virgini
572 2017 702 2051 Beatae.
726 2018 778 2051 Eo
799 2017 853 2052 die
873 2018 1142 2063 visitjacentem
1161 2031 1243 2060 rex;
1262 2020 1309 2054 ibi
1327 2020 1373 2053 ad
1392 2020 1560 2065 spondam
1576 2021 1704 2056 infirmi

91 2079 294 2124 provolutus
323 2079 358 2112 in
388 2090 517 2124 genua,
548 2079 621 2113 Deo
641 2079 751 2125 judici
779 2091 840 2113 suo
861 2080 902 2114 de
930 2080 1028 2113 noxis
1055 2081 1140 2120 suis,
1176 2081 1243 2115 ritu
1272 2093 1347 2121 suo,
1374 2081 1551 2117 humiliter
1574 2083 1704 2118 scilicet

93 2141 331 2187 dolenterque,
368 2153 404 2176 se
439 2142 628 2176 accusavit.
660 2142 713 2175 Ita
742 2142 787 2175 ad
820 2142 981 2176 virtutem
1011 2142 1173 2176 nimirum
1204 2154 1225 2177 a
1253 2154 1360 2189 puero
1384 2144 1564 2179 institutus
1601 2149 1699 2180 erat:

93 2207 213 2237 nactus
232 2206 304 2237 tum
323 2207 501 2248 parentem
528 2204 620 2249 piam
646 2204 688 2237 de
724 2204 824 2237 domo
854 2204 951 2248 regia
971 2203 1183 2238 polonorum
1209 2204 1430 2250 Jagellonica
1461 2205 1699 2249 Catharinam,

90 2269 162 2299 tum
194 2269 426 2311 praeceptores
457 2265 597 2311 probos,
636 2265 672 2299 in
711 2266 835 2310 quibus
879 2265 1009 2310 primus
1046 2266 1109 2299 suit
1148 2270 1266 2300 noster
1310 2267 1505 2301 Stanislaus
1556 2269 1701 2303 Varsze-

90 2326 240 2361 vickius.
264 2327 431 2361 Probavit
455 2327 510 2361 hic
540 2339 602 2361 suo
640 2327 811 2372 exemplo,
850 2327 940 2372 quod
973 2327 1022 2360 ait
1054 2327 1154 2361 Plato
1179 2331 1259 2361 :Ad
1293 2331 1411 2371 qualia
1443 2332 1520 2372 quis
1551 2332 1588 2364 in
1612 2343 1702 2373 pue—

92 2390 175 2422 ritia
216 2390 425 2429 incubuerit,
443 2391 526 2422 talia
550 2394 580 2422 et
602 2401 678 2431 quee
695 2394 901 2431 sequuntur,
920 2392 1011 2430 fore.
1033 2389 1136 2423 Justa
1162 2390 1307 2435 principi
1335 2402 1397 2424 suo
1429 2391 1608 2426 carissimo
1642 2404 1703 2438 per

135 2469 174 2505 (1)
202 2469 310 2497 Histor.
330 2469 444 2497 Vlatiisl.
465 2470 509 2497 lv.
528 2470 558 2497 L.
576 2470 621 2502 xl,
639 2478 704 2508 pag.
724 2471 790 2498 943.
805 2486 841 2489 —
860 2471 898 2506 (2⁷)
924 2470 1061 2499 Varsuvizu
1078 2472 1103 2498 in
1121 2474 1180 2498 soro
1197 2472 1285 2507 posita
1306 2472 1472 2507 sigismundi
1491 2478 1591 2501 statua.

1573 2537 1604 2563 39

1730 1973 1820 1999 Pietas
1835 1974 1874 1999 Si-

1730 2012 1864 2045 gismundi

1730 2052 1756 2077 et
1768 2051 1874 2077 humili-

1729 2092 1781 2115 tas.
