2184 2953
190 382 255 409 1574

240 683 280 711 24.

185 723 214 748 P.
229 722 331 757 Skarga

182 761 210 787 in
239 765 330 790 contu-

182 800 261 828 melia
279 803 329 828 vir-

182 840 234 866 tus.

364 284 405 314 54
733 284 1012 314 LITUANICARUM
1035 282 1248 313 SOCIETATIS
1268 281 1354 311 JESU
1378 280 1628 310 HISTORIARUM

362 376 438 410 ritis
453 375 584 417 debito,
604 375 832 412 haberentur.
851 376 923 412 Sub
939 376 1070 411 exitum
1086 375 1216 410 mensis
1235 373 1370 409 sextilis
1389 373 1609 414 Dantiscum,
1627 373 1709 409 inde
1723 373 1991 422 Brunsbergam

361 438 406 472 ad
419 438 572 473 natalem
587 438 630 474 B.
653 439 811 485 Virginis
830 439 957 473 Mariae
975 438 1067 473 diem
1085 437 1196 472 venit:
1216 448 1255 472 eo
1274 436 1377 482 plane
1392 440 1559 482 tempore,
1574 448 1641 482 quo
1657 436 1758 471 annis
1774 437 1902 473 abhinc
1913 444 1990 474 octo

358 512 420 546 per
434 512 554 535 sacras
569 501 640 536 divi
655 502 765 547 patris
783 501 1094 536 commentationes
1126 511 1147 534 a
1171 500 1244 534 Deo
1270 498 1479 540 illustratus,
1508 499 1716 545 contemptis
1740 500 1844 534 rebus
1864 505 1990 536 morta-

356 563 461 604 libus,
479 563 633 598 animum
651 564 696 598 ad
715 563 893 609 religiosae
912 563 993 597 vitae
1008 562 1224 608 disciplinam
1242 561 1277 595 in
1299 561 1475 596 Societate
1493 561 1662 608 applicuit
1679 563 1780 604 ;inde
1789 563 1930 598 Vilnam
1944 564 1989 598 ad

356 637 457 660 suum
483 629 598 661 rector
629 625 836 671 Collegium.
873 626 942 660 Pro
974 624 1222 660 Varszevickio
1251 624 1390 658 interim
1410 625 1548 669 regenti
1567 625 1706 659 domum
1725 626 1831 660 Petro
1848 626 1989 672 Skarga

357 687 475 722 oblata
492 687 643 733 insignis
663 688 799 722 occasio
819 687 958 721 virtutis
978 699 1051 721 suae
1067 686 1194 733 populo
1213 685 1465 732 approbandae.
1488 686 1628 721 Primus
1648 692 1724 721 erat
1743 687 1815 728 ille,
1833 687 1868 721 in
1885 699 1986 734 quem

355 749 603 785 haereticorum
621 750 702 785 odia
720 750 886 785 arderent
904 750 1053 784 maxime
1071 762 1078 790 ;
1097 750 1162 783 1100
1177 752 1281 794 caput
1295 748 1369 793 jam
1388 748 1487 782 furiis
1508 748 1668 783 omnibus
1700 761 1762 795 per
1794 761 1853 785 eos
1881 751 1985 786 devo-

355 815 440 847 tum.
459 813 513 847 Ex
530 813 596 848 hoc
611 825 722 859 grege
752 812 918 848 Albertus
951 811 1270 858 Slepowi·011skiuS‚
1299 810 1402 844 homo
1422 810 1602 851 audacior,
1633 811 1733 858 isque
1756 813 1981 854 temulentus,

354 873 526 909 inciderat
544 874 579 908 in
600 875 642 909 P.
661 876 817 916 Petrum,
839 875 992 915 domum,
1014 885 1035 907 a
1061 877 1237 907 transacto
1270 872 1323 906 sui
1350 872 1505 907 muneris
1539 873 1692 918 negotio,
1715 878 1984 920 vesperascente

353 936 455 978 coelo,
478 936 694 971 redeuntem.
713 936 938 971 Commodum
958 936 1023 970 sibi
1043 936 1138 969 visus
1171 934 1359 969 offendisse
1390 934 1541 968 invisum
1573 935 1748 969 hominem
1779 936 1978 978 hiereneus,

351 999 432 1033 vino
450 999 600 1033 maxime
619 998 724 1033 bilem
743 1002 994 1033 commovente.
1018 998 1117 1032 Nihil
1135 997 1193 1032 1116
1213 1000 1380 1037 moratus,
1398 997 1536 1042 jactare
1556 998 1774 1033 sacerdotem
1794 999 1955 1033 convitiis
1973 1012 1979 1033 2

344 1060 504 1107 jumento
524 1073 629 1107 eques
647 1061 693 1096 ad
707 1062 876 1107 parietem
896 1073 1025 1107 urgere
1044 1072 1163 1095 senem
1182 1059 1420 1109 venerabilem
1439 1072 1445 1094 :
1468 1071 1646 1105 premere:
1670 1064 1807 1095 atroces
1834 1061 1982 1096 Jesuitis

350 1123 510 1157 omnibus
528 1123 641 1158 minas
655 1123 854 1164 intendere;
877 1123 1112 1169 appetiturum
1144 1121 1277 1156 scilicet
1308 1121 1406 1156 illum
1433 1122 1531 1156 brevi
1550 1122 1654 1165 diem,
1678 1134 1745 1168 quo
1764 1123 1980 1157 Jesuitarum

348 1185 464 1231 capita
499 1186 574 1231 ipse
609 1186 754 1221 velleret
789 1197 810 1220 a
845 1185 1051 1220 cervicibus.
1079 1185 1299 1230 Deprecante
1323 1184 1580 1219 modestissime
1604 1196 1681 1219 eum
1704 1196 1725 1219 a
1758 1196 1795 1219 se
1824 1185 1979 1220 furorem

348 1248 469 1289 Patre,
497 1248 606 1283 nihilo
631 1249 781 1295 quietior
805 1248 877 1290 ille,
906 1260 996 1283 nunc
1017 1247 1164 1282 insultat
1187 1246 1395 1293 probrisque
1420 1251 1543 1281 onerat
1576 1246 1752 1288 omnibus,
1793 1259 1884 1281 nunc
1909 1247 1978 1281 dis-

346 1310 450 1345 tricto
474 1310 593 1356 gladio
615 1311 739 1357 capitis
763 1311 913 1345 intentat
936 1310 1142 1356 periculum,
1169 1308 1315 1343 infracto
1339 1308 1385 1342 ad
1418 1313 1611 1343 extremum
1644 1309 1805 1355 colapho,
1839 1310 1977 1355 jumen-

347 1376 451 1419 toque
476 1374 661 1415 concitato,
690 1374 886 1420 praecipitat
909 1373 955 1407 ad
978 1384 1114 1407 corvos,
1142 1372 1279 1406 Paucos
1305 1371 1445 1417 quidem
1470 1382 1511 1405 ca
1535 1371 1728 1416 indignitas
1753 1383 1795 1405 ex
1826 1373 1978 1418 compito

346 1435 470 1470 habuit
488 1440 717 1482 spectatores,
745 1447 874 1482 eosque
894 1435 1067 1481 plebeios:
1095 1433 1293 1468 rumoribus
1316 1438 1433 1467 tamen
1458 1434 1553 1468 illico
1574 1438 1648 1468 tota
1672 1434 1812 1468 civitate
1837 1446 1975 1479 percre-

346 1497 433 1538 buit,
460 1498 598 1532 nemine
618 1498 795 1532 enimvero
819 1498 991 1544 probante
1014 1497 1165 1532 hominis
1190 1496 1392 1535 amentiam,
1420 1507 1463 1530 ne
1487 1496 1572 1541 ipsis
1596 1495 1735 1541 quidem
1768 1496 1942 1531 haereticis
1965 1509 1972 1537 ;

346 1559 421 1594 solo
455 1560 563 1595 Patre
599 1565 789 1595 excusante
828 1559 970 1600 factum,
1010 1564 1044 1594 et
1084 1558 1325 1605 impunitatem
1366 1558 1499 1592 homini
1535 1563 1715 1603 precante,
1756 1562 1792 1592 111
1828 1559 1886 1604 qui
1911 1570 1974 1604 pro

346 1621 516 1657 beneficio
540 1623 699 1664 haberet,
725 1623 857 1668 aliquid
881 1622 946 1656 sibi
971 1621 1109 1656 nomine
1133 1620 1298 1655 catholici
1322 1620 1467 1666 ejusque
1485 1620 1628 1666 jesuitae
1652 1620 1823 1665 obtigisse
1845 1634 1853 1662 ;
1881 1621 1975 1666 quod

344 1684 476 1731 alioqui
499 1686 573 1720 viro
596 1690 667 1720 tam
686 1685 847 1725 honesto,
875 1685 976 1731 eique
999 1683 1207 1724 immerenti,
1229 1682 1347 1728 gravis
1373 1682 1547 1716 diceretur
1575 1682 1799 1717 contumelia.
1839 1683 1975 1718 Rumor

342 1747 372 1781 is
395 1750 524 1793 praeter
546 1747 635 1782 alios
659 1747 889 1782 Valerianum
913 1747 1114 1792 episcopum
1134 1745 1319 1779 commovit
1343 1744 1580 1779 vehementer.
1609 1744 1759 1790 Indigne
1783 1744 1862 1779 tulit
1882 1745 1972 1780 idem

342 1809 519 1855 palatinus
552 1810 658 1845 etiam
693 1809 887 1849 Vilnensis,
915 1809 949 1842 in
987 1809 1085 1854 cujus
1117 1811 1193 1842 erat
1228 1806 1398 1841 famulatu
1430 1818 1627 1852 percussor.
1662 1806 1911 1841 Vindicaturos
1935 1819 1972 1842 se

343 1872 484 1906 omnino
507 1872 716 1907 maleficium
738 1876 884 1918 uterque
907 1870 1067 1917 polliciti.
1094 1869 1329 1905 Conturbatos
1349 1868 1471 1903 eadem
1498 1868 1650 1903 hominis
1674 1870 1829 1903 amentia
1861 1870 1971 1904 tenuit

342 1933 553 1976 haereticos;
592 1935 722 1970 veritos
757 1935 920 1974 maxime,
949 1945 992 1967 ne
1017 1932 1082 1978 ipsi
1107 1936 1284 1966 auctorem
1316 1931 1480 1965 facinoris
1512 1930 1725 1965 subornasse
1753 1931 1965 1967 viderentur.

341 1995 580 2031 Anteveniunt
615 2001 802 2043 propterea
826 1995 1008 2043 judicium,
1049 1994 1256 2040 culpamque
1292 2004 1429 2027 0111116111
1465 2004 1486 2026 a
1522 2004 1559 2027 se
1591 1998 1766 2028 avertunt.
1795 1994 1969 2028 Postridie

342 2058 413 2093 adit
444 2059 586 2094 Patrem
617 2071 697 2094 reus
729 2071 807 2093 cum
829 2058 919 2093 lecto
944 2070 987 2092 ex
1013 2057 1095 2092 aula
1126 2056 1275 2102 palatini
1295 2054 1471 2096 sodalitio,
1507 2059 1540 2089 et
1572 2055 1703 2101 aliquot
1728 2055 1882 2090 indidem
1914 2055 1969 2090 vel

341 2119 482 2155 aliunde
505 2121 661 2155 invitatis
697 2120 996 2167 deprecatoribus,
1024 2119 1223 2153 hominibus
1243 2117 1437 2155 catholicis,
1460 2117 1665 2151 ebrietatem
1685 2122 1837 2157 excusat,
1851 2117 1968 2152 delicti

340 2183 478 2218 veniam
515 2188 592 2218 orat
626 2184 841 2230 suppliciter.
870 2183 1009 2228 Skarga
1033 2182 1209 2216 hominem
1234 2180 1391 2227 perinde,
1415 2191 1455 2213 ac
1479 2180 1507 2214 si
1534 2192 1601 2214 non
1630 2181 1722 2215 malo
1760 2180 1822 2215 sed
1858 2181 1967 2215 hono-

340 2244 437 2280 ribus
468 2249 639 2280 mactatus
667 2250 772 2286 esset,
798 2246 951 2291 benigne
984 2245 1123 2291 accipit,
1150 2248 1335 2289 monetque
1358 2255 1363 2276 :
1390 2257 1405 2270 a
1435 2253 1472 2276 se
1504 2242 1642 2287 quidem
1667 2243 1815 2288 gratiam
1840 2243 1964 2288 culpae,

344 2322 360 2335 u
383 2318 486 2353 quam
507 2307 556 2342 ita
579 2308 653 2353 ipse
672 2320 749 2342 cum
768 2307 948 2342 sodalibus
973 2307 1045 2341 suis
1066 2310 1206 2341 vocaret
1232 2304 1412 2344 Albertus,
1440 2304 1591 2338 libenter
1622 2303 1758 2339 facere:
1794 2305 1823 2338 si
1850 2310 1964 2339 tamen

343 2383 359 2397 κ
381 2368 484 2415 culpa
508 2373 542 2404 et
563 2380 688 2404 revera
708 2369 827 2415 gravis
852 2369 911 2404 illa
942 2368 1083 2415 populo,
1110 2368 1259 2402 maxime
1283 2366 1469 2407 catholico,
1506 2369 1598 2400 esset
1631 2366 1777 2400 offensio
1797 2379 1804 2407 ;
1832 2366 1965 2401 videret

343 2446 358 2460 κ
381 2431 534 2478 prudens
553 2432 771 2477 deprecator,
794 2432 852 2477 qui
867 2431 1015 2477 exempli
1035 2431 1163 2465 factum
1183 2434 1250 2464 no‘n
1271 2429 1389 2475 optimi
1423 2429 1628 2474 corrigeret,
1656 2428 1849 2474 quibusque
1874 2429 1964 2463 idem

345 2510 361 2524 α
383 2494 462 2529 aliis
481 2494 562 2529 inde
585 2493 740 2530 melioris
759 2494 863 2528 famae
882 2494 1100 2529 documentis
1124 2492 1292 2528 aboleret.
1324 2509 1338 2522 η
1367 2491 1417 2525 Ea
1433 2492 1496 2525 riri
1527 2491 1573 2525 ad
1598 2490 1849 2537 ignoscendum
1880 2491 1963 2525 saci-
