2184 2953
658 312 763 340 LlssER
787 312 924 340 SEXTUS
947 312 1158 348 (1610-1620).
1665 309 1724 340 233

112 418 127 432 κ
149 404 283 443 bovem,
322 406 490 448 perpetuo
528 402 648 437 labore
693 403 930 448 proficientem
977 403 1075 444 nihil,
1117 403 1313 438 delassavit.
1362 402 1485 437 Callidi
1525 403 1637 448 pisces
1680 412 1721 434 ac

111 464 270 498 “lubrici
306 464 438 498 evitant
472 464 559 498 retia
592 469 666 503 tna,
705 476 808 510 seque
844 466 921 511 capi
953 477 1021 499 non
1054 465 1181 500 sinunt.
1215 466 1348 504 Querar
1382 464 1438 498 hie
1472 468 1607 509 oportet
1643 475 1718 497 cum

111 544 126 559 α
148 529 288 563 Michea
320 529 497 575 Propheta
527 532 592 564 etc.
626 546 640 559 „

155 591 312 627 Alterum
354 591 528 631 volumen,
570 591 672 638 idque
720 592 902 637 grandius,
954 591 1158 626 concionum
1207 587 1562 623 extraordinariarum
1611 588 1717 621 Petro

107 652 280 699 Tylickio,
315 652 593 687 Cracoviensium
623 654 798 699 episcopo,
830 653 1085 688 Severiensium
1117 651 1208 690 duci,
1244 649 1429 694 inscripsit.
1462 648 1552 682 Illud
1584 659 1717 693 quoque

108 715 276 749 doetrinae
306 719 339 749 et
367 715 606 750 sanctimonia}
637 720 670 750 et
689 716 793 750 studii
812 716 1018 761 praeclarum
1048 716 1320 748 monumentum.
1350 712 1537 757 Nunquam
1570 711 1626 746 ille
1651 722 1718 745 non

108 777 195 811 bene
224 776 426 811 meditatam
454 777 659 816 orationem,
693 781 753 811 aut
797 789 863 811 non
900 777 1018 811 multis
1052 774 1211 821 precibus
1244 774 1318 808 Deo
1354 772 1641 813 commendatam,
1676 773 1719 806 ad

109 838 310 873 concionem
343 838 470 873 attulit.
507 840 626 884 Itaque
661 839 792 874 nullam
824 840 895 874 fere
928 838 1060 877 habuit,
1098 849 1140 872 ex
1169 847 1236 881 qua
1267 847 1335 870 non
1367 835 1516 881 aliquem
1548 835 1720 881 insignem

108 898 256 933 fructum
288 900 418 934 laboris
445 900 639 945 perceperit
668 900 713 944 ξι).
742 901 916 938 Quantum
943 911 964 934 a
992 897 1250 934 concionatorio
1286 909 1428 932 munere
1455 901 1488 932 et
1518 896 1719 943 apostolicis

108 960 285 995 laboribus
317 961 396 995 aliis
431 961 492 995 otii
528 965 720 1006 supererat,
753 961 930 1006 scriptioni
964 961 1131 995 librorum
1168 958 1308 1004 perutili
1336 958 1451 992 dabat.
1488 959 1564 992 Duo
1591 958 1713 998 latina,

108 1022 255 1057 alterum
277 1022 318 1056 de
350 1022 573 1056 Sacramento
606 1023 860 1063 Eucharistico‚
881 1023 923 1057 de
950 1022 1149 1068 imposturis
1182 1020 1450 1055 Calvinistarum
1482 1021 1643 1061 alterum,
1670 1020 1718 1054 vi-

108 1085 194 1130 ginti
225 1084 374 1130 amplius
405 1085 519 1130 patria
549 1084 671 1129 lingua
701 1084 871 1130 praeclara
903 1084 938 1117 in
968 1084 1079 1118 lucem
1120 1083 1234 1117 emisit
1278 1094 1395 1128 opera,
1426 1082 1525 1116 firma
1552 1082 1717 1116 adversus

106 1146 246 1181 fraudes
265 1146 449 1180 haereticas
477 1146 656 1180 catholicis
684 1146 862 1192 praesidia.
886 1146 1018 1184 Quibus
1038 1145 1280 1192 expugnandis
1308 1146 1388 1191 quia
1410 1146 1583 1191 principes
1607 1146 1718 1180 haere-

107 1208 253 1242 ticorum
271 1219 348 1242 cum
373 1208 445 1242 suis
469 1208 636 1242 ministris
663 1213 779 1243 essent
806 1209 967 1254 impares,
992 1208 1176 1242 undeunde
1208 1208 1334 1253 corripi
1363 1211 1537 1253 poterant,
1560 1208 1594 1241 in
1615 1218 1719 1253 rogos

107 1269 344 1304 conferebant.
380 1269 463 1303 Cum
484 1269 637 1309 Arianis,
662 1270 884 1309 Lutheranis,
920 1269 1221 1307 Sacramentariis‚
1261 1269 1470 1309 Calvinistis‚
1501 1281 1578 1303 cum
1605 1268 1718 1314 impiis

106 1331 311 1366 mortalibus
330 1335 498 1377 perpetua
519 1331 568 1364 illi
596 1343 657 1377 pro
683 1331 852 1377 religione
881 1335 914 1366 et
939 1332 1067 1377 pietate
1096 1331 1282 1366 dimicatio.
1306 1331 1395 1369 Quid
1419 1332 1530 1377 egerit
1557 1343 1596 1365 ac
1616 1332 1717 1365 susti-

107 1393 220 1428 nuerit
238 1396 420 1439 praeterea,
443 1392 560 1438 aliqua
574 1393 647 1439 jam
666 1394 897 1434 narravimus,
921 1393 1022 1438 plura
1044 1392 1128 1426 alibi
1155 1393 1267 1438 legas.
1296 1392 1347 1426 Ex
1366 1393 1442 1438 ipsa
1471 1392 1619 1438 denique
1638 1404 1718 1427 con-

108 1457 244 1491 cionum
268 1467 408 1489 suarum
439 1456 708 1501 nuncupatione,
730 1456 785 1490 hic
815 1456 969 1496 recitata,
999 1455 1179 1500 intelligis,
1211 1455 1268 1499 qui
1297 1454 1401 1488 fuerit
1423 1454 1491 1494 hic,
1514 1465 1615 1500 quam
1648 1458 1718 1488 stu-

107 1517 224 1552 diosus
252 1516 379 1550 (livinae
398 1516 534 1562 gloriae,
557 1528 659 1562 quam
679 1517 815 1562 integer
833 1516 945 1550 cultor
963 1516 1130 1550 veritatis.
1153 1515 1275 1550 Multis
1301 1515 1482 1560 praeclare,
1502 1516 1588 1551 duos
1616 1528 1719 1563 supra

109 1578 251 1624 triginta
281 1590 391 1612 annos
421 1579 456 1612 in
485 1591 628 1614 munere
660 1579 925 1619 concionatoris,
961 1582 1063 1624 atque
1087 1578 1171 1612 alias
1202 1577 1330 1623 gestis3
1361 1579 1498 1623 quando
1527 1579 1602 1624 jam
1634 1583 1718 1614 aetas

108 1640 274 1687 grandior
291 1639 469 1674 laboribus
493 1644 567 1674 erat
586 1641 715 1686 impar,
732 1640 930 1674 missionem
950 1640 1110 1685 denique,
1129 1650 1223 1684 aegre
1243 1638 1379 1684 quidem
1405 1639 1512 1679 illam,
1535 1644 1718 1676 recusante

108 1701 166 1735 diu
194 1712 288 1746 rege,
327 1700 487 1736 obtinuit.
522 1702 598 1736 Hac
626 1703 823 1748 impetrata,
854 1702 928 1747 ipso
967 1701 1150 1735 Paschatis
1175 1701 1243 1739 die,
1274 1700 1416 1734 multam
1446 1702 1533 1747 regi,
1564 1704 1714 1743 senatui,

108 1765 141 1796 et
169 1762 296 1808 populo
315 1763 475 1801 salutem,
499 1775 565 1797 non
596 1763 669 1798 sine
689 1763 853 1810 lacrymis
880 1767 914 1798 et
941 1762 1071 1808 gemitu
1102 1762 1312 1802 auditorum,
1334 1761 1418 1796 dixit
1444 1762 1639 1798 Varsaviae.
1668 1765 1719 1798 Ea

108 1825 289 1870 expeditus
309 1838 406 1865 cura,
435 1826 566 1861 lzetitiis
592 1839 698 1862 senex
725 1827 889 1861 incedens
916 1826 1086 1865 omnibus,
1109 1824 1311 1858 Cracoviam
1338 1823 1382 1857 ad
1414 1824 1515 1859 beata
1546 1826 1719 1872 religiosae

108 1887 304 1922 solitudinis
336 1888 406 1921 otia
431 1888 628 1929 festinavit;
664 1889 816 1934 prudens
848 1888 1007 1922 videlieet
1039 1887 1232 1932 sciensque,
1263 1897 1460 1931 supremum
1481 1888 1555 1933 jam
1583 1892 1717 1935 tempus

107 1950 187 1984 vitae
205 1954 366 1996 appetere
384 1963 390 1984 ;
409 1951 498 1995 quod
515 1951 579 1985 sibi
599 1963 680 1985 suus
700 1951 780 1985 olim
801 1951 935 1995 coll‹1›ga
962 1949 1184 1983 charissimus
1204 1949 1400 1983 Stanislaus
1422 1950 1714 1993 Varszexvickius,

108 2011 208 2046 annis
234 2011 360 2045 abhinc
388 2012 506 2046 decem
533 2013 802 2058 praenuntiasset
833 2012 880 2057 (2)
905 2012 971 2045 Hic
996 2011 1066 2051 ille,
1095 2011 1158 2045 sibi
1186 2011 1378 2051 restitutus,
1401 2010 1604 2053 subducere,
1626 2015 1715 2059 quod

109 2073 152 2107 ait
171 2073 269 2114 Cato,
295 2085 432 2107 sursum
461 2074 610 2109 animam
634 2087 639 2108 ;
662 2074 743 2108 vitae
763 2086 835 2108 suaf*
864 2074 1016 2108 rationes
1040 2085 1059 2107 a
1079 2084 1115 2106 se
1142 2072 1215 2117 ipse
1242 2083 1437 2117 reposcere,
1460 2077 1493 2107 et
1519 2073 1564 2108 ad
1591 2076 1717 2111 verita-

108 2137 175 2168 tem
204 2146 394 2169 revocare:
426 2135 481 2169 hic
511 2135 554 2169 ad
581 2136 700 2170 mortis
728 2136 885 2170 nuntium
912 2140 1068 2170 arrectus
1095 2135 1254 2181 vigilare.
1282 2136 1391 2170 Vetus
1422 2136 1471 2170 illi
1504 2141 1716 2175 consuetudo

109 2196 195 2233 erat,
218 2194 472 2229 contentionem
490 2195 609 2236 animi,
632 2206 734 2240 quam
754 2198 789 2231 in
817 2198 887 2231 suis
911 2198 1093 2232 adhiberet
1132 2198 1307 2244 operibus,
1329 2198 1533 2244 interposito
1566 2202 1715 2236 manuali

108 2253 224 2289 labore
242 2255 358 2300 aliquo
382 2259 588 2302 temperare.
614 2257 675 2291 Ille
697 2271 786 2292 nunc
806 2260 915 2293 Sociis
933 2260 1105 2301 lucernas,
1127 2264 1372 2299 atramentum,
1394 2260 1554 2295 librarias
1575 2262 1713 2304 fibulas,

111 2316 311 2362 scriptorias
338 2318 457 2353 thecas
482 2330 604 2364 parare
627 2332 632 2353 :
655 2320 736 2364 quin
764 2321 907 2356 linteola
929 2322 1033 2356 etiam
1058 2326 1092 2356 et
1119 2321 1255 2355 indusia
1282 2333 1461 2357 consuere.
1486 2323 1611 2358 Paucis
1638 2330 1718 2360 ante

111 2377 240 2412 obitum
259 2379 382 2414 diebus
411 2380 523 2414 album
542 2381 613 2415 suis
640 2382 714 2427 ipse
743 2384 901 2417 manibus
920 2383 1081 2418 conflarit
1108 2395 1258 2421 cereum,
1284 2383 1464 2430 beataeque
1482 2385 1632 2430 Virgini,
1653 2399 1715 2421 suo

110 2437 260 2480 clientis,
290 2440 355 2475 hoc
386 2453 476 2475 anno
508 2443 678 2483 morituri,
704 2444 855 2486 nomine,
887 2445 1166 2479 Czenstochoviae
1191 2444 1236 2478 ad
1266 2445 1450 2490 imaginem
1482 2446 1592 2487 Divw,
1624 2448 1719 2482 miris

151 2505 194 2545 (1)
212 2507 311 2536 Libros
326 2510 406 2543 liujus
422 2512 543 2538 auctoris
558 2512 617 2539 vide
633 2513 659 2539 in
677 2513 793 2541 elencho
808 2517 904 2541 nostro
923 2514 1107 2548 Scriptorum.
1123 2530 1158 2532 —
1177 2513 1215 2549 (⁰2)
1240 2513 1300 2541 Visl.
1319 2514 1378 2543 Lib.
1396 2514 1439 2551 IV,
1457 2524 1531 2544 num.
1552 2517 1579 2543 2.

1562 2568 1593 2595 30

1747 413 1810 439 1612

1748 451 1871 483 Queritur

1746 492 1848 520 labores

1745 537 1804 556 suos
1815 531 1886 557 mali-

1743 568 1782 594 tia
1801 569 1863 596 alio-

1744 618 1800 636 rum
1827 611 1889 637 fuis-

1743 659 1770 676 se
1780 652 1888 678 steriles

1812 1213 1826 1237 9

1745 1252 1810 1279 Cum
1822 1252 1875 1279 hae-

1746 1292 1835 1317 retieis
1846 1300 1890 1325 pro

1745 1330 1869 1363 religione

1743 1371 1855 1402 pugnat.

1745 2158 1785 2183 Ad
1801 2165 1866 2183 mor-

1744 2199 1797 2223 tem
1831 2204 1857 2222 se

1745 2236 1880 2269 praeparat.

1743 2332 1809 2365 Ejus
1819 2331 1865 2356 hu-

1743 2372 1853 2397 militas.
