2184 2953
626 295 744 323 LIBER
767 293 933 328 QUARTUS
956 290 1167 327 (1590-1600).
1683 281 1741 312 193

126 385 275 431 exempti
295 388 378 419 sunt
397 385 501 430 inque
530 395 654 430 rogum
681 385 828 430 conjecti
843 397 849 425 ;
866 394 933 429 quo
960 382 1051 415 facto
1083 379 1355 413 admonerentur
1370 377 1474 417 cives,
1497 388 1564 410 non
1597 374 1739 408 cuilibet

128 447 297 494 quidlibet
333 445 475 491 legendi
490 457 566 480 esse
584 445 781 487 licentiam;
811 446 927 491 itaque
946 443 1061 478 Vilnae
1091 441 1239 476 officinae
1258 439 1413 473 librariae
1432 442 1466 472 et
1480 436 1676 471 conditoria
1695 435 1738 468 ab

127 511 297 547 haeretica
323 516 421 556 peste
449 521 614 555 magnam
641 515 721 544 sunt
739 514 874 556 partem
893 508 1098 553 depurgata.
1131 505 1343 539 Societatem
1365 503 1452 537 Jesu
1483 502 1532 535 sic
1550 498 1740 538 adamavit,

127 578 164 609 ut
190 573 348 619 cooptari
384 573 419 606 in
452 584 530 606 eam
562 573 731 618 cupierit;
752 573 855 618 idque
882 569 1067 615 aliquoties
1087 567 1323 613 Praepositum
1341 564 1526 600 Societatis
1542 561 1743 608 generalem

127 635 290 670 oraverit.
318 635 393 672 Quo
413 634 527 668 minus
547 635 621 679 ejus
641 634 711 668 voti
726 645 866 679 compos
893 632 1006 672 fieret,
1036 629 1144 676 ipsius
1171 628 1275 662 etiam
1295 625 1419 666 summi
1439 624 1631 665 Pontificis,
1651 621 1743 656 utili-

125 702 231 733 tatem
265 697 431 743 majorem
451 697 630 737 Ecclesiae,
662 697 690 730 si
727 696 899 741 Georgius
938 693 1074 740 publico
1110 702 1253 725 munere
1288 689 1508 734 fungeretur,
1546 685 1738 732 spectantis

128 759 345 800 intercessit;
377 758 504 792 oblatis
541 770 602 803 per
630 758 901 803 Bolognettum,
935 755 1096 790 nuntium
1126 754 1161 787 in
1198 751 1347 787 Polonia
1378 762 1492 789 suum,
1514 747 1741 783 Vilnensibus

129 821 282 866 Georgio
302 821 420 854 infulis
438 832 531 854 anno
555 820 659 855 1583.

176 883 247 918 Sub
266 883 356 918 idem
376 886 511 928 tempus
530 894 591 917 rex
621 882 820 927 Stephanus
839 879 988 915 eundem
1008 877 1164 913 Livoniae
1195 876 1466 922 gubernatorem
1486 874 1655 920 praefecit,
1677 885 1743 919 quo

128 944 162 979 in
181 944 328 979 consilio
352 944 513 990 princeps
531 943 705 977 fortunam
733 943 904 977 Livonum
933 940 1095 975 habuisse
1115 939 1232 978 visus;
1263 949 1343 972 nain
1361 949 1438 970 cuni
1458 936 1655 982 perduelles
1670 936 1743 981 qui-

128 1007 207 1041 dam
230 1010 409 1052 compacto
429 1005 671 1050 communique
696 1004 818 1039 fraude
837 1016 858 1039 a
881 1015 964 1049 rege
982 1003 1161 1036 Danorum
1182 1000 1384 1035 servitutem
1403 998 1582 1032 civitatum
1602 1009 1743 1031 suarum

128 1073 381 1108 mercarentur,
400 1067 460 1101 ille
474 1066 692 1112 proditorum
728 1066 908 1111 occupavit
931 1064 1131 1110 perfidiam;
1161 1062 1291 1107 aliquot
1322 1059 1464 1094 munitis
1493 1059 1641 1105 oppidis,
1664 1062 1745 1093 ante

127 1130 197 1165 alia
218 1131 401 1170 Gareusso,
421 1129 599 1167 Ermesso,
630 1129 796 1174 Ruijeuo,
819 1128 1010 1167 Helmetto,
1032 1125 1233 1170 interceptis
1256 1136 1262 1158 ι
1284 1123 1371 1157 fusis
1385 1122 1467 1156 item
1481 1121 1745 1167 profligatisque

129 1192 313 1237 aliquoties
332 1191 564 1237 perduellium
583 1190 709 1236 copiis;
728 1202 811 1224 usus
826 1189 871 1223 ad
893 1188 1187 1234 comprimendam
1206 1185 1452 1220 rebellantium
1471 1184 1654 1218 audaciam
1673 1184 1746 1216 vir—

129 1258 201 1289 tute
215 1258 249 1289 et
263 1254 370 1288 armis
386 1253 553 1288 Stanislai
568 1251 852 1291 PenkoslavsliiL
866 1250 1020 1297 praefecti
1034 1248 1377 1293 Marienbm‘gensis,
1396 1247 1571 1292 copiarum
1591 1245 1746 1280 ductoris

128 1316 319 1362 regiarum.
349 1315 426 1349 Hoc
444 1314 607 1360 praeside,
630 1314 754 1360 religio
768 1314 843 1359 jam
861 1313 919 1347 diu
938 1324 999 1358 per
1017 1312 1170 1345 haereses
1188 1310 1389 1356 profligata,
1409 1308 1614 1354 justitiaque
1633 1307 1746 1342 adhuc

129 1378 220 1413 male
237 1378 327 1412 inter
346 1378 439 1411 cives
459 1377 591 1417 habita,
614 1376 895 1417 convalescebat,
922 1375 1038 1409 onmia
1056 1374 1245 1409 clementer
1266 1372 1509 1418 sapienterque
1529 1370 1741 1405 moderante.

130 1439 267 1474 Placuit
290 1442 475 1484 propterea
511 1438 589 1484 regi
620 1438 820 1484 Stepha110;
848 1448 915 1483 quo
944 1448 1028 1481 ergo
1066 1435 1219 1481 dignitas
1253 1433 1398 1478 Georgii
1421 1433 1576 1468 ornatior
1603 1436 1694 1467 esset
1712 1435 1746 1465 et

130 1501 348 1546 conspectior
366 1528 373 1540 ,
404 1511 584 1534 romanam
615 1499 696 1534 huic
723 1511 744 1534 a
780 1499 953 1545 Gregorio
980 1498 1070 1533 XIII
1101 1507 1290 1543 purpuram
1312 1496 1523 1541 impetravit.
1559 1495 1598 1528 Id
1630 1505 1747 1528 mune-

131 1563 178 1597 ris
214 1574 276 1597 rex
291 1562 457 1607 GeorgiO,
479 1563 554 1607 ejus
582 1562 719 1596 consilii
746 1561 888 1596 minime
917 1561 1068 1600 conscio,
1103 1559 1218 1593 Vilnae
1244 1559 1280 1592 in
1315 1558 1443 1604 templo
1479 1557 1549 1592 divi
1581 1555 1746 1591 Stanislai

131 1636 286 1671 praesens
313 1624 377 1658 rite
405 1623 542 1658 obtulit.

176 1688 306 1721 Octavo
325 1691 404 1732 post
421 1697 514 1720 anno
537 1685 753 1731 Sigismundi
781 1685 832 1718 III
853 1683 965 1718 studio
985 1695 1005 1717 a
1020 1681 1249 1717 Vilnensibus
1277 1680 1322 1715 ad
1341 1679 1589 1715 Cracovienses
1618 1677 1745 1711 infulas

130 1752 307 1795 promotus
336 1751 400 1782 est.
424 1747 512 1781 Eum
532 1747 690 1781 Clemens
708 1746 795 1779 VIII
824 1757 924 1780 suum
955 1744 1086 1779 creavit
1113 1743 1280 1788 legatum,
1311 1742 1370 1787 qui
1399 1739 1601 1774 conciliaret
1627 1750 1747 1784 paceni

132 1811 223 1845 inter
243 1810 419 1845 Caesarem
437 1809 662 1855 Rudolphum
682 1812 716 1842 et
738 1819 857 1853 regem
882 1807 1039 1842 Poloniae
1059 1805 1344 1851 Sigismundum;
1366 1804 1400 1837 id
1420 1803 1511 1849 quod
1526 1802 1583 1836 ille
1600 1801 1747 1836 confecit

133 1877 202 1907 tam
224 1872 383 1912 feliciter,
414 1877 451 1906 ut
470 1872 555 1906 istas
580 1876 710 1917 partes,
744 1870 859 1904 adhuc
878 1870 969 1903 inter
988 1880 1025 1903 se
1044 1868 1267 1907 dissidentes,
1295 1865 1463 1900 affinitate
1487 1865 1590 1899 etiam
1605 1865 1748 1910 conjun-

131 1934 232 1976 xerit,
256 1935 404 1969 deducta
424 1934 627 1969 Cracoviam
643 1944 685 1967 ex
703 1932 846 1967 Austria
860 1931 1012 1965 Romani
1040 1929 1264 1975 Imperatoris
1280 1928 1364 1968 filia,
1386 1927 1502 1966 Anna,
1520 1938 1581 1972 per
1602 1927 1747 1961 eandem

1769 380 1831 407 1600

132 1995 348 2041 legationem
367 1996 591 2041 Sigismundo
607 1995 791 2040 desponsa.
816 1994 971 2028 Duorum
987 1992 1115 2026 elector
1134 1991 1374 2025 Romanorum
1399 1988 1620 2029 Pontificum,
1647 1989 1747 2023 Inno-
1774 2032 1777 2035 .

133 2058 238 2092 centii
265 2058 317 2092 IX
348 2057 436 2091 alias
465 2057 653 2092 Clementis
681 2057 780 2097 VIII,
803 2055 912 2090 sacris
931 2053 1160 2088 cardinalium
1193 2051 1342 2087 comitiis
1374 2051 1555 2091 interfuit;
1581 2050 1663 2096 quin
1682 2051 1746 2096 ipsi

134 2119 235 2154 etiam
254 2119 447 2165 complures
466 2120 501 2153 in
521 2131 561 2154 eo
581 2118 729 2163 collegio
757 2118 801 2151 ad
832 2116 1069 2162 pontificatum
1096 2115 1282 2160 suffragati
1315 2118 1395 2148 sunt
1417 2113 1532 2148 :inter
1559 2124 1618 2148 eos
1647 2112 1747 2147 divus

134 2180 278 2216 Carolus
311 2182 534 2216 Borromaeus
562 2180 725 2226 dignitati
759 2179 902 2224 Georgii
930 2178 1069 2212 favebat
1104 2176 1268 2217 inirifice3
1300 2176 1398 2221 cujus
1430 2175 1480 2210 rei
1510 2175 1746 2210 testimonium

133 2242 236 2278 etiam
255 2244 290 2278 in
308 2244 379 2278 suis
396 2243 535 2288 reliquit
554 2242 711 2288 epistolis
725 2244 773 2287 (Ι).
798 2240 962 2276 Dilaudat
973 2240 1121 2274 eundem
1139 2237 1327 2273 cardinalis
1343 2238 1525 2272 Sarnanus
1540 2251 1547 2278 ;
1570 2242 1606 2272 ut
1621 2237 1747 2272 multos

135 2304 222 2339 alios
241 2305 344 2351 hujus
362 2305 540 2351 principis,
568 2304 741 2350 principes
760 2303 865 2342 viros,
887 2301 1087 2336 laudatores
1102 2292 1323 2346 praeteream,
1342 2300 1530 2335 Enimvero
1549 2304 1637 2339 erat,
1660 2299 1750 2345 quod

135 2366 171 2401 in
201 2367 354 2413 Georgio
383 2371 538 2401 amarent
558 2377 678 2401 omnes
696 2365 779 2400 boni
798 2365 1051 2409 laudarentque
1086 2375 1092 2397 z
1124 2363 1288 2409 pietatem
1312 2363 1459 2397 maxime
1483 2374 1569 2408 erga
1589 2362 1700 2397 Deum
1720 2366 1752 2395 et

135 2429 297 2474 patriam,
317 2429 395 2463 vitae
414 2428 661 2474 integritatem,
693 2435 727 2462 et
754 2427 1024 2461 munificentiam
1044 2426 1079 2460 in
1097 2425 1226 2460 bonum
1248 2436 1428 2459 commune
1447 2424 1636 2470 profusam.
1657 2424 1749 2461 Quo-

175 2499 213 2534 (1)
237 2498 324 2534 Epist.
341 2499 390 2526 ⁶29.
407 2498 480 2526 Edit.
499 2498 664 2533 Antverpiae,
679 2505 723 2525 an.
744 2496 827 2524 1623.

1570 2557 1600 2582 25
