2184 2953
270 388 333 415 1632

340 431 354 456 G

271 469 411 496 Pestilenti

271 510 385 542 tempore

270 548 366 574 novitii

273 587 353 613 Vilna

273 626 406 653 subducti.

274 685 360 711 Aucta
381 692 419 710 res

273 726 420 752 domestica.

273 878 303 904 P.
327 836 419 903 11711110-

270 920 337 964 wicii
355 919 406 946 elo·

271 967 355 993 glum.

273 1808 420 1842 Sigismun-

273 1847 300 1873 di
331 1847 369 1874 [ΙΙ
391 1850 419 1873 et

275 1886 387 1913 Gustavi

270 1926 408 1952 Suecorum

274 1967 402 2001 principis

275 2006 372 2033 obitus.

276 2101 327 2127 Res
338 2109 389 2126 suae

277 2140 340 2167 belli
362 2148 405 2173 ge-

276 2182 323 2206 stae
353 2182 380 2205 et

275 2219 355 2246 domi.

446 293 507 324 304
816 295 1090 324 LITUANICARUM
1115 294 1324 324 SOCIETATIS
1347 296 1431 325 JESU
1456 296 1706 326 HlSTofflAluul

448 385 579 427 nensis,
615 386 688 421 sive
715 386 920 427 Blonskius‚
951 398 1032 421 suos
1064 387 1100 420 in
1126 386 1310 432 praedium,
1345 398 1366 419 a
1397 386 1572 422 Pelicanis
1592 387 1736 428 dictum,
1767 388 1801 422 in
1833 389 2076 425 Braclaviensi

448 447 628 493 provincia
660 447 775 489 situm,
798 449 862 483 hoc
893 449 969 495 ipso
989 460 1080 483 anno
1100 459 1121 482 a
1141 448 1282 482 Simone
1302 448 1451 488 Maffon,
1474 454 1507 484 et
1533 450 1608 495 ipso
1639 457 1713 483 tum
1740 450 1884 491 novitio,
1908 451 2075 486 donatum

448 508 527 542 huic
547 508 677 549 domui,
699 509 886 544 declinavit
901 523 907 552 ;
925 510 1106 555 tenuitque
1130 510 1196 544 hoc
1214 509 1289 544 1000
1314 522 1452 545 menses
1471 524 1607 553 novem,
1635 513 1716 546 dum
1735 513 1868 547 civitati
1888 513 2075 549 salubritas

448 571 621 606 rediisset.
653 572 726 606 Res
758 572 901 607 istorum
934 572 1126 607 domestica
1149 573 1276 612 tenuis,
1297 573 1362 608 hoc
1387 579 1421 608 et
1452 573 1716 619 insequentibus
1735 574 1838 608 annis
1861 579 1964 609 aucta
1991 575 2074 609 insi—

448 633 574 679 gniter.
595 634 818 668 Vindicatum
838 646 879 668 ex
908 634 1027 680 iniqua
1053 635 1276 680 possessione
1295 635 1465 681 praedium
1484 636 1695 670 Condzinum
1713 648 1719 669 1
1743 635 1925 670 collectum
1945 648 1966 670 a
1985 648 2074 682 pree-

448 696 522 731 side
540 697 747 743 provinciali
778 698 927 732 Nicolao
954 698 1130 738 Lancicio,
1152 698 1386 744 collatumque
1404 699 1439 733 in
1463 699 1707 733 bibliothecam
1734 699 2017 744 comparandam,
2039 700 2073 733 in

449 760 758 806 superstruendum
773 762 1037 807 ornandumque
1056 773 1238 796 commune
1258 762 1462 796 exercendis
1488 761 1660 795 tironibus
1680 761 1915 807 gy1111iasi11m,
1933 761 1966 795 in
1983 766 2074 796 tecta

448 823 570 868 templi
590 827 624 858 et
642 823 777 863 domus,
794 824 831 858 in
845 823 1098 870 supellectilem
1113 824 1251 870 aliaque
1266 824 1430 859 utensilia
1444 824 1630 870 peculium⁴

498 884 569 919 Sub
588 884 693 919 finem
709 885 791 919 anni
811 886 960 920 excessit
974 897 992 920 e
1008 886 1226 922 Pultoviensi
1243 887 1399 933 Collegio
1421 888 1461 921 P.
1479 887 1599 922 Simon
1618 886 1813 926 Niklevicz,
1825 886 2076 932 Leopolitanus

448 948 574 993 patria,
592 948 677 982 bene
692 947 835 982 meritus
850 947 892 982 de
907 949 1087 994 provincia
1102 949 1287 984 Lituanica
1301 963 1307 990 ;
1330 961 1434 995 quam
1449 949 1634 994 praefectus
1649 960 1670 982 a
1692 948 1783 984 1615
1798 960 1908 982 annos
1925 949 2075 994 amplius

447 1013 595 1055 quatuor
614 1010 802 1056 diligenter
832 1011 1054 1056 gubernavit.
1078 1012 1265 1051 Pultoviae,
1297 1016 1369 1046 tum
1397 1012 1629 1058 philosophiae
1661 1011 1843 1056 magister,
1877 1011 2009 1046 civitati
2042 1018 2076 1046 et

446 1072 570 1112 Sociis,
593 1073 792 1118 pestilentia
816 1073 967 1112 afflictis,
988 1073 1116 1119 insigni
1142 1074 1314 1108 charitate
1343 1074 1517 1109 deserviit.
1549 1074 1602 1107 Ex
1630 1085 1670 1108 eo
1695 1074 1889 1108 ministerio
1927 1075 2075 1109 infectus

443 1134 530 1180 ipse,
553 1135 683 1169 malum
714 1135 831 1169 divino
860 1135 1028 1170 beneficio
1062 1137 1253 1182 superavit.
1284 1136 1416 1171 Rector
1442 1136 1571 1170 ibidem
1591 1148 1612 1169 0
1635 1136 1726 1171 1608
1748 1136 1935 1170 triennium
1963 1136 2074 1171 Sociis

444 1196 584 1242 praefuit
597 1209 604 1238 ;
617 1196 698 1231 inde
717 1197 802 1232 XVI
818 1197 990 1232 kalendas
1006 1198 1152 1232 martias
1171 1198 1262 1232 1610
1278 1202 1359 1232 vota
1374 1203 1523 1244 quatuor
1538 1197 1730 1244 professus,
1745 1197 1945 1232 academico
1960 1197 2075 1232 Vilnae

445 1257 603 1304 Collegio
630 1270 741 1293 annos
768 1259 907 1293 circiter
937 1259 1092 1305 quinque
1112 1260 1292 1305 praesedit.
1316 1260 1463 1301 Eodem,
1486 1264 1715 1305 posteaquam
1745 1259 1865 1293 Socios
1891 1259 2074 1294 Varsaviae

444 1320 604 1360 rexisset,
626 1320 671 1354 ad
693 1320 971 1366 gubernaculum
998 1325 1204 1363 revocatus;
1227 1333 1356 1367 magna
1384 1321 1558 1356 industria
1585 1333 1634 1355 aes
1653 1321 1808 1355 alienum
1828 1320 1975 1366 Collegii
2004 1321 2072 1355 dis-

444 1382 559 1423 solvit,
581 1383 675 1417 aedes
693 1383 825 1423 refecit,
847 1383 1026 1429 multaque
1041 1383 1113 1417 alia
1137 1384 1210 1429 egit
1229 1384 1411 1429 przeclare.
1432 1384 1562 1418 Rector
1580 1383 1760 1418 Vilnensis
1783 1382 1931 1428 Collegii
1950 1395 2072 1418 secun-

443 1445 538 1485 dum,
572 1444 716 1479 suffecto
744 1446 779 1479 in
805 1445 919 1479 locum
948 1457 1048 1479 31111111
1067 1445 1149 1486 0110,
1173 1445 1314 1480 additus
1346 1445 1519 1480 visitatori
1548 1445 1738 1491 provinciae
1767 1445 1906 1490 Ignatio
1926 1445 2075 1480 Vivaldo

444 1507 579 1546 8001113,
622 1507 784 1542 lustravit
821 1507 992 1553 Collegia.
1034 1507 1208 1542 Pultoviae
1244 1508 1394 1554 denique
1432 1508 1468 1542 in
1509 1508 1621 1542 officio
1658 1507 1813 1553 praefecti
1851 1507 2076 1553 magistrique

442 1582 578 1604 morum
596 1574 630 1605 et
648 1570 799 1604 instituti
832 1570 990 1616 religiosi
1030 1570 1161 1616 quievit
1198 1582 1291 1605 anno
1317 1571 1431 1605 Δ(010113
1455 1583 1528 1605 suae
1560 1571 1620 1610 62,
1657 1570 1843 1605 Societatis
1876 1570 1974 1605 1111100
2012 1570 2072 1612 36,

441 1632 543 1667 101110
563 1631 641 1666 idus
660 1631 873 1667 decembres.

490 1695 647 1729 Duorum
674 1695 882 1741 principum,
906 1695 1010 1729 rebus
1030 1695 1140 1739 gestis
1161 1695 1277 1729 aetatis
1309 1706 1382 1729 suae
1409 1693 1700 1733 clarissimorum,
1726 1706 1914 1740 eorumque
1934 1698 2073 1741 patrue—

442 1755 548 1798 lium;
569 1756 821 1802 utriusquejus
841 1757 969 1791 Suetici
996 1757 1097 1802 regni
1117 1757 1373 1802 usurpantium,
1401 1756 1547 1790 Gustavi
1572 1755 1726 1802 Adolphi
1746 1756 1870 1790 Uarolo
1899 1757 1985 1791 duce
2009 1758 2076 1792 811-

444 1819 648 1860 dermanno,
671 1824 705 1853 et
723 1819 936 1864 Sigismundi
969 1819 1063 1864 regis
1083 1819 1240 1854 Poloniae
1259 1819 1324 1853 hoc
1343 1819 1482 1853 nomine
1511 1818 1616 1859 tertii,
1638 1818 1778 1854 ι10011110
1800 1819 1851 1853 ΙΙΙ
1883 1819 2076 1854 Suecorum

447 1892 544 1926 rege,
566 1880 841 1926 progenitorum,
871 1881 1013 1915 interitu
1038 1892 1151 1916 annus
1178 1881 1270 1916 1632
1297 1880 1548 1915 memorabilis.
1582 1880 1627 1914 Et
1657 1880 1841 1926 Adolphus
1873 1881 2011 1927 quidem
2038 1883 2073 1915 in

451 1943 526 1977 acie
545 1942 638 1989 apud
665 1943 874 1983 Lussenam,
893 1943 1058 1989 oppidum
1078 1943 1242 1978 Saxoniae
1268 1942 1436 1989 ignobile,
1460 1943 1640 1977 confossus
1669 1943 1784 1988 periit,
1811 1951 1932 1989 postea
1973 1956 2075 1989 quam

446 2010 519 2039 tum
538 2005 574 2039 in
593 2004 747 2040 Polonos
762 2005 978 2051 inauspicato
1006 2005 1059 2040 bis
1073 2006 1118 2039 ab
1133 2006 1222 2045 istis,
1241 2005 1327 2040 duce
1360 2005 1573 2040 exercituum
1589 2005 1768 2040 Stanislao
1785 2006 2072 2052 Koniecpolskio,

446 2067 569 2113 praelio
600 2068 725 2107 victus,
747 2067 950 2102 vulneratus
987 2072 1021 2102 et
1039 2073 1161 2113 captus
1181 2081 1186 2102 :
1209 2072 1281 2101 tum
1310 2067 1345 2101 in
1375 2068 1570 2102 Germanos
1596 2068 1735 2102 fortuna
1762 2068 1931 2102 bellorum
1964 2069 2076 2103 exitus

447 2130 607 2164 variante
626 2133 833 2175 pugnasset.
851 2130 898 2165 At
913 2130 1160 2176 Sigismundus
1177 2130 1211 2163 in
1230 2142 1291 2165 suo
1307 2129 1448 2171 lectulo,
1467 2130 1650 2165 Varsaviae
1665 2142 1728 2165 sua
1743 2131 1778 2165 in
1793 2131 1946 2170 civitate,
1965 2131 2075 2177 gestis

448 2191 596 2227 feliciter
624 2192 872 2237 confectisque,
903 2192 1112 2227 Germanico
1140 2193 1310 2227 adversus
1337 2192 1630 2233 Maximilianum,
1654 2194 1795 2228 Suetico
1814 2194 1850 2227 in
1869 2193 2017 2228 Livonia
2043 2198 2076 2228 et

447 2254 545 2295 alibi,
567 2254 797 2289 Moscovitico
817 2254 902 2289 locis
915 2254 1047 2294 multis,
1065 2255 1212 2289 Turcico
1223 2254 1315 2300 apud
1337 2254 1544 2295 Chotimum,
1563 2256 1745 2290 Tartarico
1760 2256 1856 2295 alibi,
1875 2256 1967 2290 civili
1981 2256 2072 2302 apud

450 2317 661 2357 Gussovum‚
684 2317 809 2351 bellis:
833 2321 978 2351 contusa
1010 2316 1240 2362 perduellium
1270 2317 1422 2362 partium
1454 2317 1698 2352 haereticarum
1730 2318 1902 2353 audacia:
1926 2318 2072 2352 conditis

449 2378 633 2414 Societatis
652 2379 737 2413 Jesu
753 2379 935 2413 domiciliis
960 2378 1079 2424 Rigae,
1102 2378 1259 2424 Derpati,
1282 2378 1429 2419 Vendae,
1453 2379 1564 2419 Orsae,
1586 2379 1769 2413 Varsaviae
1788 2393 1794 2414 :
1830 2380 1947 2414 multis
1969 2380 2073 2414 bene-

448 2440 611 2475 volentiae
631 2452 704 2474 suae
728 2440 962 2474 monumentis
982 2441 1093 2475 eidem
1115 2440 1238 2475 Ordini
1263 2440 1298 2473 in
1327 2440 1502 2479 Lituania,
1527 2440 1674 2475 Polonia
1715 2446 1747 2476 et
1769 2442 1893 2476 Suecia
1916 2442 2045 2476 relictis
2064 2454 2070 2475 :

450 2502 577 2548 optime
595 2501 640 2536 ad
659 2513 861 2547 supremum
879 2502 969 2536 diem
989 2507 1023 2536 et
1037 2502 1190 2536 tribunal
1210 2502 1363 2536 divinum
1385 2507 1605 2547 comparatus
1626 2516 1631 2536 :
1654 2504 1882 2538 sacramentis
1897 2504 1961 2538 rite
1981 2515 2072 2537 com-
2110 2545 2115 2551 ο
