2184 2953
505 367 583 410 An
643 348 975 409 [Heronem
1038 361 1434 406 ei-:uizvotuiu

207 597 386 632 Secundus
411 608 433 631 a
464 596 611 632 Nicolao
653 596 845 632 Orlandino
888 596 1123 631 Historiarum
1161 594 1345 629 Societatis
1377 593 1539 639 scriptor,
1574 593 1784 628 Franciscus

159 647 371 700 Sacchinuss
398 671 475 694 cum
514 659 549 693 in
579 659 756 705 proposito
792 659 857 694 sibi
889 670 993 705 opere
1039 656 1280 703 persequenda
1325 656 1462 691 videret
1503 667 1593 702 pene
1631 655 1779 696 infinita,

156 721 186 756 si
215 720 409 767 principum
437 721 542 755 etiam
570 721 813 755 munificorum
844 720 1013 766 praeclara
1041 719 1077 753 in
1104 718 1314 753 Societatem
1342 717 1465 752 merita
1483 717 1648 752 laudaret
1663 717 1781 762 singu-

154 782 281 823 lorum,
314 783 418 818 haesit
447 783 484 817 in
513 783 642 818 difficili
671 783 840 829 negotio;
875 797 889 811 α
913 782 1185 828 optatissimum,
1205 780 1329 815 deinde
1374 779 1498 825 inquit,
1540 779 1640 814 nobis
1675 783 1779 820 esset,

159 859 174 873 κ
196 844 374 891 appellare
402 845 620 891 singillatim,
652 849 686 880 et
716 845 840 879 merita
865 844 969 879 laude
998 843 1161 890 prosequi
1198 846 1249 877 tot
1275 842 1502 888 collegiorum
1533 853 1574 876 ac
1601 842 1781 876 domorum

158 921 173 936 ιι
195 907 448 941 illustrissimos
480 907 696 947 fundatores,
731 907 760 941 si
791 907 935 947 sineret,
964 918 1064 952 quam
1093 905 1293 940 necessario
1324 908 1577 944 consectamur,
1610 904 1778 939 brevitas.

156 983 171 998 ει
194 969 240 1004 Et
274 969 341 1003 erit
366 968 554 1014 aliquando
581 969 730 1003 sortasse
762 972 911 1014 tempus,
946 980 1023 1003 cum
1059 967 1239 1014 provincia
1283 967 1448 1013 quaelibet
1484 966 1668 1002 Societatis
1704 977 1782 1012 pro-

156 1045 172 1059 κ
194 1030 303 1077 priam
331 1041 371 1064 ac
402 1030 610 1076 peculiarem
654 1042 768 1065 rerum
797 1042 938 1065 suarum
975 1034 1009 1065 et
1040 1029 1294 1064 domiciliorum
1340 1028 1522 1063 historiam
1570 1028 1777 1067 conscribet,

162 1107 178 1122 a
199 1092 233 1126 id
252 1092 343 1137 quod
363 1092 541 1126 nonnullae
555 1092 627 1138 Ι13111
645 1093 887 1138 praestiterunt
908 1105 914 1126 :
936 1093 995 1127 ubi
1015 1093 1091 1127 haec
1127 1092 1244 1127 onmia
1271 1092 1345 1126 susc
1379 1103 1420 1126 ac
1448 1090 1644 1125 minutatim
1672 1101 1780 1136 expo-

163 1169 179 1183 «
202 1158 339 1195 nentur,
370 1158 404 1189 et
424 1154 515 1189 unde
541 1155 670 1200 poterit
700 1155 880 1189 emendari
919 1166 960 1189 ac
986 1154 1152 1200 suppleri,
1181 1154 1210 1188 si
1237 1153 1318 1200 quid
1353 1154 1387 1188 in
1424 1152 1640 1200 exponendis
1675 1152 1779 1187 colle-

158 1230 173 1245 α
197 1215 333 1262 giorum
374 1216 560 1257 natalibus,
599 1216 697 1257 locis,
738 1216 936 1251 nominibus
978 1216 1062 1262 ipsis
1098 1220 1252 1251 erratum
1295 1219 1370 1257 θεῖ’,
1407 1219 1445 1250 ut
1476 1215 1628 1261 proclive
1654 1214 1718 1249 fuit
1744 1214 1779 1249 in

163 1292 178 1306 α
200 1281 299 1312 tanta
340 1277 523 1323 regionum
557 1278 728 1313 varietate
766 1289 806 1313 ac
848 1278 1116 1324 longinquitate.
1156 1280 1247 1312 Illud
1282 1280 1423 1311 interim
1454 1289 1644 1320 possamus
1682 1279 1778 1320 affir-

165 1354 180 1368 ει
201 1352 313 1379 mare,
364 1342 646 1383 antiqm'ssimwn
693 1352 832 1383 semper
872 1343 981 1383 faisse
1021 1342 1193 1375 conditori
1240 1342 1432 1380 Socielatz's,
1473 1345 1509 1374 ut
1554 1344 1699 1384 gir-acum
1738 1351 1780 1374 ac

161 1416 176 1430 κ
200 1413 387 1436 memorem
418 1404 576 1436 animum
617 1414 701 1446 crya
736 1404 819 1436 bene
853 1405 895 1436 (le
926 1404 1022 1436 nobis
1057 1405 1200 1436 meritos
1218 1407 1428 1436 testaremur
1446 1401 1499 1448 (L.
1520 1413 1581 1444 xv,
1600 1414 1634 1436 n.
1655 1400 1727 1447 32).
1759 1419 1775 1434 n

203 1463 258 1498 En
284 1474 422 1497 causam
452 1463 649 1509 scriptionis
681 1468 813 1498 nostrae
848 1464 1051 1509 principem.
1086 1465 1209 1510 Neque
1242 1464 1380 1498 interim
1417 1463 1467 1498 sic
1498 1464 1621 1498 attenti
1659 1474 1777 1498 sumus

155 1525 199 1559 ad
228 1525 397 1560 beneficia
430 1525 466 1559 in
504 1536 568 1560 nos
604 1525 731 1560 collata
776 1529 810 1560 et
856 1525 1094 1560 munificorum
1131 1525 1252 1560 laudes
1285 1525 1493 1572 principum,
1539 1526 1624 1572 quin
1652 1526 1777 1572 patriae

153 1587 269 1628 etiam,
303 1586 496 1621 communis
532 1587 687 1633 parentis
721 1590 864 1628 nostrae,
899 1588 1133 1622 recordemur.
1168 1588 1282 1633 Smpe,
1319 1599 1359 1622 ac
1386 1588 1497 1634 prius,
1528 1599 1631 1633 quam
1659 1588 1777 1633 incep-

151 1652 263 1683 temus
295 1652 426 1690 nostra,
474 1649 531 1694 qui
574 1649 678 1683 fuerit
715 1649 819 1684 certis
862 1650 1126 1695 tempestatibus
1174 1649 1395 1695 Reipublicae
1439 1652 1564 1690 status,
1598 1660 1617 1683 e
1653 1649 1777 1695 patriis

150 1709 394 1744 historicorum
426 1711 658 1745 monumentis
686 1722 889 1752 narrainus;
924 1715 961 1745 ut
995 1711 1075 1745 hinc
1110 1723 1246 1757 quoque
1279 1711 1472 1757 intelligas,
1509 1722 1569 1745 cur
1598 1711 1689 1746 Socii
1717 1714 1777 1745 aut

151 1783 236 1817 pace
278 1772 478 1807 fruerentur
517 1773 759 1812 communiter,
795 1777 857 1807 aut
899 1773 1121 1818 Jactarentur
1157 1785 1234 1808 cum
1270 1773 1403 1808 civibus
1444 1773 1588 1819 pariter.
1629 1773 1775 1819 Injurias

152 1833 243 1868 inter
278 1845 330 1873 ea,
377 1834 545 1869 Ecclesiae
593 1834 775 1869 catholica}
820 1835 855 1869 in
893 1835 948 1869 his
1007 1835 1194 1880 provinciis
1244 1835 1361 1869 illatas
1410 1835 1454 1869 ab
1489 1835 1676 1874 haercticis‚
1707 1846 1776 1869 non

152 1895 340 1929 omittimus
368 1907 375 1929 ;
413 1907 524 1941 neque
554 1896 694 1931 fraudes
732 1908 825 1937 suas,
866 1897 997 1937 turbas,
1029 1896 1214 1937 maleficia,
1247 1897 1373 1937 caedes,
1412 1896 1607 1941 sacrilegia,
1642 1896 1773 1931 multo-

152 1968 227 1991 rum
248 1957 322 2003 jam
358 1962 439 1993 ante
472 1958 678 2004 pervulgata
712 1959 863 2004 scriptis,
894 1958 1111 2004 praeterimus
1152 1959 1306 1993 silentio.
1346 1959 1383 1993 Si
1422 1958 1504 2004 quid
1553 1958 1642 1993 forte
1678 1970 1774 1993 acer-

152 2018 228 2053 bius
263 2019 298 2053 in
330 2030 394 2053 sua
424 2019 554 2054 dictum
587 2020 750 2059 facinora,
777 2021 943 2066 majorum
974 2020 1007 2054 id
1034 2020 1100 2066 ipsi
1131 2032 1272 2055 suorum
1303 2020 1420 2066 utique
1444 2020 1589 2061 meritis,
1612 2017 1682 2055 non
1710 2021 1776 2055 sibi

152 2079 354 2115 innocentes
385 2081 627 2127 assignabunt.
664 2081 749 2116 Inde
775 2082 817 2117 de
854 2082 957 2117 rebus
989 2083 1146 2117 nostris:
1170 2094 1256 2128 quas
1300 2082 1335 2116 in
1366 2082 1521 2117 colonias
1553 2083 1619 2117 hoc
1647 2083 1775 2118 saeculo

151 2141 249 2176 missi
287 2142 391 2183 Socii,
430 2143 511 2189 quid
542 2143 623 2177 boni
663 2143 790 2178 malive
834 2143 969 2190 egerint
1014 2148 1074 2178 aut
1118 2144 1370 2179 toleraverint:
1410 2145 1468 2190 qui
1507 2144 1656 2191 denique
1693 2145 1776 2180 vitae

151 2203 272 2238 officiis
308 2216 386 2239 cum
420 2205 524 2240 laude
557 2209 638 2240 sunt
671 2205 838 2240 defuncti.

202 2265 334 2307 Habes,
370 2266 479 2301 lector
515 2267 695 2307 benevole,
736 2267 846 2302 libelli
874 2266 986 2301 nostri
1018 2270 1052 2301 et
1089 2278 1213 2302 causas
1245 2271 1279 2303 et
1311 2279 1494 2303 sumniam.
1528 2268 1703 2315 Quidquid
1739 2269 1776 2303 in

152 2326 217 2361 hoc
247 2327 358 2362 nostri
388 2332 440 2364 est
470 2329 585 2369 officii,
615 2341 798 2375 precamur
828 2330 879 2364 uti
918 2329 1000 2363 boni
1036 2329 1205 2370 consulas,
1237 2330 1409 2366 sermonis
1445 2331 1554 2366 nostri
1585 2331 1775 2366 clementer

155 2399 297 2424 excuses
327 2390 426 2431 vitia,
455 2394 580 2426 menda
617 2392 779 2438 denique,
818 2394 864 2426 ad
906 2394 1021 2434 ipsum
1053 2393 1135 2425 libri
1184 2394 1311 2426 calcem
1339 2395 1481 2436 reJecta‚
1512 2395 1776 2428 animadvertas

154 2453 374 2496 eorrigyenda.
