2184 2953
215 1569 272 1595 10¹1]

273 1608 280 1632 1

205 1645 335 1672 Victorem

208 1685 354 1719 Sigismun-

207 1726 269 1752 dum
282 1727 345 1753 cele<

205 1766 282 1792 biaut

205 1806 359 1839 praesentem

204 1846 354 1877 Vilnenses,

211 1884 346 1910 absentem

210 1922 308 1948 Bruns-

206 1962 352 1995 bergenses.

207 2045 253 2070 AEs
261 2052 364 2078 campa-

211 2092 274 2109 num
287 2091 365 2116 gran-

208 2125 238 2150 de
249 2125 301 2150 Rex
314 2124 357 2150 do-

207 2166 254 2190 nat
267 2163 348 2189 Sociis

207 2205 240 2230 ad
254 2206 278 2230 S.
289 2204 360 2231 Casi-

208 2244 278 2269 iniri.

215 2331 285 2357 Orsae
297 2331 361 2356 colo.

210 2370 281 2396 niam
295 2370 361 2396 Soci-

206 2418 279 2435 orum
289 2418 362 2435 suain

209 2451 282 2477 visit.

809 648 1581 681 LITUAN1OARUM

1038 785 1249 814 SOCIETATIS
1271 786 1355 814 JESU

632 899 1760 998 HISTORIARUM

879 1072 1123 1115 LIBER
1192 1068 1496 1112 SEXTUS

1089 1197 1310 1237 (icio-1620.)

1100 1306 1291 1324 &mu-

474 1560 634 1584 RECEPTO
666 1548 868 1584 Smolensco
912 1550 1067 1586 victricia
1097 1552 1305 1586 referentem
1351 1551 1454 1596 signa
1480 1551 1742 1596 Sigismundum
1772 1562 1891 1596 regem
1919 1551 2021 1585 effusi

388 1563 456 1688 Α
480 1611 618 1646 obviam
642 1622 816 1657 proceres,
839 1612 1101 1656 gratulabunda
1128 1613 1161 1646 iu
1202 1613 1311 1658 portis
1338 1613 1409 1647 suis
1438 1613 1559 1647 civitas
1581 1613 1770 1651 Vilnensis,
1793 1614 1903 1648 nostri
1924 1613 2020 1648 deni-

483 1683 548 1718 que
579 1672 770 1707 academici
801 1672 845 1706 ad
877 1677 1031 1707 ereetum
1050 1685 1070 1707 a
1089 1686 1126 1707 se
1143 1685 1262 1708 areum
1289 1674 1545 1720 triumphalem,
1569 1680 1603 1709 et
1621 1675 1789 1720 disposita
1809 1676 1853 1709 ad
1873 1687 2018 1721 conspe-

388 1739 482 1770 ctum
515 1734 665 1769 recentis
691 1734 815 1779 gloriae
842 1735 1010 1780 trophwa,
1034 1735 1247 1769 salutarunt
1278 1735 1330 1769 Ob
1362 1736 1506 1770 eandem
1542 1737 1723 1770 victoriam
1751 1737 1786 1770 in
1818 1736 1963 1771 Varmia
1999 1747 2021 1770 a

388 1797 544 1843 principe
580 1808 642 1830 suo
669 1799 701 1830 et
730 1795 898 1837 antistite,
939 1798 1080 1832 Simone
1112 1798 1325 1837 Rudnickio,
1363 1797 1494 1831 indicta
1526 1798 1745 1843 supplicatio.
1780 1799 2020 1843 Brunsbergae

392 1860 576 1894 deductam
615 1858 728 1893 medio
756 1858 831 1892 foro
864 1870 1026 1905 pompam
1054 1863 1225 1893 ornarunt
1252 1871 1270 1894 e
1302 1859 1481 1906 gymnasio
1522 1865 1641 1893 nostro
1677 1859 1835 1906 discipuli
1871 1860 2018 1893 arcubus

390 1920 673 1967 triumphalibus,
697 1920 805 1966 regiis
833 1932 851 1955 e
879 1920 987 1965 stirpe
1016 1920 1233 1965 sigismundi
1268 1920 1490 1966 Jagellonica
1513 1922 1635 1966 signis,
1666 1922 1878 1956 carminibus
1905 1922 2014 1963 festis,

391 1982 668 2029 symphoniaque
697 1982 871 2027 exquisita
897 1982 1131 2017 celebrarunt.
1153 1983 1184 2017 A
1204 1983 1348 2017 meridie
1374 1984 1603 2019 dramaticum
1632 1985 1891 2019 S1nolenscaiue
1911 1997 2017 2031 expu-

391 2045 567 2091 gnationis
586 2044 629 2078 ab
649 2045 781 2079 eisdem
808 2045 984 2090 plaudenti
1012 2046 1139 2091 populo
1167 2047 1298 2081 editum
1326 2046 1560 2081 simulacrum.
1591 2047 1686 2082 Inter
1713 2047 1837 2092 spolia,
1861 2047 2017 2081 hostibus

392 2108 561 2147 detracta,
584 2107 757 2141 invectum
777 2107 914 2141 Vilnam
934 2120 982 2141 ees
1010 2108 1111 2142 molis
1129 2109 1329 2155 praecipu-ee,
1351 2108 1431 2142 sano
1451 2108 1671 2142 Rutenorum
1691 2107 1882 2142 Smolensci
1901 2108 2019 2142 adem-

389 2175 497 2218 ptum.
522 2171 598 2205 Hoc
629 2170 777 2215 spolium
792 2182 853 2205 rex
873 2170 952 2204 divo
982 2170 1164 2210 Casimiro,
1185 2169 1399 2216 Jagellonidi
1428 2181 1503 2209 suo,
1525 2170 1569 2203 ad
1597 2169 1763 2215 templum
1783 2169 2018 2216 professorum

390 2239 588 2269 nostrorum
608 2233 736 2273 Vflnze,
763 2238 845 2267 tunc
864 2233 977 2267 adhuc
1004 2234 1096 2268 inter
1117 2245 1240 2267 manus
1260 2234 1528 2267 architectorum
1559 2243 1732 2271 crescens,
1757 2232 1942 2266 dedicavit.

440 2295 548 2330 Primi
577 2294 756 2328 Sociorum
783 2295 818 2328 in
843 2294 1023 2340 provincia
1050 2294 1212 2330 reducem
1241 2306 1261 2328 a
1290 2294 1381 2329 bello
1401 2296 1590 2341 principem
1611 2296 1724 2335 Orsae,
1747 2307 1858 2341 nuper
1877 2307 1952 2330 eain
1982 2297 2016 2332 in

391 2357 561 2392 coloniam
586 2356 696 2395 missi,
719 2356 882 2390 domicilii
904 2356 1117 2391 conditorem
1133 2357 1199 2396 sui,
1221 2357 1471 2401 gratulabundi
1490 2361 1709 2403 aeceperunt.
1733 2358 1823 2396 Rex,
1846 2362 1883 2391 nt
1901 2370 2017 2393 arcem

390 2419 508 2459 subiit,
526 2418 698 2464 extemplo
730 2418 909 2453 descendit
929 2419 973 2453 ad
992 2419 1138 2464 Collegii
1158 2419 1346 2465 templum;
1370 2420 1442 2453 Deo
1457 2424 1599 2454 acturus
1618 2431 1680 2465 pro
1699 2419 1845 2453 victoria
1866 2419 2014 2463 gratias,

391 2485 423 2515 et
443 2480 590 2515 subinde
611 2480 749 2514 artificii
772 2480 825 2514 sui
844 2482 982 2515 visurus
1002 2481 1228 2516 incrementa.
1247 2481 1418 2515 Affectum
1446 2481 1558 2515 adhuc
1585 2485 1662 2515 crat
1680 2480 1799 2526 templi
1817 2481 2016 2516 [edificium.
