<?xml version="1.0" encoding="UTF-8"?>
<!DOCTYPE html PUBLIC "-//W3C//DTD XHTML 1.0 Transitional//EN"
    "http://www.w3.org/TR/xhtml1/DTD/xhtml1-transitional.dtd">
<html xmlns="http://www.w3.org/1999/xhtml" xml:lang="en" lang="en">
 <head>
  <title>
</title>
<meta http-equiv="Content-Type" content="text/html;charset=utf-8" />
  <meta name='ocr-system' content='tesseract 3.04.00' />
  <meta name='ocr-capabilities' content='ocr_page ocr_carea ocr_par ocr_line ocrx_word'/>
</head>
<body>
  <div class='ocr_page' id='page_1' title='image "./lituanicarumsoci00rost_0330.png"; bbox 0 0 2184 2953; ppageno 0'>
   <div class='ocr_carea' id='block_1_1' title="bbox 422 293 1702 324">
    <p class='ocr_par' dir='ltr' id='par_1_1' title="bbox 422 293 1702 324">
     <span class='ocr_line' id='line_1_1' title="bbox 422 293 1702 324; baseline -0.002 -1"><span class='ocrx_word' id='word_1_1' title='bbox 422 293 482 324; x_wconf 82' lang='lat'>306</span> <span class='ocrx_word' id='word_1_2' title='bbox 810 293 1084 322; x_wconf 73' lang='lat' dir='ltr'>LlTUAMCARUM</span> <span class='ocrx_word' id='word_1_3' title='bbox 1108 293 1320 321; x_wconf 78' lang='lat' dir='ltr'>SOCIETATIS</span> <span class='ocrx_word' id='word_1_4' title='bbox 1342 294 1426 322; x_wconf 81' lang='lat' dir='ltr'>JESU</span> <span class='ocrx_word' id='word_1_5' title='bbox 1453 293 1702 323; x_wconf 77' lang='lat' dir='ltr'>HISTORIARUM</span> 
     </span>
    </p>
   </div>
   <div class='ocr_carea' id='block_1_2' title="bbox 248 383 2046 748">
    <p class='ocr_par' dir='ltr' id='par_1_2' title="bbox 248 383 2046 748">
     <span class='ocr_line' id='line_1_2' title="bbox 253 383 2042 432; baseline 0.002 -13"><span class='ocrx_word' id='word_1_6' title='bbox 253 390 315 416; x_wconf 73' lang='lat'>1632</span> <span class='ocrx_word' id='word_1_7' title='bbox 428 386 545 420; x_wconf 88' lang='lat' dir='ltr'>omnia</span> <span class='ocrx_word' id='word_1_8' title='bbox 562 385 599 420; x_wconf 91' lang='lat' dir='ltr'>in</span> <span class='ocrx_word' id='word_1_9' title='bbox 631 385 797 420; x_wconf 86' lang='lat' dir='ltr'>Lituania</span> <span class='ocrx_word' id='word_1_10' title='bbox 830 389 866 420; x_wconf 90' lang='lat' dir='ltr'>et</span> <span class='ocrx_word' id='word_1_11' title='bbox 897 384 1047 419; x_wconf 87' lang='lat' dir='ltr'>Polonia</span> <span class='ocrx_word' id='word_1_12' title='bbox 1065 383 1249 418; x_wconf 84' lang='lat' dir='ltr'>Societatis</span> <span class='ocrx_word' id='word_1_13' title='bbox 1280 383 1454 418; x_wconf 88' lang='lat' dir='ltr'>domicilia</span> <span class='ocrx_word' id='word_1_14' title='bbox 1473 384 1528 430; x_wconf 90' lang='lat' dir='ltr'>pie</span> <span class='ocrx_word' id='word_1_15' title='bbox 1553 396 1593 420; x_wconf 89' lang='lat' dir='ltr'>ac</span> <span class='ocrx_word' id='word_1_16' title='bbox 1624 396 1687 431; x_wconf 91' lang='lat' dir='ltr'>pro</span> <span class='ocrx_word' id='word_1_17' title='bbox 1719 386 1892 432; x_wconf 81' lang='lat' dir='ltr'>dignitate</span> <span class='ocrx_word' id='word_1_18' title='bbox 1911 388 2042 423; x_wconf 88' lang='lat' dir='ltr'>soluta.</span> 
     </span>
     <span class='ocr_line' id='line_1_3' title="bbox 251 439 2043 504; baseline 0.001 -20"><span class='ocrx_word' id='word_1_19' title='bbox 251 439 376 504; x_wconf 52' lang='lat' dir='ltr'>Pinsgum</span> <span class='ocrx_word' id='word_1_20' title='bbox 470 447 587 482; x_wconf 90' lang='lat' dir='ltr'>Pinsci</span> <span class='ocrx_word' id='word_1_21' title='bbox 603 448 638 482; x_wconf 89' lang='lat' dir='ltr'>in</span> <span class='ocrx_word' id='word_1_22' title='bbox 657 448 795 483; x_wconf 81' lang='lat' dir='ltr'>Polesia</span> <span class='ocrx_word' id='word_1_23' title='bbox 818 447 941 487; x_wconf 86' lang='lat' dir='ltr'>Sociis,</span> <span class='ocrx_word' id='word_1_24' title='bbox 959 448 1034 493; x_wconf 71' lang='lat' dir='ltr'>Jain</span> <span class='ocrx_word' id='word_1_25' title='bbox 1048 445 1107 480; x_wconf 90' lang='lat' dir='ltr'>diu</span> <span class='ocrx_word' id='word_1_26' title='bbox 1127 446 1173 480; x_wconf 88' lang='lat' dir='ltr'>ibi</span> <span class='ocrx_word' id='word_1_27' title='bbox 1189 445 1408 487; x_wconf 82' lang='lat' dir='ltr'>desideratis,</span> <span class='ocrx_word' id='word_1_28' title='bbox 1427 446 1603 481; x_wconf 89' lang='lat' dir='ltr'>conditum</span> <span class='ocrx_word' id='word_1_29' title='bbox 1618 448 1685 481; x_wconf 89' lang='lat' dir='ltr'>hoc</span> <span class='ocrx_word' id='word_1_30' title='bbox 1708 459 1799 483; x_wconf 89' lang='lat' dir='ltr'>anno</span> <span class='ocrx_word' id='word_1_31' title='bbox 1819 449 2043 486; x_wconf 81' lang='lat' dir='ltr'>domicilium.</span> 
     </span>
     <span class='ocr_line' id='line_1_4' title="bbox 251 506 2046 555; baseline 0.002 -12"><span class='ocrx_word' id='word_1_32' title='bbox 251 518 397 544; x_wconf 78' lang='lat' dir='ltr'>introducit</span> <span class='ocrx_word' id='word_1_33' title='bbox 421 509 485 544; x_wconf 81' lang='lat' dir='ltr'>Est</span> <span class='ocrx_word' id='word_1_34' title='bbox 499 521 541 544; x_wconf 90' lang='lat' dir='ltr'>ea</span> <span class='ocrx_word' id='word_1_35' title='bbox 559 508 730 544; x_wconf 82' lang='lat' dir='ltr'>Lituaniae</span> <span class='ocrx_word' id='word_1_36' title='bbox 753 509 851 555; x_wconf 86' lang='lat' dir='ltr'>regio</span> <span class='ocrx_word' id='word_1_37' title='bbox 866 509 959 542; x_wconf 86' lang='lat' dir='ltr'>intra</span> <span class='ocrx_word' id='word_1_38' title='bbox 977 506 1173 542; x_wconf 88' lang='lat' dir='ltr'>latitudinis</span> <span class='ocrx_word' id='word_1_39' title='bbox 1192 507 1324 553; x_wconf 86' lang='lat' dir='ltr'>gradus</span> <span class='ocrx_word' id='word_1_40' title='bbox 1352 508 1400 542; x_wconf 66' lang='lat'>52</span> <span class='ocrx_word' id='word_1_41' title='bbox 1418 512 1451 542; x_wconf 87' lang='lat' dir='ltr'>et</span> <span class='ocrx_word' id='word_1_42' title='bbox 1469 508 1529 548; x_wconf 81' lang='lat'>53,</span> <span class='ocrx_word' id='word_1_43' title='bbox 1547 508 1777 555; x_wconf 78' lang='lat' dir='ltr'>longitudinis</span> <span class='ocrx_word' id='word_1_44' title='bbox 1791 511 1839 545; x_wconf 81' lang='lat'>48</span> <span class='ocrx_word' id='word_1_45' title='bbox 1863 514 1896 546; x_wconf 89' lang='lat' dir='ltr'>et</span> <span class='ocrx_word' id='word_1_46' title='bbox 1911 511 1970 546; x_wconf 79' lang='lat'>49.</span> <span class='ocrx_word' id='word_1_47' title='bbox 1993 511 2046 546; x_wconf 90' lang='lat' dir='ltr'>Ab</span> 
     </span>
     <span class='ocr_line' id='line_1_5' title="bbox 249 558 2042 631; baseline 0.003 -27"><span class='ocrx_word' id='word_1_48' title='bbox 249 558 368 631; x_wconf 42' lang='lat' dir='ltr'>&amp;iiciiggps</span> <span class='ocrx_word' id='word_1_49' title='bbox 422 570 556 605; x_wconf 87' lang='lat' dir='ltr'>oriente</span> <span class='ocrx_word' id='word_1_50' title='bbox 588 574 722 617; x_wconf 87' lang='lat' dir='ltr'>spectat</span> <span class='ocrx_word' id='word_1_51' title='bbox 758 569 938 609; x_wconf 87' lang='lat' dir='ltr'>Russiam,</span> <span class='ocrx_word' id='word_1_52' title='bbox 971 569 1174 604; x_wconf 86' lang='lat' dir='ltr'>Volhiniam</span> <span class='ocrx_word' id='word_1_53' title='bbox 1210 581 1231 604; x_wconf 91' lang='lat' dir='ltr'>a</span> <span class='ocrx_word' id='word_1_54' title='bbox 1263 570 1423 610; x_wconf 84' lang='lat' dir='ltr'>meridie,</span> <span class='ocrx_word' id='word_1_55' title='bbox 1463 571 1506 606; x_wconf 87' lang='lat' dir='ltr'>ab</span> <span class='ocrx_word' id='word_1_56' title='bbox 1538 572 1717 607; x_wconf 86' lang='lat' dir='ltr'>occidente</span> <span class='ocrx_word' id='word_1_57' title='bbox 1759 573 2042 620; x_wconf 83' lang='lat' dir='ltr'>Subsylvaniam,</span> 
     </span>
     <span class='ocr_line' id='line_1_6' title="bbox 249 631 2046 680; baseline 0.004 -15"><span class='ocrx_word' id='word_1_58' title='bbox 249 636 366 663; x_wconf 79' lang='lat' dir='ltr'>Radivil-</span> <span class='ocrx_word' id='word_1_59' title='bbox 423 632 624 667; x_wconf 87' lang='lat' dir='ltr'>Lituaniam</span> <span class='ocrx_word' id='word_1_60' title='bbox 654 644 675 667; x_wconf 90' lang='lat' dir='ltr'>a</span> <span class='ocrx_word' id='word_1_61' title='bbox 706 631 1025 678; x_wconf 74' lang='lat' dir='ltr'>septemtrionibus.</span> <span class='ocrx_word' id='word_1_62' title='bbox 1057 631 1261 677; x_wconf 69' lang='lat' dir='ltr'>Sylvestris,</span> <span class='ocrx_word' id='word_1_63' title='bbox 1294 631 1482 674; x_wconf 80' lang='lat' dir='ltr'>lacunosa,</span> <span class='ocrx_word' id='word_1_64' title='bbox 1518 633 1688 679; x_wconf 86' lang='lat' dir='ltr'>paludosa</span> <span class='ocrx_word' id='word_1_65' title='bbox 1717 634 1922 680; x_wconf 85' lang='lat' dir='ltr'>insigniter;</span> <span class='ocrx_word' id='word_1_66' title='bbox 1948 637 2046 672; x_wconf 79' lang='lat' dir='ltr'>ferax</span> 
     </span>
     <span class='ocr_line' id='line_1_7' title="bbox 248 676 396 748; baseline 0.014 -8"><span class='ocrx_word' id='word_1_67' title='bbox 248 676 396 748; x_wconf 47' lang='lat' dir='ltr'>lildscriptio</span> 
     </span>
    </p>
   </div>
   <div class='ocr_carea' id='block_1_3' title="bbox 245 753 2045 1861">
    <p class='ocr_par' dir='ltr' id='par_1_3' title="bbox 245 753 2045 1861">
     <span class='ocr_line' id='line_1_8' title="bbox 247 753 2045 807; baseline 0.004 -19"><span class='ocrx_word' id='word_1_68' title='bbox 247 753 372 788; x_wconf 80' lang='lat' dir='ltr'>regionis.</span> <span class='ocrx_word' id='word_1_69' title='bbox 418 756 509 791; x_wconf 90' lang='lat' dir='ltr'>inter</span> <span class='ocrx_word' id='word_1_70' title='bbox 528 768 613 802; x_wconf 90' lang='lat' dir='ltr'>quos</span> <span class='ocrx_word' id='word_1_71' title='bbox 632 756 735 797; x_wconf 85' lang='lat' dir='ltr'>Pina,</span> <span class='ocrx_word' id='word_1_72' title='bbox 755 755 932 801; x_wconf 87' lang='lat' dir='ltr'>Pripetius</span> <span class='ocrx_word' id='word_1_73' title='bbox 951 759 985 791; x_wconf 91' lang='lat' dir='ltr'>et</span> <span class='ocrx_word' id='word_1_74' title='bbox 1008 755 1132 802; x_wconf 78' lang='lat' dir='ltr'><strong>Styrus</strong></span> <span class='ocrx_word' id='word_1_75' title='bbox 1150 756 1340 791; x_wconf 70' lang='lat' dir='ltr'>nobiliores</span> <span class='ocrx_word' id='word_1_76' title='bbox 1362 761 1459 798; x_wconf 90' lang='lat' dir='ltr'>sunt;</span> <span class='ocrx_word' id='word_1_77' title='bbox 1481 758 1517 792; x_wconf 88' lang='lat' dir='ltr'>hi</span> <span class='ocrx_word' id='word_1_78' title='bbox 1541 769 1657 792; x_wconf 85' lang='lat' dir='ltr'>secum</span> <span class='ocrx_word' id='word_1_79' title='bbox 1674 760 1862 805; x_wconf 84' lang='lat' dir='ltr'>conjuncti,</span> <span class='ocrx_word' id='word_1_80' title='bbox 1883 760 2045 807; x_wconf 81' lang='lat' dir='ltr'>auctique</span> 
     </span>
     <span class='ocr_line' id='line_1_9' title="bbox 417 818 2044 864; baseline 0.003 -11"><span class='ocrx_word' id='word_1_81' title='bbox 417 818 618 853; x_wconf 88' lang='lat' dir='ltr'>fluminibus</span> <span class='ocrx_word' id='word_1_82' title='bbox 636 818 729 859; x_wconf 88' lang='lat' dir='ltr'>aliis,</span> <span class='ocrx_word' id='word_1_83' title='bbox 761 829 829 852; x_wconf 90' lang='lat' dir='ltr'>uno</span> <span class='ocrx_word' id='word_1_84' title='bbox 853 818 949 852; x_wconf 87' lang='lat' dir='ltr'>alveo</span> <span class='ocrx_word' id='word_1_85' title='bbox 968 818 1004 852; x_wconf 90' lang='lat' dir='ltr'>in</span> <span class='ocrx_word' id='word_1_86' title='bbox 1033 818 1304 864; x_wconf 83' lang='lat' dir='ltr'>Borysthenem.</span> <span class='ocrx_word' id='word_1_87' title='bbox 1326 831 1403 853; x_wconf 87' lang='lat' dir='ltr'>cum</span> <span class='ocrx_word' id='word_1_88' title='bbox 1420 819 1486 853; x_wconf 91' lang='lat' dir='ltr'>hoc</span> <span class='ocrx_word' id='word_1_89' title='bbox 1515 820 1549 853; x_wconf 91' lang='lat' dir='ltr'>in</span> <span class='ocrx_word' id='word_1_90' title='bbox 1584 821 1736 855; x_wconf 81' lang='lat' dir='ltr'>Pontum</span> <span class='ocrx_word' id='word_1_91' title='bbox 1754 821 1931 856; x_wconf 84' lang='lat' dir='ltr'>Euxinum</span> <span class='ocrx_word' id='word_1_92' title='bbox 1950 823 2044 858; x_wconf 88' lang='lat' dir='ltr'>evol-</span> 
     </span>
     <span class='ocr_line' id='line_1_10' title="bbox 418 880 2044 928; baseline 0.003 -13"><span class='ocrx_word' id='word_1_93' title='bbox 418 885 557 916; x_wconf 88' lang='lat' dir='ltr'>vuntur.</span> <span class='ocrx_word' id='word_1_94' title='bbox 583 881 690 921; x_wconf 84' lang='lat' dir='ltr'>Gens,</span> <span class='ocrx_word' id='word_1_95' title='bbox 718 880 746 915; x_wconf 91' lang='lat' dir='ltr'>si</span> <span class='ocrx_word' id='word_1_96' title='bbox 764 891 908 926; x_wconf 85' lang='lat' dir='ltr'>paucas,</span> <span class='ocrx_word' id='word_1_97' title='bbox 931 891 1056 926; x_wconf 87' lang='lat' dir='ltr'>easque</span> <span class='ocrx_word' id='word_1_98' title='bbox 1084 880 1273 916; x_wconf 84' lang='lat' dir='ltr'>nobiliores</span> <span class='ocrx_word' id='word_1_99' title='bbox 1305 881 1455 916; x_wconf 80' lang='lat' dir='ltr'>familias</span> <span class='ocrx_word' id='word_1_100' title='bbox 1483 883 1651 928; x_wconf 77' lang='lat' dir='ltr'>excipias⁷</span> <span class='ocrx_word' id='word_1_101' title='bbox 1674 883 1803 918; x_wconf 85' lang='lat' dir='ltr'>inculta</span> <span class='ocrx_word' id='word_1_102' title='bbox 1828 885 1923 926; x_wconf 89' lang='lat' dir='ltr'>olim,</span> <span class='ocrx_word' id='word_1_103' title='bbox 1946 885 2044 920; x_wconf 85' lang='lat' dir='ltr'>Grae-</span> 
     </span>
     <span class='ocr_line' id='line_1_11' title="bbox 245 941 2045 989; baseline 0.003 -12"><span class='ocrx_word' id='word_1_104' title='bbox 245 941 393 988; x_wconf 69' lang='lat' dir='ltr'>Religiones</span> <span class='ocrx_word' id='word_1_105' title='bbox 417 942 546 978; x_wconf 91' lang='lat' dir='ltr'>canicis</span> <span class='ocrx_word' id='word_1_106' title='bbox 589 942 707 977; x_wconf 89' lang='lat' dir='ltr'>Photii</span> <span class='ocrx_word' id='word_1_107' title='bbox 739 942 917 977; x_wconf 88' lang='lat' dir='ltr'>erroribus</span> <span class='ocrx_word' id='word_1_108' title='bbox 949 942 1106 983; x_wconf 83' lang='lat' dir='ltr'>seducta,</span> <span class='ocrx_word' id='word_1_109' title='bbox 1146 943 1322 978; x_wconf 85' lang='lat' dir='ltr'>veteribus</span> <span class='ocrx_word' id='word_1_110' title='bbox 1351 944 1494 989; x_wconf 83' lang='lat' dir='ltr'>insuper</span> <span class='ocrx_word' id='word_1_111' title='bbox 1526 945 1709 989; x_wconf 81' lang='lat' dir='ltr'>gentilium</span> <span class='ocrx_word' id='word_1_112' title='bbox 1737 957 1878 980; x_wconf 89' lang='lat' dir='ltr'>suorum</span> <span class='ocrx_word' id='word_1_113' title='bbox 1914 947 2045 982; x_wconf 81' lang='lat' dir='ltr'>imbuta</span> 
     </span>
     <span class='ocr_line' id='line_1_12' title="bbox 245 983 2043 1052; baseline 0.003 -13"><span class='ocrx_word' id='word_1_114' title='bbox 245 983 342 1015; x_wconf 75' lang='lat' dir='ltr'>gentis.</span> <span class='ocrx_word' id='word_1_115' title='bbox 416 1005 735 1051; x_wconf 75' lang='lat' dir='ltr'>superstitionibus,</span> <span class='ocrx_word' id='word_1_116' title='bbox 753 1004 962 1039; x_wconf 75' lang='lat' dir='ltr'>catholicam</span> <span class='ocrx_word' id='word_1_117' title='bbox 972 1004 1192 1050; x_wconf 82' lang='lat' dir='ltr'>religionem,</span> <span class='ocrx_word' id='word_1_118' title='bbox 1210 1006 1355 1051; x_wconf 84' lang='lat' dir='ltr'>ejusque</span> <span class='ocrx_word' id='word_1_119' title='bbox 1370 1006 1470 1047; x_wconf 89' lang='lat' dir='ltr'>ritus,</span> <span class='ocrx_word' id='word_1_120' title='bbox 1485 1018 1558 1052; x_wconf 63' lang='lat' dir='ltr'>prae</span> <span class='ocrx_word' id='word_1_121' title='bbox 1572 1007 1772 1042; x_wconf 87' lang='lat' dir='ltr'>talmudicis</span> <span class='ocrx_word' id='word_1_122' title='bbox 1788 1008 1892 1043; x_wconf 88' lang='lat' dir='ltr'>etiam</span> <span class='ocrx_word' id='word_1_123' title='bbox 1900 1009 1921 1043; x_wconf 83' lang='lat' dir='ltr'>J</span> <span class='ocrx_word' id='word_1_124' title='bbox 1926 1009 2043 1044; x_wconf 59' lang='lat' dir='ltr'>udaeo-</span> 
     </span>
     <span class='ocr_line' id='line_1_13' title="bbox 416 1066 2045 1114; baseline 0.002 -12"><span class='ocrx_word' id='word_1_125' title='bbox 416 1079 494 1102; x_wconf 89' lang='lat' dir='ltr'>rum</span> <span class='ocrx_word' id='word_1_126' title='bbox 512 1067 640 1113; x_wconf 89' lang='lat' dir='ltr'>apinis,</span> <span class='ocrx_word' id='word_1_127' title='bbox 663 1072 695 1102; x_wconf 89' lang='lat' dir='ltr'>et</span> <span class='ocrx_word' id='word_1_128' title='bbox 722 1066 819 1101; x_wconf 90' lang='lat' dir='ltr'>tricis</span> <span class='ocrx_word' id='word_1_129' title='bbox 851 1067 1093 1107; x_wconf 89' lang='lat' dir='ltr'>Ethnicorum,</span> <span class='ocrx_word' id='word_1_130' title='bbox 1125 1068 1383 1108; x_wconf 87' lang='lat' dir='ltr'>contemnebat,</span> <span class='ocrx_word' id='word_1_131' title='bbox 1406 1068 1565 1114; x_wconf 87' lang='lat' dir='ltr'>adeoque</span> <span class='ocrx_word' id='word_1_132' title='bbox 1595 1071 1824 1105; x_wconf 81' lang='lat' dir='ltr'>aversabatur</span> <span class='ocrx_word' id='word_1_133' title='bbox 1850 1071 1945 1112; x_wconf 86' lang='lat' dir='ltr'>olim,</span> <span class='ocrx_word' id='word_1_134' title='bbox 1968 1076 2005 1106; x_wconf 87' lang='lat' dir='ltr'>ut</span> <span class='ocrx_word' id='word_1_135' title='bbox 2024 1083 2045 1106; x_wconf 86' lang='lat' dir='ltr'>a</span> 
     </span>
     <span class='ocr_line' id='line_1_14' title="bbox 417 1129 2043 1175; baseline 0.002 -10"><span class='ocrx_word' id='word_1_136' title='bbox 417 1130 599 1166; x_wconf 86' lang='lat' dir='ltr'>catholicis</span> <span class='ocrx_word' id='word_1_137' title='bbox 618 1130 662 1165; x_wconf 89' lang='lat' dir='ltr'>ad</span> <span class='ocrx_word' id='word_1_138' title='bbox 678 1141 760 1164; x_wconf 90' lang='lat' dir='ltr'>suos</span> <span class='ocrx_word' id='word_1_139' title='bbox 780 1129 868 1164; x_wconf 88' lang='lat' dir='ltr'>ritus</span> <span class='ocrx_word' id='word_1_140' title='bbox 888 1130 1067 1175; x_wconf 80' lang='lat' dir='ltr'>perfugaS,</span> <span class='ocrx_word' id='word_1_141' title='bbox 1089 1130 1234 1175; x_wconf 86' lang='lat' dir='ltr'>perinde</span> <span class='ocrx_word' id='word_1_142' title='bbox 1255 1141 1296 1164; x_wconf 90' lang='lat' dir='ltr'>ac</span> <span class='ocrx_word' id='word_1_143' title='bbox 1312 1130 1339 1164; x_wconf 90' lang='lat' dir='ltr'>si</span> <span class='ocrx_word' id='word_1_144' title='bbox 1360 1130 1465 1165; x_wconf 91' lang='lat' dir='ltr'>nullis</span> <span class='ocrx_word' id='word_1_145' title='bbox 1494 1131 1545 1165; x_wconf 90' lang='lat' dir='ltr'>illi</span> <span class='ocrx_word' id='word_1_146' title='bbox 1563 1131 1677 1166; x_wconf 85' lang='lat' dir='ltr'>forent</span> <span class='ocrx_word' id='word_1_147' title='bbox 1696 1132 1898 1167; x_wconf 83' lang='lat' dir='ltr'>christianis</span> <span class='ocrx_word' id='word_1_148' title='bbox 1917 1133 2043 1169; x_wconf 85' lang='lat' dir='ltr'>initiati</span> 
     </span>
     <span class='ocr_line' id='line_1_15' title="bbox 417 1191 2044 1240; baseline 0.002 -13"><span class='ocrx_word' id='word_1_149' title='bbox 417 1193 594 1240; x_wconf 86' lang='lat' dir='ltr'>mysteriis</span> <span class='ocrx_word' id='word_1_150' title='bbox 613 1221 620 1233; x_wconf 95' lang='lat'>,</span> <span class='ocrx_word' id='word_1_151' title='bbox 642 1203 764 1227; x_wconf 84' lang='lat' dir='ltr'>rursus</span> <span class='ocrx_word' id='word_1_152' title='bbox 783 1203 842 1226; x_wconf 91' lang='lat' dir='ltr'>eos</span> <span class='ocrx_word' id='word_1_153' title='bbox 861 1192 1016 1226; x_wconf 83' lang='lat' dir='ltr'>lustricis</span> <span class='ocrx_word' id='word_1_154' title='bbox 1035 1191 1196 1238; x_wconf 85' lang='lat' dir='ltr'>baptismi</span> <span class='ocrx_word' id='word_1_155' title='bbox 1214 1192 1375 1227; x_wconf 83' lang='lat' dir='ltr'>lavarent</span> <span class='ocrx_word' id='word_1_156' title='bbox 1402 1193 1502 1239; x_wconf 85' lang='lat' dir='ltr'>aquis</span> <span class='ocrx_word' id='word_1_157' title='bbox 1520 1207 1526 1234; x_wconf 92' lang='lat'>;</span> <span class='ocrx_word' id='word_1_158' title='bbox 1550 1194 1666 1239; x_wconf 81' lang='lat' dir='ltr'>itaque</span> <span class='ocrx_word' id='word_1_159' title='bbox 1679 1194 1822 1235; x_wconf 86' lang='lat' dir='ltr'>tinctus,</span> <span class='ocrx_word' id='word_1_160' title='bbox 1840 1207 1882 1230; x_wconf 86' lang='lat' dir='ltr'>ex</span> <span class='ocrx_word' id='word_1_161' title='bbox 1897 1195 2044 1231; x_wconf 89' lang='lat' dir='ltr'>istorum</span> 
     </span>
     <span class='ocr_line' id='line_1_16' title="bbox 416 1254 2043 1301; baseline 0.002 -13"><span class='ocrx_word' id='word_1_162' title='bbox 416 1254 726 1301; x_wconf 84' lang='lat' dir='ltr'>Anabaptistarum</span> <span class='ocrx_word' id='word_1_163' title='bbox 760 1255 979 1300; x_wconf 80' lang='lat' dir='ltr'>praescripto,</span> <span class='ocrx_word' id='word_1_164' title='bbox 1011 1254 1174 1289; x_wconf 84' lang='lat' dir='ltr'>Romana</span> <span class='ocrx_word' id='word_1_165' title='bbox 1214 1255 1372 1301; x_wconf 85' lang='lat' dir='ltr'>ejurabat</span> <span class='ocrx_word' id='word_1_166' title='bbox 1408 1266 1509 1290; x_wconf 87' lang='lat' dir='ltr'>sacra</span> <span class='ocrx_word' id='word_1_167' title='bbox 1537 1268 1543 1289; x_wconf 89' lang='lat'>:</span> <span class='ocrx_word' id='word_1_168' title='bbox 1580 1257 1811 1291; x_wconf 80' lang='lat' dir='ltr'>execrabatur</span> <span class='ocrx_word' id='word_1_169' title='bbox 1859 1258 2043 1293; x_wconf 88' lang='lat' dir='ltr'>sabbatica</span> 
     </span>
     <span class='ocr_line' id='line_1_17' title="bbox 416 1316 2041 1363; baseline 0.002 -11"><span class='ocrx_word' id='word_1_170' title='bbox 416 1317 666 1352; x_wconf 86' lang='lat' dir='ltr'>catholicorum</span> <span class='ocrx_word' id='word_1_171' title='bbox 679 1317 830 1363; x_wconf 81' lang='lat' dir='ltr'>jejunia,</span> <span class='ocrx_word' id='word_1_172' title='bbox 858 1320 892 1351; x_wconf 93' lang='lat' dir='ltr'>et</span> <span class='ocrx_word' id='word_1_173' title='bbox 918 1328 1045 1363; x_wconf 86' lang='lat' dir='ltr'>panem</span> <span class='ocrx_word' id='word_1_174' title='bbox 1064 1316 1187 1351; x_wconf 86' lang='lat' dir='ltr'>altaris</span> <span class='ocrx_word' id='word_1_175' title='bbox 1203 1328 1359 1363; x_wconf 82' lang='lat' dir='ltr'>azymum</span> <span class='ocrx_word' id='word_1_176' title='bbox 1378 1329 1384 1351; x_wconf 91' lang='lat'>:</span> <span class='ocrx_word' id='word_1_177' title='bbox 1409 1321 1515 1363; x_wconf 86' lang='lat' dir='ltr'>caput</span> <span class='ocrx_word' id='word_1_178' title='bbox 1534 1317 1716 1358; x_wconf 79' lang='lat' dir='ltr'>Ecclesiae,</span> <span class='ocrx_word' id='word_1_179' title='bbox 1736 1319 1832 1354; x_wconf 88' lang='lat' dir='ltr'>Petri</span> <span class='ocrx_word' id='word_1_180' title='bbox 1858 1320 2041 1362; x_wconf 80' lang='lat' dir='ltr'>vicarium,</span> 
     </span>
     <span class='ocr_line' id='line_1_18' title="bbox 417 1378 2044 1430; baseline 0.002 -17"><span class='ocrx_word' id='word_1_181' title='bbox 417 1379 502 1414; x_wconf 91' lang='lat' dir='ltr'>diris</span> <span class='ocrx_word' id='word_1_182' title='bbox 521 1379 732 1414; x_wconf 89' lang='lat' dir='ltr'>carminibus</span> <span class='ocrx_word' id='word_1_183' title='bbox 750 1379 951 1414; x_wconf 85' lang='lat' dir='ltr'>devotabat.</span> <span class='ocrx_word' id='word_1_184' title='bbox 982 1378 1111 1413; x_wconf 87' lang='lat' dir='ltr'>Schola</span> <span class='ocrx_word' id='word_1_185' title='bbox 1130 1378 1356 1414; x_wconf 72' lang='lat' dir='ltr'>instituendae</span> <span class='ocrx_word' id='word_1_186' title='bbox 1370 1379 1546 1425; x_wconf 89' lang='lat' dir='ltr'>juventuti</span> <span class='ocrx_word' id='word_1_187' title='bbox 1565 1381 1659 1426; x_wconf 80' lang='lat' dir='ltr'>apud</span> <span class='ocrx_word' id='word_1_188' title='bbox 1678 1392 1737 1415; x_wconf 87' lang='lat' dir='ltr'>eos</span> <span class='ocrx_word' id='word_1_189' title='bbox 1758 1381 1867 1417; x_wconf 89' lang='lat' dir='ltr'>nulla.</span> <span class='ocrx_word' id='word_1_190' title='bbox 1891 1383 2044 1430; x_wconf 80' lang='lat' dir='ltr'>Presby-</span> 
     </span>
     <span class='ocr_line' id='line_1_19' title="bbox 416 1442 2043 1489; baseline 0.002 -12"><span class='ocrx_word' id='word_1_191' title='bbox 416 1443 483 1477; x_wconf 89' lang='lat' dir='ltr'>teri</span> <span class='ocrx_word' id='word_1_192' title='bbox 499 1442 564 1482; x_wconf 88' lang='lat' dir='ltr'>sui,</span> <span class='ocrx_word' id='word_1_193' title='bbox 587 1454 673 1488; x_wconf 87' lang='lat' dir='ltr'>quos</span> <span class='ocrx_word' id='word_1_194' title='bbox 694 1453 803 1488; x_wconf 87' lang='lat' dir='ltr'>popas</span> <span class='ocrx_word' id='word_1_195' title='bbox 830 1445 966 1483; x_wconf 86' lang='lat' dir='ltr'>vocant,</span> <span class='ocrx_word' id='word_1_196' title='bbox 994 1442 1193 1476; x_wconf 84' lang='lat' dir='ltr'>aratoribus</span> <span class='ocrx_word' id='word_1_197' title='bbox 1225 1442 1397 1483; x_wconf 85' lang='lat' dir='ltr'>rudiores,</span> <span class='ocrx_word' id='word_1_198' title='bbox 1420 1443 1692 1489; x_wconf 89' lang='lat' dir='ltr'>contemptiores</span> <span class='ocrx_word' id='word_1_199' title='bbox 1714 1445 1881 1480; x_wconf 88' lang='lat' dir='ltr'>subulcis.</span> <span class='ocrx_word' id='word_1_200' title='bbox 1906 1446 1945 1480; x_wconf 94' lang='lat' dir='ltr'>In</span> <span class='ocrx_word' id='word_1_201' title='bbox 1964 1447 2043 1481; x_wconf 90' lang='lat' dir='ltr'>uni-</span> 
     </span>
     <span class='ocr_line' id='line_1_20' title="bbox 417 1504 2041 1553; baseline 0.002 -14"><span class='ocrx_word' id='word_1_202' title='bbox 417 1516 520 1539; x_wconf 88' lang='lat' dir='ltr'>versa</span> <span class='ocrx_word' id='word_1_203' title='bbox 535 1504 675 1539; x_wconf 89' lang='lat' dir='ltr'>Polesia</span> <span class='ocrx_word' id='word_1_204' title='bbox 693 1504 822 1550; x_wconf 88' lang='lat' dir='ltr'>templa</span> <span class='ocrx_word' id='word_1_205' title='bbox 849 1504 1102 1539; x_wconf 87' lang='lat' dir='ltr'>catholicorum</span> <span class='ocrx_word' id='word_1_206' title='bbox 1119 1504 1186 1538; x_wconf 89' lang='lat' dir='ltr'>duo</span> <span class='ocrx_word' id='word_1_207' title='bbox 1203 1508 1303 1538; x_wconf 81' lang='lat' dir='ltr'>erant</span> <span class='ocrx_word' id='word_1_208' title='bbox 1322 1516 1392 1539; x_wconf 90' lang='lat' dir='ltr'>non</span> <span class='ocrx_word' id='word_1_209' title='bbox 1410 1504 1572 1550; x_wconf 80' lang='lat' dir='ltr'>amplius3</span> <span class='ocrx_word' id='word_1_210' title='bbox 1592 1505 1625 1539; x_wconf 92' lang='lat' dir='ltr'>in</span> <span class='ocrx_word' id='word_1_211' title='bbox 1642 1506 1760 1551; x_wconf 86' lang='lat' dir='ltr'>eisque</span> <span class='ocrx_word' id='word_1_212' title='bbox 1777 1507 1862 1553; x_wconf 89' lang='lat' dir='ltr'>ipsis</span> <span class='ocrx_word' id='word_1_213' title='bbox 1878 1507 2041 1543; x_wconf 84' lang='lat' dir='ltr'>solitudo.</span> 
     </span>
     <span class='ocr_line' id='line_1_21' title="bbox 416 1566 2044 1612; baseline 0.004 -12"><span class='ocrx_word' id='word_1_214' title='bbox 416 1566 587 1601; x_wconf 85' lang='lat' dir='ltr'>Visebant</span> <span class='ocrx_word' id='word_1_215' title='bbox 606 1567 781 1601; x_wconf 83' lang='lat' dir='ltr'>desertam</span> <span class='ocrx_word' id='word_1_216' title='bbox 813 1566 964 1612; x_wconf 85' lang='lat' dir='ltr'>undique</span> <span class='ocrx_word' id='word_1_217' title='bbox 996 1566 1176 1612; x_wconf 79' lang='lat' dir='ltr'>regionem</span> <span class='ocrx_word' id='word_1_218' title='bbox 1209 1566 1383 1601; x_wconf 86' lang='lat' dir='ltr'>interdum</span> <span class='ocrx_word' id='word_1_219' title='bbox 1406 1567 1498 1601; x_wconf 86' lang='lat' dir='ltr'>Socii</span> <span class='ocrx_word' id='word_1_220' title='bbox 1518 1578 1536 1601; x_wconf 90' lang='lat' dir='ltr'>e</span> <span class='ocrx_word' id='word_1_221' title='bbox 1561 1567 1741 1602; x_wconf 87' lang='lat' dir='ltr'>Brestensi</span> <span class='ocrx_word' id='word_1_222' title='bbox 1777 1569 1877 1609; x_wconf 85' lang='lat' dir='ltr'>alias,</span> <span class='ocrx_word' id='word_1_223' title='bbox 1909 1570 1998 1605; x_wconf 89' lang='lat' dir='ltr'>alias</span> <span class='ocrx_word' id='word_1_224' title='bbox 2025 1583 2044 1606; x_wconf 90' lang='lat' dir='ltr'>e</span> 
     </span>
     <span class='ocr_line' id='line_1_22' title="bbox 418 1628 2042 1676; baseline 0.002 -13"><span class='ocrx_word' id='word_1_225' title='bbox 418 1629 657 1669; x_wconf 86' lang='lat' dir='ltr'>Luceoriensi,</span> <span class='ocrx_word' id='word_1_226' title='bbox 675 1628 845 1674; x_wconf 80' lang='lat' dir='ltr'>collegiis.</span> <span class='ocrx_word' id='word_1_227' title='bbox 864 1629 976 1664; x_wconf 84' lang='lat' dir='ltr'>Statio</span> <span class='ocrx_word' id='word_1_228' title='bbox 1003 1628 1074 1662; x_wconf 81' lang='lat' dir='ltr'>fixa</span> <span class='ocrx_word' id='word_1_229' title='bbox 1102 1632 1177 1663; x_wconf 87' lang='lat' dir='ltr'>erat</span> <span class='ocrx_word' id='word_1_230' title='bbox 1195 1629 1309 1662; x_wconf 89' lang='lat' dir='ltr'>adhuc</span> <span class='ocrx_word' id='word_1_231' title='bbox 1328 1628 1436 1663; x_wconf 90' lang='lat' dir='ltr'>nulla.</span> <span class='ocrx_word' id='word_1_232' title='bbox 1460 1629 1693 1675; x_wconf 72' lang='lat' dir='ltr'>praeparabat</span> <span class='ocrx_word' id='word_1_233' title='bbox 1711 1630 1802 1665; x_wconf 87' lang='lat' dir='ltr'>hanc</span> <span class='ocrx_word' id='word_1_234' title='bbox 1826 1632 1965 1676; x_wconf 85' lang='lat' dir='ltr'>quidem</span> <span class='ocrx_word' id='word_1_235' title='bbox 1983 1633 2042 1667; x_wconf 84' lang='lat' dir='ltr'>tri-</span> 
     </span>
     <span class='ocr_line' id='line_1_23' title="bbox 419 1690 2045 1736; baseline 0.002 -12"><span class='ocrx_word' id='word_1_236' title='bbox 419 1690 532 1725; x_wconf 89' lang='lat' dir='ltr'>bunus</span> <span class='ocrx_word' id='word_1_237' title='bbox 551 1690 754 1725; x_wconf 87' lang='lat' dir='ltr'>Pinscensis</span> <span class='ocrx_word' id='word_1_238' title='bbox 786 1690 952 1725; x_wconf 83' lang='lat' dir='ltr'>Nicolaus</span> <span class='ocrx_word' id='word_1_239' title='bbox 979 1690 1158 1731; x_wconf 79' lang='lat' dir='ltr'>Jeiskius3</span> <span class='ocrx_word' id='word_1_240' title='bbox 1185 1691 1376 1736; x_wconf 86' lang='lat' dir='ltr'>assignatis</span> <span class='ocrx_word' id='word_1_241' title='bbox 1392 1695 1466 1725; x_wconf 90' lang='lat' dir='ltr'>tum</span> <span class='ocrx_word' id='word_1_242' title='bbox 1497 1691 1572 1725; x_wconf 69' lang='lat' dir='ltr'>aede</span> <span class='ocrx_word' id='word_1_243' title='bbox 1599 1692 1715 1725; x_wconf 88' lang='lat' dir='ltr'>suain</span> <span class='ocrx_word' id='word_1_244' title='bbox 1743 1693 1838 1727; x_wconf 89' lang='lat' dir='ltr'>urbis</span> <span class='ocrx_word' id='word_1_245' title='bbox 1858 1693 1945 1735; x_wconf 89' lang='lat' dir='ltr'>foro,</span> <span class='ocrx_word' id='word_1_246' title='bbox 1971 1698 2045 1728; x_wconf 90' lang='lat' dir='ltr'>tum</span> 
     </span>
     <span class='ocr_line' id='line_1_24' title="bbox 420 1752 2042 1800; baseline 0.002 -13"><span class='ocrx_word' id='word_1_247' title='bbox 420 1752 516 1794; x_wconf 86' lang='lat' dir='ltr'>fano,</span> <span class='ocrx_word' id='word_1_248' title='bbox 535 1756 771 1787; x_wconf 87' lang='lat' dir='ltr'>constructoa</span> <span class='ocrx_word' id='word_1_249' title='bbox 790 1764 826 1787; x_wconf 91' lang='lat' dir='ltr'>se</span> <span class='ocrx_word' id='word_1_250' title='bbox 845 1765 957 1798; x_wconf 91' lang='lat' dir='ltr'>nuper</span> <span class='ocrx_word' id='word_1_251' title='bbox 986 1753 1179 1787; x_wconf 89' lang='lat' dir='ltr'>honoribus</span> <span class='ocrx_word' id='word_1_252' title='bbox 1214 1753 1284 1787; x_wconf 86' lang='lat' dir='ltr'>divi</span> <span class='ocrx_word' id='word_1_253' title='bbox 1316 1753 1461 1798; x_wconf 77' lang='lat' dir='ltr'>Georgii</span> <span class='ocrx_word' id='word_1_254' title='bbox 1492 1754 1657 1800; x_wconf 74' lang='lat' dir='ltr'>martyris</span> <span class='ocrx_word' id='word_1_255' title='bbox 1686 1755 1721 1788; x_wconf 91' lang='lat' dir='ltr'>in</span> <span class='ocrx_word' id='word_1_256' title='bbox 1749 1755 1930 1796; x_wconf 86' lang='lat' dir='ltr'>suburbio,</span> <span class='ocrx_word' id='word_1_257' title='bbox 1965 1760 2042 1791; x_wconf 88' lang='lat' dir='ltr'>octo</span> 
     </span>
     <span class='ocr_line' id='line_1_25' title="bbox 418 1815 2037 1861; baseline 0.002 -12"><span class='ocrx_word' id='word_1_258' title='bbox 418 1827 595 1850; x_wconf 87' lang='lat' dir='ltr'>nummum</span> <span class='ocrx_word' id='word_1_259' title='bbox 616 1815 822 1850; x_wconf 85' lang='lat' dir='ltr'>nostratium</span> <span class='ocrx_word' id='word_1_260' title='bbox 838 1815 1010 1856; x_wconf 82' lang='lat' dir='ltr'>millibus;</span> <span class='ocrx_word' id='word_1_261' title='bbox 1044 1815 1105 1850; x_wconf 89' lang='lat' dir='ltr'>sed</span> <span class='ocrx_word' id='word_1_262' title='bbox 1125 1815 1220 1861; x_wconf 89' lang='lat' dir='ltr'>pium</span> <span class='ocrx_word' id='word_1_263' title='bbox 1239 1815 1305 1849; x_wconf 82' lang='lat' dir='ltr'>viri</span> <span class='ocrx_word' id='word_1_264' title='bbox 1333 1815 1515 1850; x_wconf 89' lang='lat' dir='ltr'>consilium</span> <span class='ocrx_word' id='word_1_265' title='bbox 1535 1816 1691 1861; x_wconf 64' lang='lat' dir='ltr'>prfecidit</span> <span class='ocrx_word' id='word_1_266' title='bbox 1724 1828 1819 1851; x_wconf 89' lang='lat' dir='ltr'>mors</span> <span class='ocrx_word' id='word_1_267' title='bbox 1839 1818 2037 1853; x_wconf 86' lang='lat' dir='ltr'>immatura.</span> 
     </span>
    </p>
   </div>
   <div class='ocr_carea' id='block_1_4' title="bbox 421 693 2043 745">
    <p class='ocr_par' dir='ltr' id='par_1_4' title="bbox 421 693 2043 745">
     <span class='ocr_line' id='line_1_26' title="bbox 421 693 2043 745; baseline 0.003 -17"><span class='ocrx_word' id='word_1_268' title='bbox 421 694 646 729; x_wconf 89' lang='lat' dir='ltr'>nihilominus</span> <span class='ocrx_word' id='word_1_269' title='bbox 664 694 805 740; x_wconf 88' lang='lat' dir='ltr'>frugum</span> <span class='ocrx_word' id='word_1_270' title='bbox 824 697 858 728; x_wconf 83' lang='lat' dir='ltr'>et</span> <span class='ocrx_word' id='word_1_271' title='bbox 876 693 1002 734; x_wconf 87' lang='lat' dir='ltr'>mellis,</span> <span class='ocrx_word' id='word_1_272' title='bbox 1025 693 1210 739; x_wconf 81' lang='lat' dir='ltr'>fluviisque</span> <span class='ocrx_word' id='word_1_273' title='bbox 1227 694 1413 729; x_wconf 85' lang='lat' dir='ltr'>abundans</span> <span class='ocrx_word' id='word_1_274' title='bbox 1432 696 1637 741; x_wconf 82' lang='lat' dir='ltr'>pisculentis</span> <span class='ocrx_word' id='word_1_275' title='bbox 1656 697 1803 743; x_wconf 85' lang='lat' dir='ltr'>triginta</span> <span class='ocrx_word' id='word_1_276' title='bbox 1825 702 1857 732; x_wconf 85' lang='lat' dir='ltr'>et</span> <span class='ocrx_word' id='word_1_277' title='bbox 1872 699 2043 745; x_wconf 79' lang='lat' dir='ltr'>amplius3</span> 
     </span>
    </p>
   </div>
   <div class='ocr_carea' id='block_1_5' title="bbox 245 1877 2041 2485">
    <p class='ocr_par' dir='ltr' id='par_1_5' title="bbox 416 1877 2041 2359">
     <span class='ocr_line' id='line_1_27' title="bbox 418 1877 2039 1924; baseline 0.002 -12"><span class='ocrx_word' id='word_1_278' title='bbox 418 1878 624 1912; x_wconf 85' lang='lat' dir='ltr'>Meditatam</span> <span class='ocrx_word' id='word_1_279' title='bbox 646 1889 731 1918; x_wconf 88' lang='lat' dir='ltr'>rem,</span> <span class='ocrx_word' id='word_1_280' title='bbox 756 1882 790 1912; x_wconf 87' lang='lat' dir='ltr'>et</span> <span class='ocrx_word' id='word_1_281' title='bbox 804 1877 878 1923; x_wconf 71' lang='lat' dir='ltr'>J&#39;ani</span> <span class='ocrx_word' id='word_1_282' title='bbox 906 1889 927 1911; x_wconf 87' lang='lat' dir='ltr'>a</span> <span class='ocrx_word' id='word_1_283' title='bbox 951 1877 1100 1912; x_wconf 87' lang='lat' dir='ltr'>Nicolao</span> <span class='ocrx_word' id='word_1_284' title='bbox 1121 1882 1297 1924; x_wconf 86' lang='lat' dir='ltr'>utcunque</span> <span class='ocrx_word' id='word_1_285' title='bbox 1330 1878 1542 1918; x_wconf 84' lang='lat' dir='ltr'>inchoatam,</span> <span class='ocrx_word' id='word_1_286' title='bbox 1570 1879 1726 1913; x_wconf 83' lang='lat' dir='ltr'>relictam</span> <span class='ocrx_word' id='word_1_287' title='bbox 1754 1880 1822 1914; x_wconf 89' lang='lat' dir='ltr'>sibi</span> <span class='ocrx_word' id='word_1_288' title='bbox 1841 1884 1935 1915; x_wconf 85' lang='lat' dir='ltr'>ratus</span> <span class='ocrx_word' id='word_1_289' title='bbox 1970 1893 2039 1916; x_wconf 85' lang='lat' dir='ltr'>ma-</span> 
     </span>
     <span class='ocr_line' id='line_1_28' title="bbox 418 1939 2041 1986; baseline 0.002 -12"><span class='ocrx_word' id='word_1_290' title='bbox 418 1951 509 1986; x_wconf 87' lang='lat' dir='ltr'>gnus</span> <span class='ocrx_word' id='word_1_291' title='bbox 542 1940 716 1974; x_wconf 77' lang='lat' dir='ltr'>Lituaniae</span> <span class='ocrx_word' id='word_1_292' title='bbox 743 1939 986 1979; x_wconf 84' lang='lat' dir='ltr'>cancellarius,</span> <span class='ocrx_word' id='word_1_293' title='bbox 1018 1940 1261 1975; x_wconf 86' lang='lat' dir='ltr'>Pinscensium</span> <span class='ocrx_word' id='word_1_294' title='bbox 1288 1940 1379 1975; x_wconf 86' lang='lat' dir='ltr'>idem</span> <span class='ocrx_word' id='word_1_295' title='bbox 1409 1940 1614 1986; x_wconf 67' lang='lat' dir='ltr'>praefectus,</span> <span class='ocrx_word' id='word_1_296' title='bbox 1646 1941 1812 1976; x_wconf 86' lang='lat' dir='ltr'>Albertus</span> <span class='ocrx_word' id='word_1_297' title='bbox 1845 1942 2041 1977; x_wconf 86' lang='lat' dir='ltr'>Stanislaus</span> 
     </span>
     <span class='ocr_line' id='line_1_29' title="bbox 417 2002 2040 2048; baseline 0.002 -11"><span class='ocrx_word' id='word_1_298' title='bbox 417 2002 617 2037; x_wconf 83' lang='lat' dir='ltr'>Radivillus</span> <span class='ocrx_word' id='word_1_299' title='bbox 631 2003 685 2037; x_wconf 89' lang='lat' dir='ltr'>sui</span> <span class='ocrx_word' id='word_1_300' title='bbox 703 2003 785 2037; x_wconf 84' lang='lat' dir='ltr'>fecit</span> <span class='ocrx_word' id='word_1_301' title='bbox 802 2002 948 2048; x_wconf 87' lang='lat' dir='ltr'>negotii.</span> <span class='ocrx_word' id='word_1_302' title='bbox 966 2003 1082 2048; x_wconf 77' lang='lat' dir='ltr'>Hujus</span> <span class='ocrx_word' id='word_1_303' title='bbox 1097 2003 1246 2038; x_wconf 87' lang='lat' dir='ltr'>invitatu</span> <span class='ocrx_word' id='word_1_304' title='bbox 1261 2003 1328 2037; x_wconf 91' lang='lat' dir='ltr'>duo</span> <span class='ocrx_word' id='word_1_305' title='bbox 1345 2003 1480 2043; x_wconf 84' lang='lat' dir='ltr'>Patres,</span> <span class='ocrx_word' id='word_1_306' title='bbox 1503 2002 1670 2037; x_wconf 82' lang='lat' dir='ltr'>Albertus</span> <span class='ocrx_word' id='word_1_307' title='bbox 1695 2004 1862 2039; x_wconf 84' lang='lat' dir='ltr'>Plockius</span> <span class='ocrx_word' id='word_1_308' title='bbox 1881 2009 1915 2039; x_wconf 90' lang='lat' dir='ltr'>et</span> <span class='ocrx_word' id='word_1_309' title='bbox 1935 2005 2040 2040; x_wconf 89' lang='lat' dir='ltr'>Ladi-</span> 
     </span>
     <span class='ocr_line' id='line_1_30' title="bbox 418 2065 2039 2111; baseline 0.002 -13"><span class='ocrx_word' id='word_1_310' title='bbox 418 2065 510 2100; x_wconf 81' lang='lat' dir='ltr'>slaus</span> <span class='ocrx_word' id='word_1_311' title='bbox 539 2065 841 2111; x_wconf 84' lang='lat' dir='ltr'>Stempkovskius‚</span> <span class='ocrx_word' id='word_1_312' title='bbox 870 2065 905 2099; x_wconf 90' lang='lat' dir='ltr'>in</span> <span class='ocrx_word' id='word_1_313' title='bbox 939 2065 1164 2105; x_wconf 87' lang='lat' dir='ltr'>domicilium,</span> <span class='ocrx_word' id='word_1_314' title='bbox 1199 2077 1219 2100; x_wconf 87' lang='lat' dir='ltr'>a</span> <span class='ocrx_word' id='word_1_315' title='bbox 1250 2065 1397 2100; x_wconf 90' lang='lat' dir='ltr'>Nicolao</span> <span class='ocrx_word' id='word_1_316' title='bbox 1421 2065 1661 2111; x_wconf 71' lang='lat' dir='ltr'>praelocatum,</span> <span class='ocrx_word' id='word_1_317' title='bbox 1693 2067 1740 2101; x_wconf 91' lang='lat' dir='ltr'>VI</span> <span class='ocrx_word' id='word_1_318' title='bbox 1770 2067 1848 2102; x_wconf 90' lang='lat' dir='ltr'>idus</span> <span class='ocrx_word' id='word_1_319' title='bbox 1880 2068 2039 2103; x_wconf 84' lang='lat' dir='ltr'>octobres</span> 
     </span>
     <span class='ocr_line' id='line_1_31' title="bbox 417 2126 2040 2174; baseline 0.002 -14"><span class='ocrx_word' id='word_1_320' title='bbox 417 2126 626 2161; x_wconf 86' lang='lat' dir='ltr'>introducti:</span> <span class='ocrx_word' id='word_1_321' title='bbox 663 2126 716 2161; x_wconf 89' lang='lat' dir='ltr'>his</span> <span class='ocrx_word' id='word_1_322' title='bbox 747 2127 858 2161; x_wconf 88' lang='lat' dir='ltr'>additi</span> <span class='ocrx_word' id='word_1_323' title='bbox 893 2127 961 2161; x_wconf 90' lang='lat' dir='ltr'>duo</span> <span class='ocrx_word' id='word_1_324' title='bbox 993 2138 1137 2173; x_wconf 87' lang='lat' dir='ltr'>operum</span> <span class='ocrx_word' id='word_1_325' title='bbox 1165 2127 1367 2162; x_wconf 83' lang='lat' dir='ltr'>salutarium</span> <span class='ocrx_word' id='word_1_326' title='bbox 1405 2128 1597 2173; x_wconf 86' lang='lat' dir='ltr'>adjutores.</span> <span class='ocrx_word' id='word_1_327' title='bbox 1629 2128 1715 2166; x_wconf 85' lang='lat' dir='ltr'>Quia</span> <span class='ocrx_word' id='word_1_328' title='bbox 1744 2128 1909 2174; x_wconf 86' lang='lat' dir='ltr'>templum</span> <span class='ocrx_word' id='word_1_329' title='bbox 1947 2130 2040 2165; x_wconf 88' lang='lat' dir='ltr'>beati</span> 
     </span>
     <span class='ocr_line' id='line_1_32' title="bbox 418 2188 2039 2235; baseline 0.003 -13"><span class='ocrx_word' id='word_1_330' title='bbox 418 2188 561 2234; x_wconf 81' lang='lat' dir='ltr'>Georgii</span> <span class='ocrx_word' id='word_1_331' title='bbox 588 2188 728 2235; x_wconf 86' lang='lat' dir='ltr'>longius</span> <span class='ocrx_word' id='word_1_332' title='bbox 771 2201 792 2224; x_wconf 92' lang='lat' dir='ltr'>a</span> <span class='ocrx_word' id='word_1_333' title='bbox 818 2190 918 2224; x_wconf 91' lang='lat' dir='ltr'>tectis</span> <span class='ocrx_word' id='word_1_334' title='bbox 952 2189 1119 2224; x_wconf 89' lang='lat' dir='ltr'>domicilii</span> <span class='ocrx_word' id='word_1_335' title='bbox 1150 2190 1296 2229; x_wconf 87' lang='lat' dir='ltr'>aberat,</span> <span class='ocrx_word' id='word_1_336' title='bbox 1327 2194 1572 2225; x_wconf 83' lang='lat' dir='ltr'>constructum.</span> <span class='ocrx_word' id='word_1_337' title='bbox 1603 2191 1636 2224; x_wconf 91' lang='lat' dir='ltr'>in</span> <span class='ocrx_word' id='word_1_338' title='bbox 1669 2202 1752 2225; x_wconf 85' lang='lat' dir='ltr'>area</span> <span class='ocrx_word' id='word_1_339' title='bbox 1776 2191 1898 2226; x_wconf 87' lang='lat' dir='ltr'>domus</span> <span class='ocrx_word' id='word_1_340' title='bbox 1930 2192 2039 2227; x_wconf 87' lang='lat' dir='ltr'>sacel-</span> 
     </span>
     <span class='ocr_line' id='line_1_33' title="bbox 416 2250 2037 2300; baseline 0.003 -16"><span class='ocrx_word' id='word_1_341' title='bbox 416 2250 498 2284; x_wconf 89' lang='lat' dir='ltr'>lum.</span> <span class='ocrx_word' id='word_1_342' title='bbox 523 2251 599 2285; x_wconf 89' lang='lat' dir='ltr'>Duo</span> <span class='ocrx_word' id='word_1_343' title='bbox 623 2251 669 2285; x_wconf 85' lang='lat' dir='ltr'>ad</span> <span class='ocrx_word' id='word_1_344' title='bbox 688 2263 845 2298; x_wconf 86' lang='lat' dir='ltr'>paganos</span> <span class='ocrx_word' id='word_1_345' title='bbox 865 2252 1096 2287; x_wconf 81' lang='lat' dir='ltr'>excurrebant</span> <span class='ocrx_word' id='word_1_346' title='bbox 1122 2264 1128 2286; x_wconf 89' lang='lat'>:</span> <span class='ocrx_word' id='word_1_347' title='bbox 1151 2252 1219 2286; x_wconf 85' lang='lat' dir='ltr'>duo</span> <span class='ocrx_word' id='word_1_348' title='bbox 1238 2252 1272 2285; x_wconf 92' lang='lat' dir='ltr'>in</span> <span class='ocrx_word' id='word_1_349' title='bbox 1304 2251 1445 2287; x_wconf 84' lang='lat' dir='ltr'>civitate</span> <span class='ocrx_word' id='word_1_350' title='bbox 1473 2253 1624 2298; x_wconf 86' lang='lat' dir='ltr'>agebant</span> <span class='ocrx_word' id='word_1_351' title='bbox 1655 2253 1836 2287; x_wconf 58' lang='lat' dir='ltr'>catholicae</span> <span class='ocrx_word' id='word_1_352' title='bbox 1856 2253 2037 2300; x_wconf 88' lang='lat' dir='ltr'>religionis</span> 
     </span>
     <span class='ocr_line' id='line_1_34' title="bbox 416 2312 799 2359; baseline 0.003 -12"><span class='ocrx_word' id='word_1_353' title='bbox 416 2312 600 2359; x_wconf 90' lang='lat' dir='ltr'>oppidanis</span> <span class='ocrx_word' id='word_1_354' title='bbox 628 2314 799 2359; x_wconf 87' lang='lat' dir='ltr'>magistri.</span> 
     </span>
    </p>

    <p class='ocr_par' dir='ltr' id='par_1_6' title="bbox 273 2371 2036 2421">
     <span class='ocr_line' id='line_1_35' title="bbox 273 2371 2036 2421; baseline 0.003 -14"><span class='ocrx_word' id='word_1_355' title='bbox 273 2413 278 2418; x_wconf 90' lang='lat'>.</span> <span class='ocrx_word' id='word_1_356' title='bbox 312 2371 345 2417; x_wconf 55' lang='lat' dir='ltr'>lq</span> <span class='ocrx_word' id='word_1_357' title='bbox 465 2374 601 2409; x_wconf 79' lang='lat' dir='ltr'>Eximia</span> <span class='ocrx_word' id='word_1_358' title='bbox 618 2386 679 2421; x_wconf 87' lang='lat' dir='ltr'>spe</span> <span class='ocrx_word' id='word_1_359' title='bbox 698 2375 915 2416; x_wconf 86' lang='lat' dir='ltr'>adolescens,</span> <span class='ocrx_word' id='word_1_360' title='bbox 933 2375 1041 2410; x_wconf 90' lang='lat' dir='ltr'>nobili</span> <span class='ocrx_word' id='word_1_361' title='bbox 1061 2387 1190 2421; x_wconf 87' lang='lat' dir='ltr'>genere</span> <span class='ocrx_word' id='word_1_362' title='bbox 1205 2376 1239 2409; x_wconf 92' lang='lat' dir='ltr'>in</span> <span class='ocrx_word' id='word_1_363' title='bbox 1254 2375 1434 2421; x_wconf 84' lang='lat' dir='ltr'>provincia</span> <span class='ocrx_word' id='word_1_364' title='bbox 1452 2376 1672 2411; x_wconf 77' lang='lat' dir='ltr'>Vitebscensi</span> <span class='ocrx_word' id='word_1_365' title='bbox 1689 2380 1899 2418; x_wconf 84' lang='lat' dir='ltr'>natus,anno</span> <span class='ocrx_word' id='word_1_366' title='bbox 1915 2378 2036 2413; x_wconf 87' lang='lat' dir='ltr'>salutis</span> 
     </span>
    </p>

    <p class='ocr_par' dir='ltr' id='par_1_7' title="bbox 245 2412 2035 2485">
     <span class='ocr_line' id='line_1_36' title="bbox 245 2412 2035 2485; baseline 0.003 -14"><span class='ocrx_word' id='word_1_367' title='bbox 245 2412 347 2477; x_wconf 49' lang='grc' dir='ltr'>ἕξξέῗρι</span> <span class='ocrx_word' id='word_1_368' title='bbox 417 2437 522 2477; x_wconf 81' lang='grc'>1617,</span> <span class='ocrx_word' id='word_1_369' title='bbox 548 2437 664 2472; x_wconf 85' lang='lat' dir='ltr'>aetatis</span> <span class='ocrx_word' id='word_1_370' title='bbox 683 2450 756 2472; x_wconf 78' lang='lat' dir='ltr'>suae</span> <span class='ocrx_word' id='word_1_371' title='bbox 780 2442 878 2472; x_wconf 73' lang='lat' dir='ltr'>sexto</span> <span class='ocrx_word' id='word_1_372' title='bbox 898 2449 1003 2483; x_wconf 81' lang='lat' dir='ltr'>supra</span> <span class='ocrx_word' id='word_1_373' title='bbox 1019 2438 1189 2473; x_wconf 79' lang='lat' dir='ltr'>decimum</span> <span class='ocrx_word' id='word_1_374' title='bbox 1209 2438 1242 2471; x_wconf 91' lang='lat' dir='ltr'>iu</span> <span class='ocrx_word' id='word_1_375' title='bbox 1263 2437 1472 2472; x_wconf 81' lang='lat' dir='ltr'>Societatem</span> <span class='ocrx_word' id='word_1_376' title='bbox 1500 2444 1676 2485; x_wconf 81' lang='lat' dir='ltr'>acceptus,</span> <span class='ocrx_word' id='word_1_377' title='bbox 1708 2440 1875 2474; x_wconf 87' lang='lat' dir='ltr'>Nicolaus</span> <span class='ocrx_word' id='word_1_378' title='bbox 1900 2440 2035 2476; x_wconf 89' lang='lat' dir='ltr'>Kmicic</span> 
     </span>
    </p>
   </div>
   <div class='ocr_carea' id='block_1_6' title="bbox 244 2490 2034 2548">
    <p class='ocr_par' dir='ltr' id='par_1_8' title="bbox 244 2490 2034 2548">
     <span class='ocr_line' id='line_1_37' title="bbox 244 2490 2034 2548; baseline 0.002 -15"><span class='ocrx_word' id='word_1_379' title='bbox 244 2490 369 2523; x_wconf 75' lang='lat' dir='ltr'>elogium.</span> <span class='ocrx_word' id='word_1_380' title='bbox 417 2510 435 2534; x_wconf 86' lang='lat' dir='ltr'>e</span> <span class='ocrx_word' id='word_1_381' title='bbox 450 2499 622 2533; x_wconf 84' lang='lat' dir='ltr'>curriculo</span> <span class='ocrx_word' id='word_1_382' title='bbox 643 2500 746 2533; x_wconf 79' lang='lat' dir='ltr'>studii</span> <span class='ocrx_word' id='word_1_383' title='bbox 773 2499 958 2545; x_wconf 72' lang='lat' dir='ltr'>theologici</span> <span class='ocrx_word' id='word_1_384' title='bbox 980 2504 1090 2534; x_wconf 81' lang='lat' dir='ltr'>morte</span> <span class='ocrx_word' id='word_1_385' title='bbox 1118 2499 1307 2533; x_wconf 84' lang='lat' dir='ltr'>subductus</span> <span class='ocrx_word' id='word_1_386' title='bbox 1328 2499 1454 2533; x_wconf 67' lang='lat' dir='ltr'>Vilnw.</span> <span class='ocrx_word' id='word_1_387' title='bbox 1478 2499 1640 2534; x_wconf 62' lang='lat' dir='ltr'>Pulchra}</span> <span class='ocrx_word' id='word_1_388' title='bbox 1658 2501 1817 2547; x_wconf 68' lang='lat' dir='ltr'>laetaeque</span> <span class='ocrx_word' id='word_1_389' title='bbox 1839 2502 1964 2536; x_wconf 86' lang='lat' dir='ltr'>indolis</span> <span class='ocrx_word' id='word_1_390' title='bbox 1977 2503 2034 2548; x_wconf 77' lang='lat' dir='ltr'>ju-</span> 
     </span>
    </p>
   </div>
  </div>
 </body>
</html>
