2184 2953
628 286 733 314 LIBER
760 285 936 314 SEPTIMUS
961 286 1172 322 (loeo-1630).
1651 289 1710 320 289

113 380 183 425 giae
216 379 373 413 Roberto
405 379 622 414 Bellarmino
647 391 731 414 usus
749 393 756 421 ;
789 380 911 425 quibus
945 379 1003 414 ille
1030 379 1303 425 praeceptoribus
1339 380 1500 422 maxime,
1534 382 1727 416 doctrinam
1752 388 1816 413 1630

113 452 224 481 suam,
255 452 357 485 quam
378 451 420 474 ex
438 440 522 486 ipsis
542 441 645 475 etiam
664 441 761 475 libris
783 452 803 475 a
822 452 860 475 se
879 440 1082 486 conscriptis
1102 441 1134 484 (Ι)
1157 441 1391 476 abundantem
1410 442 1515 477 fuisse
1535 442 1725 489 intelligas,

115 505 293 547 acceptam
318 506 438 547 gratus
458 501 644 537 referebat.
678 503 774 537 Inter
799 502 969 537 litteraria
988 502 1062 547 ejus
1079 506 1301 537 monumenta
1328 507 1453 544 exstat,
1477 504 1647 549 praeclara
1670 505 1731 539 illa

113 563 180 609 piae
205 563 394 597 voluntatis
419 575 492 598 sua}
513 564 694 610 professi0‚
715 566 833 599 Oratio
849 576 916 607 pro
944 566 1217 607 reliyz'osz'ssz'mz's
1244 566 1413 599 Patribus
1439 567 1615 599 Societatis
1645 569 1728 600 Jesu

113 632 233 661 contra
264 630 337 670 sicce?
365 630 499 670 qucz'tz's
524 630 648 662 Polom'
661 631 830 662 actionem
843 630 1016 671 primam,
1038 627 1086 661 sic
1103 638 1124 661 a
1149 638 1185 662 se
1204 627 1382 673 inscripta,
1406 627 1498 674 typis
1525 628 1730 663 Cracovien-

115 689 210 723 sibus
232 700 319 722 anno
352 690 442 724 1:390
457 689 613 735 vulgata.
637 689 751 724 Roma
769 701 789 724 a
807 690 960 724 confecto
978 689 1165 734 theologiae
1184 689 1354 724 curriculo
1370 690 1405 724 in
1422 690 1571 736 patriam
1591 702 1730 725 revoca-

114 754 183 791 tus,
200 750 235 784 in
246 751 431 796 collegium
448 751 691 785 canonicorum
707 751 1172 797 Cracoviensiumcooptatur
1186 763 1192 792 ;
1210 763 1289 785 mox
1299 752 1437 797 adjutor
1451 752 1603 786 muneris
1618 752 1730 798 ponti-

115 812 183 846 ficii
216 812 393 846 Stanislao
431 812 685 853 Gomolinskio,
722 813 1005 848 Luceoriensium
1037 813 1211 859 episcopo,
1242 812 1409 859 suffragio
1437 814 1650 859 Sigismundi
1680 815 1730 848 III

116 876 210 922 regis
238 876 386 916 additus,
416 888 506 911 anno
527 877 651 912 deinde
688 878 778 913 1594
793 876 903 911 eidem
923 876 1087 911 suffectus
1102 875 1294 914 demortuo,
1318 875 1527 909 domicilium
1548 875 1732 910 Societatis

118 937 275 983 Collegio
296 938 445 973 condere
465 939 644 973 Luceoriae
663 939 812 973 instituit
830 951 836 978 ;
859 939 955 984 cujus
973 937 1224 972 absolutionem
1244 936 1435 971 successori
1455 948 1516 971 suo
1536 936 1647 971 Paulo
1666 937 1734 971 Vo-

118 999 235 1034 luckio
262 1000 537 1034 commendatam
571 1000 724 1046 reliquit,
750 1000 784 1033 in
805 1000 1047 1034 Poloccnsium
1067 999 1269 1034 cathedram
1290 998 1492 1033 translatus.
1516 998 1569 1032 Ex
1592 1009 1634 1033 ea
1648 998 1732 1033 dioe-

119 1061 223 1095 cesim
241 1072 351 1095 annos
366 1061 483 1095 decem
505 1061 712 1106 gubernavit
727 1061 884 1107 diligenti
908 1062 1079 1096 commissi
1099 1061 1165 1095 sibi
1183 1060 1303 1107 populi
1322 1072 1418 1100 cura,
1446 1059 1625 1106 praeclaris
1652 1060 1733 1095 vitae

117 1123 295 1169 exemplis,
321 1123 545 1158 concionibus
574 1134 667 1168 saepe
692 1123 830 1157 habitis.
853 1123 983 1157 Plociae
1002 1122 1194 1168 Collegium
1213 1122 1398 1157 Societatis
1426 1122 1592 1157 condidit.
1615 1121 1732 1157 Pulto-

116 1185 184 1219 viae
198 1185 374 1231 juventuti
393 1185 613 1219 seholasticae
629 1185 723 1231 inopi
739 1185 930 1219 construxit
944 1185 1144 1231 hospitium.
1170 1184 1255 1220 Inde
1269 1185 1313 1219 ad
1330 1184 1577 1220 Cracovienses
1596 1196 1732 1231 promo-

117 1250 171 1281 tus
197 1246 338 1286 infulas,
357 1246 435 1281 divo
452 1246 627 1281 Stanislao
658 1246 805 1292 martyri
820 1251 1079 1282 monumentum
1098 1248 1275 1283 basilicum
1295 1249 1458 1283 excitavit
1476 1249 1512 1283 in
1526 1260 1588 1283 suo
1606 1248 1735 1294 templo

121 1307 313 1342 Cracoviae.
343 1308 414 1342 Ter
441 1312 523 1353 quot
548 1307 777 1342 hebdomadis
801 1308 1003 1353 jejunabat;
1038 1314 1120 1355 quot
1148 1310 1268 1345 diebus
1290 1311 1334 1346 ad
1365 1311 1628 1357 supplicandum
1662 1311 1736 1345 Deo

117 1367 231 1402 aulam
257 1380 460 1414 omnemque
476 1369 641 1403 familiam
661 1369 761 1414 signo
777 1369 858 1403 aeris
874 1371 1045 1416 campani⁷
1069 1371 1215 1417 singulis
1236 1372 1405 1407 mensium
1425 1372 1584 1408 kalendis
1599 1373 1644 1406 ad
1664 1384 1737 1407 sor-

117 1429 255 1465 tiendos
284 1430 318 1464 in
341 1442 494 1465 mensem
516 1431 639 1465 beatos
663 1434 842 1476 patronos,
863 1433 1088 1467 convocabat.
1106 1433 1250 1475 Kielcis,
1268 1434 1303 1468 in
1318 1435 1443 1480 oppido
1463 1446 1536 1469 suae
1557 1434 1733 1475 dioecesis,

117 1490 281 1536 templum
310 1491 388 1525 divo
417 1491 541 1526 Carolo
581 1491 799 1533 Borromaeo,
834 1505 900 1539 quo
934 1495 1007 1540 ejus
1034 1506 1169 1541 quoque
1196 1495 1357 1541 reliquias
1385 1507 1503 1531 sacras
1534 1496 1674 1537 intulit3
1707 1499 1741 1530 et

118 1552 314 1587 coenobium
330 1553 494 1588 Patribus
509 1553 650 1588 Ordinis
672 1553 774 1588 Beati
798 1556 978 1592 Francisci
1007 1558 1208 1604 Seraphici;
1227 1558 1306 1592 Ilsae
1319 1558 1487 1604 templum
1506 1559 1587 1593 item
1604 1570 1622 1594 e
1641 1562 1737 1593 cocto

119 1614 234 1660 lapide
254 1614 439 1649 {edificavit
457 1627 464 1655 ;
482 1615 611 1650 ibidem
635 1617 811 1662 reparavit
825 1629 953 1657 arcem.
971 1619 1091 1654 urbem
1115 1620 1280 1666 praetorio
1295 1620 1440 1666 aliisque
1464 1621 1597 1655 aedibus
1625 1621 1732 1655 auxit.

121 1675 306 1721 Complura
324 1675 407 1710 alibi
422 1676 516 1717 fana,
534 1680 709 1712 vetustate
730 1689 837 1724 prope
852 1679 1021 1725 collapsa,
1044 1680 1175 1716 refecit.
1195 1682 1336 1716 Praedia
1350 1682 1509 1716 canonici
1523 1682 1576 1716 sui
1595 1681 1734 1727 collegii

121 1742 164 1776 ab
187 1742 314 1788 iniquis
339 1743 609 1788 possessoribus,
632 1743 763 1789 templa
798 1741 1047 1776 catholicorum
1072 1742 1304 1788 quadraginta
1327 1743 1474 1788 amplius
1493 1743 1537 1777 ab
1562 1743 1736 1777 haereticis

124 1805 324 1839 vindicavit.
347 1805 446 1840 Bello
466 1806 682 1841 Chotimensi
701 1806 901 1852 praesidium
918 1805 1096 1840 Cracoviae
1116 1805 1187 1839 suis
1206 1805 1371 1850 impensis
1386 1804 1561 1839 sustinuit.
1592 1804 1655 1838 Vir
1674 1805 1738 1839 Dei

123 1877 299 1907 reverens,
323 1866 500 1912 religionis
520 1879 638 1902 amans
672 1872 705 1902 et
723 1868 858 1913 patriae,
875 1867 965 1913 juris
986 1867 1172 1906 consultus,
1196 1867 1231 1900 in
1260 1865 1449 1912 judicando
1484 1866 1680 1911 perspicax,
1702 1866 1735 1899 in

122 1927 273 1962 dicendo
302 1928 505 1975 perpolitus,
540 1929 574 1963 in
606 1930 764 1964 convictu
795 1929 912 1974 gravis
942 1929 1031 1963 idem
1052 1933 1085 1963 et
1112 1929 1233 1968 comis,
1272 1929 1306 1961 in
1326 1928 1438 1962 causis
1456 1927 1733 1973 tenaxjustitiae.

122 1990 217 2023 Vixit
248 2001 358 2024 annos
377 1990 445 2031 76;
478 1991 567 2026 rexit
587 1991 851 2026 Cracoviensem
870 1990 1047 2025 dioecesim
1066 2002 1175 2024 annos
1199 1990 1261 2030 143
1293 1989 1443 2024 decessit
1475 2001 1594 2024 mense
1613 1989 1730 2035 aprili.

175 2052 289 2097 Hujus
305 2063 345 2086 ex
360 2051 467 2087 fratre
483 2064 590 2099 nepos
600 2051 1040 2092 NicolausNamniensfflm
1060 2051 1254 2097 episcopus,
1268 2051 1389 2097 etipse
1407 2051 1450 2086 de
1461 2051 1634 2086 Societate
1650 2052 1738 2086 bene
1765 2067 1866 2093 Nicolai

127 2113 281 2152 meritus,
299 2116 438 2147 secutus
466 2117 517 2148 est
540 2117 701 2159 patruum
721 2125 776 2147 an.
803 2113 905 2148 1043.
921 2112 987 2147 Hic
1011 2113 1234 2147 Resseliense
1246 2113 1438 2158 Collegium
1457 2114 1583 2148 annuis
1596 2113 1737 2148 donavit
1765 2107 1909 2173 sffszzs’vr]

127 2174 496 2221 redditibuszCollegio
513 2175 697 2210 Societatis
708 2176 869 2210 Romano
886 2175 1093 2209 novitiorum
1112 2175 1156 2209 ad
1171 2175 1281 2209 aedem
1292 2176 1334 2210 B.
1346 2175 1498 2210 Andreae
1515 2187 1600 2210 vasa
1616 2176 1740 2211 obtulit
1765 2157 1883 2212 inilgiisisa

128 2240 297 2282 argentea
313 2237 411 2271 multi
430 2237 544 2283 pretii.
559 2238 716 2272 Eximius
727 2238 769 2272 B.
792 2237 971 2272 Francisci
983 2237 1129 2271 Xaverii
1148 2236 1271 2277 cultor,
1294 2236 1405 2271 eidem
1419 2237 1561 2272 calicem
1580 2249 1737 2279 aureum,
1765 2226 1886 2297 {llggffiffi

128 2297 172 2332 ad
184 2310 282 2333 aram
291 2298 636 2340 offerendtiin,Goam
646 2311 755 2345 usque
766 2299 1064 2333 misitBorkovizc
1075 2299 1240 2345 templum
1254 2310 1380 2334 emuro
1396 2299 1506 2334 solido
1526 2300 1679 2334 condidit
1689 2299 1736 2345 (a)

171 2379 211 2418 (1)
236 2380 303 2408 Vide
316 2381 415 2408 horum
433 2381 590 2415 catalogum
607 2382 678 2416 apud
696 2382 724 2408 Ρ.
751 2381 901 2416 Gasparcm
920 2380 1115 2412 Nicsirckium,
1140 2381 1210 2407 libro
1226 2379 1338 2408 Korona
1352 2380 1475 2414 Polum
1491 2382 1561 2409 udde
1585 2382 1740 2410 Tractatum

130 2442 179 2470 pro
193 2433 332 2462 societate
350 2433 428 2468 Jcsu‚
443 2442 477 2462 ex
493 2433 664 2462 Hecatombe
689 2434 862 2469 Scriptorum
878 2434 975 2461 Polou.
993 2433 1112 2460 Simonis
1126 2433 1320 2460 Starovolskii.

171 2488 210 2524 (2)
236 2487 302 2515 Vide
315 2492 413 2516 crotera
430 2488 455 2514 in
471 2487 551 2515 Facie
564 2487 666 2515 Rerum
685 2488 899 2515 Sarmaticarum
917 2488 943 2514 1³.
964 2486 1142 2514 N2-11·nmovs·1‹i
1161 2487 1221 2514 Lib.
1236 2487 1272 2521 Il,
1290 2495 1314 2515 c.
1332 2488 1359 2516 6.
