<?xml version="1.0" encoding="UTF-8"?>
<!DOCTYPE html PUBLIC "-//W3C//DTD XHTML 1.0 Transitional//EN"
    "http://www.w3.org/TR/xhtml1/DTD/xhtml1-transitional.dtd">
<html xmlns="http://www.w3.org/1999/xhtml" xml:lang="en" lang="en">
 <head>
  <title>
</title>
<meta http-equiv="Content-Type" content="text/html;charset=utf-8" />
  <meta name='ocr-system' content='tesseract 3.04.00' />
  <meta name='ocr-capabilities' content='ocr_page ocr_carea ocr_par ocr_line ocrx_word'/>
</head>
<body>
  <div class='ocr_page' id='page_1' title='image "./lituanicarumsoci00rost_0130.png"; bbox 0 0 2184 2953; ppageno 0'>
   <div class='ocr_carea' id='block_1_1' title="bbox 225 421 374 647">
    <p class='ocr_par' dir='ltr' id='par_1_1' title="bbox 225 421 374 647">
     <span class='ocr_line' id='line_1_1' title="bbox 226 421 289 447; baseline -0.016 0"><span class='ocrx_word' id='word_1_1' title='bbox 226 421 289 447; x_wconf 80' lang='lat'>1582</span> 
     </span>
     <span class='ocr_line' id='line_1_2' title="bbox 225 460 338 486; baseline 0 0"><span class='ocrx_word' id='word_1_2' title='bbox 225 460 338 486; x_wconf 83' lang='lat' dir='ltr'>Tollitur</span> 
     </span>
     <span class='ocr_line' id='line_1_3' title="bbox 228 501 370 526; baseline 0 0"><span class='ocrx_word' id='word_1_3' title='bbox 228 501 370 526; x_wconf 84' lang='lat' dir='ltr'>controver-</span> 
     </span>
     <span class='ocr_line' id='line_1_4' title="bbox 225 543 372 569; baseline 0 0"><span class='ocrx_word' id='word_1_4' title='bbox 225 543 280 569; x_wconf 81' lang='lat' dir='ltr'>sia:</span> <span class='ocrx_word' id='word_1_5' title='bbox 293 543 372 569; x_wconf 85' lang='lat' dir='ltr'>dona-</span> 
     </span>
     <span class='ocr_line' id='line_1_5' title="bbox 227 581 374 608; baseline -0.007 0"><span class='ocrx_word' id='word_1_6' title='bbox 227 582 264 608; x_wconf 88' lang='lat' dir='ltr'>tio</span> <span class='ocrx_word' id='word_1_7' title='bbox 280 581 359 608; x_wconf 87' lang='lat' dir='ltr'>confir</span> <span class='ocrx_word' id='word_1_8' title='bbox 365 595 374 598; x_wconf 98' lang='lat'>-</span> 
     </span>
     <span class='ocr_line' id='line_1_6' title="bbox 226 622 320 647; baseline 0 0"><span class='ocrx_word' id='word_1_9' title='bbox 226 622 320 647; x_wconf 83' lang='lat' dir='ltr'>matur.</span> 
     </span>
    </p>
   </div>
   <div class='ocr_carea' id='block_1_2' title="bbox 219 1080 369 1542">
    <p class='ocr_par' dir='ltr' id='par_1_2' title="bbox 219 1080 369 1542">
     <span class='ocr_line' id='line_1_7' title="bbox 282 1080 306 1105; baseline -0.042 0"><span class='ocrx_word' id='word_1_10' title='bbox 282 1080 306 1105; x_wconf 78' lang='lat' dir='ltr'>S.</span> 
     </span>
     <span class='ocr_line' id='line_1_8' title="bbox 223 1118 329 1145; baseline 0 -1"><span class='ocrx_word' id='word_1_11' title='bbox 223 1118 329 1145; x_wconf 80' lang='lat' dir='ltr'>Illuxtae</span> 
     </span>
     <span class='ocr_line' id='line_1_9' title="bbox 223 1157 343 1183; baseline 0 0"><span class='ocrx_word' id='word_1_12' title='bbox 223 1157 343 1183; x_wconf 85' lang='lat' dir='ltr'>Possevi-</span> 
     </span>
     <span class='ocr_line' id='line_1_10' title="bbox 225 1197 350 1223; baseline -0.008 0"><span class='ocrx_word' id='word_1_13' title='bbox 225 1205 274 1223; x_wconf 88' lang='lat' dir='ltr'>nus</span> <span class='ocrx_word' id='word_1_14' title='bbox 287 1197 350 1222; x_wconf 85' lang='lat' dir='ltr'>Pas-</span> 
     </span>
     <span class='ocr_line' id='line_1_11' title="bbox 226 1236 352 1262; baseline 0 0"><span class='ocrx_word' id='word_1_15' title='bbox 226 1236 274 1262; x_wconf 80' lang='lat' dir='ltr'>cha</span> <span class='ocrx_word' id='word_1_16' title='bbox 287 1236 352 1262; x_wconf 87' lang='lat' dir='ltr'>cele-</span> 
     </span>
     <span class='ocr_line' id='line_1_12' title="bbox 225 1275 336 1301; baseline -0.009 0"><span class='ocrx_word' id='word_1_17' title='bbox 225 1275 283 1301; x_wconf 85' lang='lat' dir='ltr'>brat</span> <span class='ocrx_word' id='word_1_18' title='bbox 298 1276 336 1300; x_wconf 88' lang='grc'><strong>111-</strong></span> 
     </span>
     <span class='ocr_line' id='line_1_13' title="bbox 223 1314 356 1340; baseline 0 0"><span class='ocrx_word' id='word_1_19' title='bbox 223 1317 264 1340; x_wconf 84' lang='lat' dir='ltr'>ter</span> <span class='ocrx_word' id='word_1_20' title='bbox 277 1314 356 1340; x_wconf 87' lang='lat' dir='ltr'>Lute-</span> 
     </span>
     <span class='ocr_line' id='line_1_14' title="bbox 220 1354 365 1380; baseline -0.007 0"><span class='ocrx_word' id='word_1_21' title='bbox 220 1354 365 1380; x_wconf 65' lang='grc' dir='ltr'><strong>1111103.Μο-</strong></span> 
     </span>
     <span class='ocr_line' id='line_1_15' title="bbox 219 1395 366 1428; baseline 0 -7"><span class='ocrx_word' id='word_1_22' title='bbox 219 1397 298 1421; x_wconf 86' lang='lat' dir='ltr'>vetur</span> <span class='ocrx_word' id='word_1_23' title='bbox 312 1395 366 1428; x_wconf 86' lang='lat' dir='ltr'>pie-</span> 
     </span>
     <span class='ocr_line' id='line_1_16' title="bbox 224 1434 335 1460; baseline 0 0"><span class='ocrx_word' id='word_1_24' title='bbox 224 1436 278 1460; x_wconf 83' lang='lat' dir='ltr'>tate</span> <span class='ocrx_word' id='word_1_25' title='bbox 291 1434 335 1460; x_wconf 90' lang='lat' dir='ltr'>ho-</span> 
     </span>
     <span class='ocr_line' id='line_1_17' title="bbox 225 1473 369 1507; baseline 0 -8"><span class='ocrx_word' id='word_1_26' title='bbox 225 1473 303 1507; x_wconf 84' lang='lat' dir='ltr'>spitis</span> <span class='ocrx_word' id='word_1_27' title='bbox 318 1473 369 1500; x_wconf 83' lang='lat' dir='ltr'>hae-</span> 
     </span>
     <span class='ocr_line' id='line_1_18' title="bbox 225 1516 330 1542; baseline 0.01 -1"><span class='ocrx_word' id='word_1_28' title='bbox 225 1516 330 1542; x_wconf 83' lang='lat' dir='ltr'>reticus.</span> 
     </span>
    </p>
   </div>
   <div class='ocr_carea' id='block_1_3' title="bbox 226 1949 371 2231">
    <p class='ocr_par' dir='ltr' id='par_1_3' title="bbox 226 1949 371 2231">
     <span class='ocr_line' id='line_1_19' title="bbox 283 1949 306 1975; baseline 0.043 -1"><span class='ocrx_word' id='word_1_29' title='bbox 283 1949 306 1975; x_wconf 86' lang='lat'>9.</span> 
     </span>
     <span class='ocr_line' id='line_1_20' title="bbox 227 1988 370 2014; baseline 0 0"><span class='ocrx_word' id='word_1_30' title='bbox 227 1988 310 2014; x_wconf 78' lang='lat' dir='ltr'>vilnae</span> <span class='ocrx_word' id='word_1_31' title='bbox 328 1988 370 2014; x_wconf 83' lang='lat' dir='ltr'>Se-</span> 
     </span>
     <span class='ocr_line' id='line_1_21' title="bbox 228 2027 368 2054; baseline 0 -1"><span class='ocrx_word' id='word_1_32' title='bbox 228 2027 368 2054; x_wconf 83' lang='lat' dir='ltr'>minarium</span> 
     </span>
     <span class='ocr_line' id='line_1_22' title="bbox 227 2073 339 2099; baseline -0.009 0"><span class='ocrx_word' id='word_1_33' title='bbox 227 2073 339 2099; x_wconf 83' lang='lat' dir='ltr'>Ruteni-</span> 
     </span>
     <span class='ocr_line' id='line_1_23' title="bbox 229 2115 355 2142; baseline -0.016 0"><span class='ocrx_word' id='word_1_34' title='bbox 229 2124 287 2142; x_wconf 86' lang='lat' dir='ltr'>cum</span> <span class='ocrx_word' id='word_1_35' title='bbox 298 2115 355 2141; x_wconf 85' lang='lat' dir='ltr'>vult</span> 
     </span>
     <span class='ocr_line' id='line_1_24' title="bbox 226 2155 334 2181; baseline -0.009 0"><span class='ocrx_word' id='word_1_36' title='bbox 226 2155 334 2181; x_wconf 81' lang='lat' dir='ltr'>institui</span> 
     </span>
     <span class='ocr_line' id='line_1_25' title="bbox 227 2197 371 2231; baseline -0.014 -8"><span class='ocrx_word' id='word_1_37' title='bbox 227 2197 371 2231; x_wconf 76' lang='lat' dir='ltr'>Gregorius</span> 
     </span>
    </p>
   </div>
   <div class='ocr_carea' id='block_1_4' title="bbox 284 2430 323 2456">
    <p class='ocr_par' dir='ltr' id='par_1_4' title="bbox 284 2430 323 2456">
     <span class='ocr_line' id='line_1_26' title="bbox 284 2430 323 2456; baseline 0 0"><span class='ocrx_word' id='word_1_38' title='bbox 284 2430 323 2456; x_wconf 85' lang='lat'>10.</span> 
     </span>
    </p>
   </div>
   <div class='ocr_carea' id='block_1_5' title="bbox 231 2469 372 2536">
    <p class='ocr_par' dir='ltr' id='par_1_5' title="bbox 231 2469 372 2536">
     <span class='ocr_line' id='line_1_27' title="bbox 231 2469 372 2497; baseline 0.007 -1"><span class='ocrx_word' id='word_1_39' title='bbox 231 2469 316 2497; x_wconf 79' lang='lat' dir='ltr'>Vilnae</span> <span class='ocrx_word' id='word_1_40' title='bbox 332 2479 372 2497; x_wconf 82' lang='lat' dir='ltr'>ca-</span> 
     </span>
     <span class='ocr_line' id='line_1_28' title="bbox 231 2510 353 2536; baseline 0.008 -1"><span class='ocrx_word' id='word_1_41' title='bbox 231 2510 353 2536; x_wconf 68' lang='lat' dir='ltr'>tet-bisini</span> 
     </span>
    </p>
   </div>
   <div class='ocr_carea' id='block_1_6' title="bbox 401 319 1683 351">
    <p class='ocr_par' dir='ltr' id='par_1_6' title="bbox 401 319 1683 351">
     <span class='ocr_line' id='line_1_29' title="bbox 401 319 1683 351; baseline -0.002 0"><span class='ocrx_word' id='word_1_42' title='bbox 401 319 459 351; x_wconf 84' lang='lat'>106</span> <span class='ocrx_word' id='word_1_43' title='bbox 790 319 1064 350; x_wconf 80' lang='lat' dir='ltr'>LITUANICARUM</span> <span class='ocrx_word' id='word_1_44' title='bbox 1088 320 1299 349; x_wconf 90' lang='lat' dir='ltr'>SOCIETATIS</span> <span class='ocrx_word' id='word_1_45' title='bbox 1321 319 1407 349; x_wconf 88' lang='lat' dir='ltr'>JESU</span> <span class='ocrx_word' id='word_1_46' title='bbox 1431 320 1683 349; x_wconf 77' lang='lat' dir='ltr'>HISTORIARUM</span> 
     </span>
    </p>
   </div>
   <div class='ocr_carea' id='block_1_7' title="bbox 396 412 2025 2570">
    <p class='ocr_par' dir='ltr' id='par_1_7' title="bbox 396 412 2024 1081">
     <span class='ocr_line' id='line_1_30' title="bbox 400 412 2021 459; baseline 0 -11"><span class='ocrx_word' id='word_1_47' title='bbox 400 412 576 448; x_wconf 90' lang='lat' dir='ltr'>studiosor</span> <span class='ocrx_word' id='word_1_48' title='bbox 590 412 698 448; x_wconf 91' lang='lat' dir='ltr'>multo</span> <span class='ocrx_word' id='word_1_49' title='bbox 714 416 748 448; x_wconf 89' lang='lat' dir='ltr'>et</span> <span class='ocrx_word' id='word_1_50' title='bbox 758 413 920 459; x_wconf 64' lang='grc' dir='ltr'>ι1113111100,</span> <span class='ocrx_word' id='word_1_51' title='bbox 942 412 1121 458; x_wconf 78' lang='lat' dir='ltr'>nostrique</span> <span class='ocrx_word' id='word_1_52' title='bbox 1141 412 1284 448; x_wconf 82' lang='lat' dir='ltr'>Ordinis</span> <span class='ocrx_word' id='word_1_53' title='bbox 1302 412 1489 454; x_wconf 75' lang='lat' dir='ltr'><strong>amantior,</strong></span> <span class='ocrx_word' id='word_1_54' title='bbox 1510 413 1717 447; x_wconf 88' lang='lat' dir='ltr'>Theodorus</span> <span class='ocrx_word' id='word_1_55' title='bbox 1737 412 1882 448; x_wconf 89' lang='lat' dir='ltr'>Skumin</span> <span class='ocrx_word' id='word_1_56' title='bbox 1898 413 2021 448; x_wconf 90' lang='lat' dir='ltr'>Novo-</span> 
     </span>
     <span class='ocr_line' id='line_1_31' title="bbox 398 474 2022 522; baseline 0 -13"><span class='ocrx_word' id='word_1_57' title='bbox 398 475 626 521; x_wconf 83' lang='lat' dir='ltr'>grodensium</span> <span class='ocrx_word' id='word_1_58' title='bbox 640 474 834 510; x_wconf 85' lang='lat' dir='ltr'>Palatinus.</span> <span class='ocrx_word' id='word_1_59' title='bbox 850 474 919 509; x_wconf 84' lang='lat' dir='ltr'>Sed</span> <span class='ocrx_word' id='word_1_60' title='bbox 934 474 1427 522; x_wconf 78' lang='lat' dir='ltr'>Dorohostayskio,&#39;invidiam</span> <span class='ocrx_word' id='word_1_61' title='bbox 1443 475 1737 521; x_wconf 71' lang='lat' dir='ltr'>cupiditatemque</span> <span class='ocrx_word' id='word_1_62' title='bbox 1752 475 1786 509; x_wconf 93' lang='lat' dir='ltr'>in</span> <span class='ocrx_word' id='word_1_63' title='bbox 1802 486 1908 510; x_wconf 85' lang='lat' dir='ltr'>causa</span> <span class='ocrx_word' id='word_1_64' title='bbox 1922 475 2022 510; x_wconf 91' lang='lat' dir='ltr'>dissi-</span> 
     </span>
     <span class='ocr_line' id='line_1_32' title="bbox 400 536 2022 582; baseline 0.001 -12"><span class='ocrx_word' id='word_1_65' title='bbox 400 536 534 571; x_wconf 83' lang='lat' dir='ltr'>mulare</span> <span class='ocrx_word' id='word_1_66' title='bbox 554 536 733 577; x_wconf 89' lang='lat' dir='ltr'>nescienti,</span> <span class='ocrx_word' id='word_1_67' title='bbox 755 548 776 570; x_wconf 83' lang='lat' dir='ltr'>a</span> <span class='ocrx_word' id='word_1_68' title='bbox 795 537 898 571; x_wconf 88' lang='lat' dir='ltr'>Petro</span> <span class='ocrx_word' id='word_1_69' title='bbox 927 536 1080 582; x_wconf 65' lang='lat' dir='ltr'>Skaiga,</span> <span class='ocrx_word' id='word_1_70' title='bbox 1103 548 1203 582; x_wconf 89' lang='lat' dir='ltr'>quem</span> <span class='ocrx_word' id='word_1_71' title='bbox 1230 537 1428 582; x_wconf 83' lang='lat' dir='ltr'>Campanus</span> <span class='ocrx_word' id='word_1_72' title='bbox 1455 536 1550 582; x_wconf 75' lang='lat' dir='ltr'>Riga</span> <span class='ocrx_word' id='word_1_73' title='bbox 1570 536 1748 571; x_wconf 89' lang='lat' dir='ltr'>Polociam</span> <span class='ocrx_word' id='word_1_74' title='bbox 1776 536 1822 570; x_wconf 87' lang='lat' dir='ltr'>ad</span> <span class='ocrx_word' id='word_1_75' title='bbox 1848 536 1935 571; x_wconf 89' lang='lat' dir='ltr'>illud</span> <span class='ocrx_word' id='word_1_76' title='bbox 1961 537 2022 571; x_wconf 87' lang='lat' dir='ltr'>tri-</span> 
     </span>
     <span class='ocr_line' id='line_1_33' title="bbox 399 598 2024 644; baseline 0.001 -12"><span class='ocrx_word' id='word_1_77' title='bbox 399 598 507 632; x_wconf 85' lang='lat' dir='ltr'>bunal</span> <span class='ocrx_word' id='word_1_78' title='bbox 532 598 686 639; x_wconf 75' lang='lat' dir='ltr'>miserat,</span> <span class='ocrx_word' id='word_1_79' title='bbox 705 609 747 633; x_wconf 84' lang='lat' dir='ltr'>ea</span> <span class='ocrx_word' id='word_1_80' title='bbox 773 598 815 632; x_wconf 90' lang='lat' dir='ltr'>de</span> <span class='ocrx_word' id='word_1_81' title='bbox 842 610 880 632; x_wconf 89' lang='lat' dir='ltr'>re</span> <span class='ocrx_word' id='word_1_82' title='bbox 904 610 966 644; x_wconf 89' lang='lat' dir='ltr'>per</span> <span class='ocrx_word' id='word_1_83' title='bbox 997 598 1133 633; x_wconf 77' lang='lat' dir='ltr'>litteras</span> <span class='ocrx_word' id='word_1_84' title='bbox 1163 598 1376 639; x_wconf 87' lang='lat' dir='ltr'>admonitus,</span> <span class='ocrx_word' id='word_1_85' title='bbox 1405 599 1662 644; x_wconf 75' lang='lat' dir='ltr'>recuperatoris</span> <span class='ocrx_word' id='word_1_86' title='bbox 1689 599 1935 644; x_wconf 81' lang='lat' dir='ltr'>magistratum</span> <span class='ocrx_word' id='word_1_87' title='bbox 1962 611 2024 634; x_wconf 78' lang='lat' dir='ltr'>rex</span> 
     </span>
     <span class='ocr_line' id='line_1_34' title="bbox 399 659 2022 707; baseline 0 -11"><span class='ocrx_word' id='word_1_88' title='bbox 399 661 557 707; x_wconf 81' lang='lat' dir='ltr'>abrogat.</span> <span class='ocrx_word' id='word_1_89' title='bbox 588 662 665 696; x_wconf 86' lang='lat' dir='ltr'>Hoc</span> <span class='ocrx_word' id='word_1_90' title='bbox 695 660 852 707; x_wconf 78' lang='lat' dir='ltr'>exemplo</span> <span class='ocrx_word' id='word_1_91' title='bbox 881 660 1094 695; x_wconf 83' lang='lat' dir='ltr'>castellanus</span> <span class='ocrx_word' id='word_1_92' title='bbox 1122 659 1440 694; x_wconf 85' lang='lat' dir='ltr'>Mscislaviensium</span> <span class='ocrx_word' id='word_1_93' title='bbox 1468 660 1614 700; x_wconf 86' lang='lat' dir='ltr'>cautior,</span> <span class='ocrx_word' id='word_1_94' title='bbox 1645 660 1798 695; x_wconf 86' lang='lat' dir='ltr'>animum</span> <span class='ocrx_word' id='word_1_95' title='bbox 1825 660 1951 696; x_wconf 89' lang='lat' dir='ltr'>deinde</span> <span class='ocrx_word' id='word_1_96' title='bbox 1977 662 2022 696; x_wconf 86' lang='lat' dir='ltr'>ad</span> 
     </span>
     <span class='ocr_line' id='line_1_35' title="bbox 397 721 2022 769; baseline 0.001 -12"><span class='ocrx_word' id='word_1_97' title='bbox 397 723 597 768; x_wconf 69' lang='lat' dir='ltr'>aequitatem</span> <span class='ocrx_word' id='word_1_98' title='bbox 611 735 688 758; x_wconf 91' lang='lat' dir='ltr'>cum</span> <span class='ocrx_word' id='word_1_99' title='bbox 703 734 766 757; x_wconf 88' lang='lat' dir='ltr'>suo</span> <span class='ocrx_word' id='word_1_100' title='bbox 781 722 918 768; x_wconf 79' lang='lat' dir='ltr'>collega</span> <span class='ocrx_word' id='word_1_101' title='bbox 932 722 1093 757; x_wconf 85' lang='lat' dir='ltr'>advertit.</span> <span class='ocrx_word' id='word_1_102' title='bbox 1114 722 1346 768; x_wconf 88' lang='lat' dir='ltr'>Disputarunt</span> <span class='ocrx_word' id='word_1_103' title='bbox 1360 723 1462 756; x_wconf 82' lang='lat' dir='ltr'>ambo</span> <span class='ocrx_word' id='word_1_104' title='bbox 1479 721 1643 769; x_wconf 86' lang='lat' dir='ltr'>deinceps</span> <span class='ocrx_word' id='word_1_105' title='bbox 1659 735 1732 758; x_wconf 86' lang='lat' dir='ltr'>rem</span> <span class='ocrx_word' id='word_1_106' title='bbox 1747 723 1853 764; x_wconf 85' lang='lat' dir='ltr'>serio,</span> <span class='ocrx_word' id='word_1_107' title='bbox 1867 724 2022 759; x_wconf 82' lang='lat' dir='ltr'>excussis</span> 
     </span>
     <span class='ocr_line' id='line_1_36' title="bbox 396 785 2022 832; baseline 0.002 -12"><span class='ocrx_word' id='word_1_108' title='bbox 396 785 545 832; x_wconf 88' lang='lat' dir='ltr'>denique</span> <span class='ocrx_word' id='word_1_109' title='bbox 576 786 736 821; x_wconf 90' lang='lat' dir='ltr'>omnibus</span> <span class='ocrx_word' id='word_1_110' title='bbox 767 786 843 832; x_wconf 83' lang='lat' dir='ltr'>ejus</span> <span class='ocrx_word' id='word_1_111' title='bbox 874 786 1064 832; x_wconf 70' lang='lat' dir='ltr'>provinciae</span> <span class='ocrx_word' id='word_1_112' title='bbox 1090 785 1288 821; x_wconf 71' lang='lat' dir='ltr'>tabulariis,</span> <span class='ocrx_word' id='word_1_113' title='bbox 1316 797 1378 831; x_wconf 91' lang='lat' dir='ltr'>pro</span> <span class='ocrx_word' id='word_1_114' title='bbox 1404 785 1543 831; x_wconf 81' lang='lat' dir='ltr'>justitia</span> <span class='ocrx_word' id='word_1_115' title='bbox 1574 785 1775 820; x_wconf 85' lang='lat' dir='ltr'>decernunt.</span> <span class='ocrx_word' id='word_1_116' title='bbox 1811 787 1946 822; x_wconf 87' lang='lat' dir='ltr'>Parent</span> <span class='ocrx_word' id='word_1_117' title='bbox 1965 787 2022 823; x_wconf 91' lang='lat' dir='ltr'>de-</span> 
     </span>
     <span class='ocr_line' id='line_1_37' title="bbox 396 847 2012 894; baseline 0.001 -11"><span class='ocrx_word' id='word_1_118' title='bbox 396 852 503 889; x_wconf 86' lang='lat' dir='ltr'>creto,</span> <span class='ocrx_word' id='word_1_119' title='bbox 524 848 613 883; x_wconf 87' lang='lat' dir='ltr'>nihil</span> <span class='ocrx_word' id='word_1_120' title='bbox 630 847 794 887; x_wconf 86' lang='lat' dir='ltr'>cunctati,</span> <span class='ocrx_word' id='word_1_121' title='bbox 817 847 878 882; x_wconf 87' lang='lat' dir='ltr'>alii</span> <span class='ocrx_word' id='word_1_122' title='bbox 896 860 902 881; x_wconf 91' lang='lat'>:</span> <span class='ocrx_word' id='word_1_123' title='bbox 921 847 983 882; x_wconf 87' lang='lat' dir='ltr'>alii</span> <span class='ocrx_word' id='word_1_124' title='bbox 1001 847 1195 882; x_wconf 84' lang='lat' dir='ltr'>abradendi</span> <span class='ocrx_word' id='word_1_125' title='bbox 1215 847 1296 882; x_wconf 88' lang='lat' dir='ltr'>inde</span> <span class='ocrx_word' id='word_1_126' title='bbox 1309 847 1398 881; x_wconf 89' lang='lat' dir='ltr'>lucri</span> <span class='ocrx_word' id='word_1_127' title='bbox 1413 847 1562 894; x_wconf 81' lang='lat' dir='ltr'>alicujus</span> <span class='ocrx_word' id='word_1_128' title='bbox 1582 848 1772 894; x_wconf 87' lang='lat' dir='ltr'>cupiditate</span> <span class='ocrx_word' id='word_1_129' title='bbox 1785 849 2012 891; x_wconf 85' lang='lat' dir='ltr'>inflammati,</span> 
     </span>
     <span class='ocr_line' id='line_1_38' title="bbox 397 908 2024 956; baseline 0.001 -11"><span class='ocrx_word' id='word_1_130' title='bbox 397 922 516 956; x_wconf 79' lang='lat' dir='ltr'>regem</span> <span class='ocrx_word' id='word_1_131' title='bbox 534 910 648 956; x_wconf 88' lang='lat' dir='ltr'>ipsum</span> <span class='ocrx_word' id='word_1_132' title='bbox 667 908 854 955; x_wconf 81' lang='lat' dir='ltr'>appellant.</span> <span class='ocrx_word' id='word_1_133' title='bbox 877 909 958 943; x_wconf 90' lang='lat' dir='ltr'>Non</span> <span class='ocrx_word' id='word_1_134' title='bbox 991 909 1101 945; x_wconf 85' lang='lat' dir='ltr'>multa</span> <span class='ocrx_word' id='word_1_135' title='bbox 1132 910 1182 944; x_wconf 89' lang='lat' dir='ltr'>illi</span> <span class='ocrx_word' id='word_1_136' title='bbox 1216 913 1343 955; x_wconf 79' lang='lat' dir='ltr'>rogatu</span> <span class='ocrx_word' id='word_1_137' title='bbox 1378 909 1486 944; x_wconf 90' lang='grc'><strong>11111110</strong></span> <span class='ocrx_word' id='word_1_138' title='bbox 1514 915 1716 945; x_wconf 83' lang='lat' dir='ltr'>exorarunt.</span> <span class='ocrx_word' id='word_1_139' title='bbox 1740 911 1875 946; x_wconf 73' lang='lat' dir='ltr'>Caetera</span> <span class='ocrx_word' id='word_1_140' title='bbox 1907 913 2024 947; x_wconf 90' lang='lat' dir='ltr'>omnia</span> 
     </span>
     <span class='ocr_line' id='line_1_39' title="bbox 397 971 2024 1018; baseline 0.001 -12"><span class='ocrx_word' id='word_1_141' title='bbox 397 972 558 1018; x_wconf 88' lang='lat' dir='ltr'>princeps</span> <span class='ocrx_word' id='word_1_142' title='bbox 581 971 721 1006; x_wconf 90' lang='lat' dir='ltr'>omnino</span> <span class='ocrx_word' id='word_1_143' title='bbox 741 971 870 1005; x_wconf 90' lang='lat' dir='ltr'>nostris</span> <span class='ocrx_word' id='word_1_144' title='bbox 887 971 988 1005; x_wconf 83' lang='lat' dir='ltr'>reddi</span> <span class='ocrx_word' id='word_1_145' title='bbox 1001 971 1128 1018; x_wconf 83' lang='lat' dir='ltr'>jussit;</span> <span class='ocrx_word' id='word_1_146' title='bbox 1153 971 1449 1016; x_wconf 71' lang='lat' dir='ltr'>donationemque</span> <span class='ocrx_word' id='word_1_147' title='bbox 1463 972 1587 1006; x_wconf 87' lang='lat' dir='ltr'>horum</span> <span class='ocrx_word' id='word_1_148' title='bbox 1602 984 1664 1018; x_wconf 88' lang='lat' dir='ltr'>per</span> <span class='ocrx_word' id='word_1_149' title='bbox 1679 973 1819 1007; x_wconf 85' lang='lat' dir='ltr'>comitia</span> <span class='ocrx_word' id='word_1_150' title='bbox 1838 973 2024 1009; x_wconf 82' lang='lat' dir='ltr'>Varsaviae</span> 
     </span>
     <span class='ocr_line' id='line_1_40' title="bbox 397 1034 1922 1081; baseline 0.001 -12"><span class='ocrx_word' id='word_1_151' title='bbox 397 1034 578 1080; x_wconf 85' lang='lat' dir='ltr'>generalia</span> <span class='ocrx_word' id='word_1_152' title='bbox 592 1045 650 1068; x_wconf 86' lang='lat' dir='ltr'>an.</span> <span class='ocrx_word' id='word_1_153' title='bbox 671 1034 764 1069; x_wconf 78' lang='lat'>1585</span> <span class='ocrx_word' id='word_1_154' title='bbox 782 1045 955 1068; x_wconf 90' lang='lat' dir='ltr'>consensu</span> <span class='ocrx_word' id='word_1_155' title='bbox 975 1035 1080 1069; x_wconf 86' lang='lat' dir='ltr'>etiam</span> <span class='ocrx_word' id='word_1_156' title='bbox 1095 1035 1202 1070; x_wconf 88' lang='lat' dir='ltr'>totius</span> <span class='ocrx_word' id='word_1_157' title='bbox 1222 1047 1284 1081; x_wconf 89' lang='lat' dir='ltr'>per</span> <span class='ocrx_word' id='word_1_158' title='bbox 1303 1046 1383 1070; x_wconf 88' lang='lat' dir='ltr'>suos</span> <span class='ocrx_word' id='word_1_159' title='bbox 1399 1035 1536 1080; x_wconf 70' lang='lat' dir='ltr'>legatos</span> <span class='ocrx_word' id='word_1_160' title='bbox 1557 1036 1672 1080; x_wconf 78' lang='lat' dir='ltr'>gentis</span> <span class='ocrx_word' id='word_1_161' title='bbox 1694 1036 1922 1071; x_wconf 84' lang='lat' dir='ltr'>confirmavit.</span> 
     </span>
    </p>

    <p class='ocr_par' dir='ltr' id='par_1_8' title="bbox 397 1096 2025 1950">
     <span class='ocr_line' id='line_1_41' title="bbox 445 1096 2023 1142; baseline 0.003 -11"><span class='ocrx_word' id='word_1_162' title='bbox 445 1096 500 1131; x_wconf 86' lang='lat' dir='ltr'>Ad</span> <span class='ocrx_word' id='word_1_163' title='bbox 526 1108 657 1142; x_wconf 82' lang='lat' dir='ltr'>regem,</span> <span class='ocrx_word' id='word_1_164' title='bbox 684 1096 790 1141; x_wconf 76' lang='lat' dir='ltr'>Rigae</span> <span class='ocrx_word' id='word_1_165' title='bbox 822 1101 1108 1138; x_wconf 76' lang='lat' dir='ltr'>commorantem,</span> <span class='ocrx_word' id='word_1_166' title='bbox 1130 1097 1345 1132; x_wconf 89' lang='lat' dir='ltr'>Possevinus</span> <span class='ocrx_word' id='word_1_167' title='bbox 1366 1098 1591 1138; x_wconf 82' lang='lat' dir='ltr'>contendens,</span> <span class='ocrx_word' id='word_1_168' title='bbox 1619 1098 1765 1132; x_wconf 87' lang='lat' dir='ltr'>Disnam</span> <span class='ocrx_word' id='word_1_169' title='bbox 1785 1102 1819 1134; x_wconf 83' lang='lat' dir='ltr'>et</span> <span class='ocrx_word' id='word_1_170' title='bbox 1842 1099 2023 1135; x_wconf 87' lang='lat' dir='ltr'>Dunebur-</span> 
     </span>
     <span class='ocr_line' id='line_1_42' title="bbox 397 1158 2023 1206; baseline 0.002 -11"><span class='ocrx_word' id='word_1_171' title='bbox 397 1172 480 1206; x_wconf 83' lang='lat' dir='ltr'>gum</span> <span class='ocrx_word' id='word_1_172' title='bbox 499 1162 762 1206; x_wconf 70' lang='lat' dir='ltr'>praetervectus,</span> <span class='ocrx_word' id='word_1_173' title='bbox 788 1158 926 1193; x_wconf 74' lang='lat' dir='ltr'>Illuxtae</span> <span class='ocrx_word' id='word_1_174' title='bbox 945 1159 979 1193; x_wconf 92' lang='lat' dir='ltr'>in</span> <span class='ocrx_word' id='word_1_175' title='bbox 995 1161 1121 1206; x_wconf 89' lang='lat' dir='ltr'>oppido</span> <span class='ocrx_word' id='word_1_176' title='bbox 1142 1161 1311 1201; x_wconf 84' lang='lat' dir='ltr'>Livoniae,</span> <span class='ocrx_word' id='word_1_177' title='bbox 1347 1160 1532 1195; x_wconf 82' lang='lat' dir='ltr'>Paschatis</span> <span class='ocrx_word' id='word_1_178' title='bbox 1559 1160 1757 1195; x_wconf 83' lang='lat' dir='ltr'>celebrandi</span> <span class='ocrx_word' id='word_1_179' title='bbox 1789 1173 1908 1201; x_wconf 82' lang='lat' dir='ltr'>causa,</span> <span class='ocrx_word' id='word_1_180' title='bbox 1942 1175 2023 1198; x_wconf 90' lang='lat' dir='ltr'>con-</span> 
     </span>
     <span class='ocr_line' id='line_1_43' title="bbox 399 1222 2021 1268; baseline 0 -8"><span class='ocrx_word' id='word_1_181' title='bbox 399 1225 498 1265; x_wconf 89' lang='lat' dir='ltr'>stitit,</span> <span class='ocrx_word' id='word_1_182' title='bbox 528 1223 603 1258; x_wconf 90' lang='grc'><strong>1000</strong></span> <span class='ocrx_word' id='word_1_183' title='bbox 624 1234 709 1258; x_wconf 87' lang='lat' dir='ltr'>sane</span> <span class='ocrx_word' id='word_1_184' title='bbox 728 1223 823 1257; x_wconf 84' lang='lat' dir='ltr'>haud</span> <span class='ocrx_word' id='word_1_185' title='bbox 843 1224 1023 1258; x_wconf 88' lang='lat' dir='ltr'>commodo</span> <span class='ocrx_word' id='word_1_186' title='bbox 1040 1236 1046 1257; x_wconf 87' lang='lat'><strong>:</strong></span> <span class='ocrx_word' id='word_1_187' title='bbox 1068 1223 1126 1257; x_wconf 88' lang='lat' dir='ltr'>ubi</span> <span class='ocrx_word' id='word_1_188' title='bbox 1145 1235 1189 1258; x_wconf 90' lang='lat' dir='ltr'>ne</span> <span class='ocrx_word' id='word_1_189' title='bbox 1209 1222 1392 1257; x_wconf 71' lang='lat' dir='ltr'>aediculam</span> <span class='ocrx_word' id='word_1_190' title='bbox 1411 1222 1548 1267; x_wconf 84' lang='lat' dir='ltr'>quidem</span> <span class='ocrx_word' id='word_1_191' title='bbox 1576 1234 1693 1262; x_wconf 85' lang='lat' dir='ltr'>unam,</span> <span class='ocrx_word' id='word_1_192' title='bbox 1722 1235 1826 1268; x_wconf 85' lang='lat' dir='ltr'>quam</span> <span class='ocrx_word' id='word_1_193' title='bbox 1852 1224 2021 1260; x_wconf 83' lang='lat' dir='ltr'>incoleret</span> 
     </span>
     <span class='ocr_line' id='line_1_44' title="bbox 397 1283 2024 1332; baseline -0.001 -11"><span class='ocrx_word' id='word_1_194' title='bbox 397 1287 525 1332; x_wconf 87' lang='lat' dir='ltr'>hospes</span> <span class='ocrx_word' id='word_1_195' title='bbox 545 1285 750 1326; x_wconf 81' lang='lat' dir='ltr'>catholicus,</span> <span class='ocrx_word' id='word_1_196' title='bbox 769 1285 959 1330; x_wconf 81' lang='lat' dir='ltr'>reperisses</span> <span class='ocrx_word' id='word_1_197' title='bbox 980 1299 987 1327; x_wconf 87' lang='grc'>;</span> <span class='ocrx_word' id='word_1_198' title='bbox 1009 1286 1066 1320; x_wconf 85' lang='grc'><strong>1110</strong></span> <span class='ocrx_word' id='word_1_199' title='bbox 1102 1285 1215 1319; x_wconf 80' lang='lat' dir='ltr'>viator</span> <span class='ocrx_word' id='word_1_200' title='bbox 1245 1285 1338 1320; x_wconf 82' lang='lat' dir='ltr'>intra</span> <span class='ocrx_word' id='word_1_201' title='bbox 1364 1287 1462 1330; x_wconf 86' lang='lat' dir='ltr'>septa</span> <span class='ocrx_word' id='word_1_202' title='bbox 1488 1283 1635 1317; x_wconf 88' lang='lat' dir='ltr'>ministri</span> <span class='ocrx_word' id='word_1_203' title='bbox 1667 1283 1889 1325; x_wconf 83' lang='lat' dir='ltr'>lutheranici,</span> <span class='ocrx_word' id='word_1_204' title='bbox 1911 1296 1974 1319; x_wconf 87' lang='lat' dir='ltr'>ara</span> <span class='ocrx_word' id='word_1_205' title='bbox 2003 1297 2024 1319; x_wconf 89' lang='lat' dir='ltr'>a</span> 
     </span>
     <span class='ocr_line' id='line_1_45' title="bbox 397 1344 2022 1393; baseline -0.001 -10"><span class='ocrx_word' id='word_1_206' title='bbox 397 1347 564 1383; x_wconf 83' lang='lat' dir='ltr'>cubiculis</span> <span class='ocrx_word' id='word_1_207' title='bbox 583 1350 717 1381; x_wconf 91' lang='lat' dir='ltr'>remoto</span> <span class='ocrx_word' id='word_1_208' title='bbox 737 1357 778 1380; x_wconf 84' lang='lat' dir='ltr'>ac</span> <span class='ocrx_word' id='word_1_209' title='bbox 795 1350 870 1380; x_wconf 88' lang='lat' dir='ltr'>tuto</span> <span class='ocrx_word' id='word_1_210' title='bbox 890 1346 965 1381; x_wconf 90' lang='grc'><strong>1000</strong></span> <span class='ocrx_word' id='word_1_211' title='bbox 980 1348 1104 1393; x_wconf 80' lang='lat' dir='ltr'>posita,</span> <span class='ocrx_word' id='word_1_212' title='bbox 1129 1347 1307 1382; x_wconf 86' lang='lat' dir='ltr'>coelestem</span> <span class='ocrx_word' id='word_1_213' title='bbox 1338 1345 1491 1380; x_wconf 89' lang='lat' dir='ltr'>hostiam</span> <span class='ocrx_word' id='word_1_214' title='bbox 1517 1344 1748 1390; x_wconf 76' lang='lat' dir='ltr'>triumphanti</span> <span class='ocrx_word' id='word_1_215' title='bbox 1780 1345 1822 1379; x_wconf 89' lang='lat' dir='ltr'>de</span> <span class='ocrx_word' id='word_1_216' title='bbox 1848 1350 1958 1381; x_wconf 88' lang='lat' dir='ltr'>morte</span> <span class='ocrx_word' id='word_1_217' title='bbox 1986 1347 2022 1381; x_wconf 91' lang='lat' dir='ltr'>in</span> 
     </span>
     <span class='ocr_line' id='line_1_46' title="bbox 399 1406 2023 1454; baseline -0.001 -9"><span class='ocrx_word' id='word_1_218' title='bbox 399 1421 462 1445; x_wconf 88' lang='lat' dir='ltr'>sua</span> <span class='ocrx_word' id='word_1_219' title='bbox 480 1408 639 1444; x_wconf 79' lang='lat' dir='ltr'>Ecclesia</span> <span class='ocrx_word' id='word_1_220' title='bbox 659 1408 796 1443; x_wconf 89' lang='lat' dir='ltr'>Christo</span> <span class='ocrx_word' id='word_1_221' title='bbox 817 1408 1008 1443; x_wconf 87' lang='lat' dir='ltr'>immolavit</span> <span class='ocrx_word' id='word_1_222' title='bbox 1040 1409 1261 1444; x_wconf 85' lang='lat' dir='ltr'>Sacrificanti</span> <span class='ocrx_word' id='word_1_223' title='bbox 1280 1408 1391 1442; x_wconf 85' lang='lat' dir='ltr'>adfuit</span> <span class='ocrx_word' id='word_1_224' title='bbox 1410 1406 1498 1441; x_wconf 81' lang='lat' dir='ltr'>sorte</span> <span class='ocrx_word' id='word_1_225' title='bbox 1517 1406 1570 1440; x_wconf 82' lang='lat' dir='ltr'>vir</span> <span class='ocrx_word' id='word_1_226' title='bbox 1588 1418 1606 1441; x_wconf 91' lang='lat' dir='ltr'>e</span> <span class='ocrx_word' id='word_1_227' title='bbox 1638 1406 1770 1441; x_wconf 87' lang='lat' dir='ltr'>civibus</span> <span class='ocrx_word' id='word_1_228' title='bbox 1802 1407 1877 1452; x_wconf 81' lang='lat' dir='ltr'>ejus</span> <span class='ocrx_word' id='word_1_229' title='bbox 1906 1409 2023 1454; x_wconf 90' lang='lat' dir='ltr'>oppidi</span> 
     </span>
     <span class='ocr_line' id='line_1_47' title="bbox 400 1468 2022 1517; baseline 0.002 -14"><span class='ocrx_word' id='word_1_230' title='bbox 400 1468 585 1515; x_wconf 87' lang='lat' dir='ltr'>primarius</span> <span class='ocrx_word' id='word_1_231' title='bbox 604 1481 609 1502; x_wconf 92' lang='lat'>:</span> <span class='ocrx_word' id='word_1_232' title='bbox 632 1470 674 1509; x_wconf 91' lang='lat' dir='ltr'>is,</span> <span class='ocrx_word' id='word_1_233' title='bbox 696 1468 889 1503; x_wconf 85' lang='lat' dir='ltr'>delectatus</span> <span class='ocrx_word' id='word_1_234' title='bbox 908 1469 1037 1515; x_wconf 87' lang='lat' dir='ltr'>pietate</span> <span class='ocrx_word' id='word_1_235' title='bbox 1057 1472 1219 1517; x_wconf 87' lang='lat' dir='ltr'>hospitis,</span> <span class='ocrx_word' id='word_1_236' title='bbox 1242 1471 1333 1505; x_wconf 90' lang='lat' dir='ltr'>ultro</span> <span class='ocrx_word' id='word_1_237' title='bbox 1352 1471 1419 1516; x_wconf 91' lang='lat' dir='ltr'>ipsi</span> <span class='ocrx_word' id='word_1_238' title='bbox 1439 1481 1538 1505; x_wconf 90' lang='lat' dir='ltr'>suum</span> <span class='ocrx_word' id='word_1_239' title='bbox 1558 1469 1659 1504; x_wconf 84' lang='lat' dir='ltr'>offert</span> <span class='ocrx_word' id='word_1_240' title='bbox 1683 1469 1807 1509; x_wconf 91' lang='lat' dir='ltr'>filium,</span> <span class='ocrx_word' id='word_1_241' title='bbox 1834 1474 1923 1511; x_wconf 82' lang='lat' dir='ltr'>orat,</span> <span class='ocrx_word' id='word_1_242' title='bbox 1945 1483 2022 1507; x_wconf 88' lang='lat' dir='ltr'>eum</span> 
     </span>
     <span class='ocr_line' id='line_1_48' title="bbox 398 1531 2022 1580; baseline 0.002 -14"><span class='ocrx_word' id='word_1_243' title='bbox 398 1531 480 1567; x_wconf 88' lang='lat' dir='ltr'>hinc</span> <span class='ocrx_word' id='word_1_244' title='bbox 499 1544 565 1578; x_wconf 90' lang='lat' dir='ltr'>quo</span> <span class='ocrx_word' id='word_1_245' title='bbox 599 1532 741 1567; x_wconf 82' lang='lat' dir='ltr'>libuerit</span> <span class='ocrx_word' id='word_1_246' title='bbox 759 1532 874 1578; x_wconf 86' lang='lat' dir='ltr'>(malle</span> <span class='ocrx_word' id='word_1_247' title='bbox 894 1545 931 1568; x_wconf 91' lang='lat' dir='ltr'>se</span> <span class='ocrx_word' id='word_1_248' title='bbox 945 1537 1064 1569; x_wconf 83' lang='lat' dir='ltr'>tamen</span> <span class='ocrx_word' id='word_1_249' title='bbox 1079 1534 1345 1580; x_wconf 79' lang='lat' dir='ltr'>Brunsbergam</span> <span class='ocrx_word' id='word_1_250' title='bbox 1365 1537 1424 1568; x_wconf 90' lang='lat' dir='ltr'>aut</span> <span class='ocrx_word' id='word_1_251' title='bbox 1445 1532 1663 1567; x_wconf 89' lang='lat' dir='ltr'>Olomucium</span> <span class='ocrx_word' id='word_1_252' title='bbox 1682 1544 1786 1578; x_wconf 87' lang='lat' dir='ltr'>quam</span> <span class='ocrx_word' id='word_1_253' title='bbox 1801 1533 1882 1579; x_wconf 85' lang='lat' dir='ltr'>alio)</span> <span class='ocrx_word' id='word_1_254' title='bbox 1905 1546 2022 1570; x_wconf 89' lang='lat' dir='ltr'>secum</span> 
     </span>
     <span class='ocr_line' id='line_1_49' title="bbox 400 1595 2023 1640; baseline 0.002 -11"><span class='ocrx_word' id='word_1_255' title='bbox 400 1595 542 1636; x_wconf 79' lang='lat' dir='ltr'>auferat,</span> <span class='ocrx_word' id='word_1_256' title='bbox 576 1595 667 1630; x_wconf 88' lang='lat' dir='ltr'>inter</span> <span class='ocrx_word' id='word_1_257' title='bbox 697 1595 888 1630; x_wconf 89' lang='lat' dir='ltr'>catholicos</span> <span class='ocrx_word' id='word_1_258' title='bbox 922 1596 1154 1630; x_wconf 88' lang='lat' dir='ltr'>educandum.</span> <span class='ocrx_word' id='word_1_259' title='bbox 1191 1595 1273 1630; x_wconf 91' lang='lat' dir='ltr'>Non</span> <span class='ocrx_word' id='word_1_260' title='bbox 1317 1595 1434 1630; x_wconf 88' lang='lat' dir='ltr'>multis</span> <span class='ocrx_word' id='word_1_261' title='bbox 1476 1595 1558 1629; x_wconf 87' lang='lat' dir='ltr'>hinc</span> <span class='ocrx_word' id='word_1_262' title='bbox 1592 1599 1795 1640; x_wconf 84' lang='lat' dir='ltr'>provectum</span> <span class='ocrx_word' id='word_1_263' title='bbox 1830 1595 2023 1632; x_wconf 87' lang='lat' dir='ltr'>intervallis</span> 
     </span>
     <span class='ocr_line' id='line_1_50' title="bbox 399 1655 2025 1704; baseline 0.001 -13"><span class='ocrx_word' id='word_1_264' title='bbox 399 1656 554 1703; x_wconf 80' lang='lat' dir='ltr'>legatum</span> <span class='ocrx_word' id='word_1_265' title='bbox 573 1656 854 1698; x_wconf 84' lang='lat' dir='ltr'>Moscoviticum‚</span> <span class='ocrx_word' id='word_1_266' title='bbox 878 1669 1027 1704; x_wconf 88' lang='lat' dir='ltr'>suosque</span> <span class='ocrx_word' id='word_1_267' title='bbox 1047 1657 1194 1692; x_wconf 87' lang='lat' dir='ltr'>comites</span> <span class='ocrx_word' id='word_1_268' title='bbox 1212 1668 1349 1697; x_wconf 82' lang='lat' dir='ltr'>novem,</span> <span class='ocrx_word' id='word_1_269' title='bbox 1381 1667 1467 1702; x_wconf 91' lang='lat' dir='ltr'>quos</span> <span class='ocrx_word' id='word_1_270' title='bbox 1494 1655 1554 1690; x_wconf 91' lang='lat' dir='ltr'>ille</span> <span class='ocrx_word' id='word_1_271' title='bbox 1581 1656 1625 1690; x_wconf 85' lang='lat' dir='ltr'>ad</span> <span class='ocrx_word' id='word_1_272' title='bbox 1649 1656 1848 1690; x_wconf 88' lang='lat' dir='ltr'>Romanum</span> <span class='ocrx_word' id='word_1_273' title='bbox 1876 1656 2025 1693; x_wconf 85' lang='lat' dir='ltr'>ducebat</span> 
     </span>
     <span class='ocr_line' id='line_1_51' title="bbox 400 1718 2023 1765; baseline 0.001 -12"><span class='ocrx_word' id='word_1_274' title='bbox 400 1718 620 1759; x_wconf 89' lang='lat' dir='ltr'>Pontificem,</span> <span class='ocrx_word' id='word_1_275' title='bbox 656 1723 851 1758; x_wconf 80' lang='lat' dir='ltr'>assecutus,</span> <span class='ocrx_word' id='word_1_276' title='bbox 873 1719 1005 1765; x_wconf 73' lang='lat' dir='ltr'>Rigam</span> <span class='ocrx_word' id='word_1_277' title='bbox 1036 1719 1169 1765; x_wconf 83' lang='lat' dir='ltr'>pariter</span> <span class='ocrx_word' id='word_1_278' title='bbox 1204 1719 1313 1753; x_wconf 89' lang='lat' dir='ltr'>venit.</span> <span class='ocrx_word' id='word_1_279' title='bbox 1348 1718 1524 1764; x_wconf 80' lang='lat' dir='ltr'>Exceptus</span> <span class='ocrx_word' id='word_1_280' title='bbox 1555 1718 1603 1751; x_wconf 87' lang='lat' dir='ltr'>ibi</span> <span class='ocrx_word' id='word_1_281' title='bbox 1629 1729 1650 1751; x_wconf 89' lang='lat' dir='ltr'>a</span> <span class='ocrx_word' id='word_1_282' title='bbox 1681 1718 1788 1764; x_wconf 76' lang='lat' dir='ltr'>regiis</span> <span class='ocrx_word' id='word_1_283' title='bbox 1808 1722 1879 1753; x_wconf 85' lang='lat' dir='ltr'>tam</span> <span class='ocrx_word' id='word_1_284' title='bbox 1908 1719 2023 1765; x_wconf 90' lang='lat' dir='ltr'>splen-</span> 
     </span>
     <span class='ocr_line' id='line_1_52' title="bbox 400 1779 2020 1826; baseline 0.001 -12"><span class='ocrx_word' id='word_1_285' title='bbox 400 1779 493 1821; x_wconf 88' lang='lat' dir='ltr'>dide,</span> <span class='ocrx_word' id='word_1_286' title='bbox 522 1784 571 1820; x_wconf 90' lang='lat' dir='ltr'>ut,</span> <span class='ocrx_word' id='word_1_287' title='bbox 603 1784 733 1826; x_wconf 84' lang='lat' dir='ltr'>quanto</span> <span class='ocrx_word' id='word_1_288' title='bbox 752 1781 831 1820; x_wconf 82' lang='lat' dir='ltr'>viri,</span> <span class='ocrx_word' id='word_1_289' title='bbox 868 1792 889 1814; x_wconf 88' lang='lat' dir='ltr'>a</span> <span class='ocrx_word' id='word_1_290' title='bbox 916 1781 1088 1815; x_wconf 85' lang='lat' dir='ltr'>Romanis</span> <span class='ocrx_word' id='word_1_291' title='bbox 1119 1780 1215 1814; x_wconf 84' lang='lat' dir='ltr'>missi</span> <span class='ocrx_word' id='word_1_292' title='bbox 1248 1780 1490 1821; x_wconf 88' lang='lat' dir='ltr'>Pontificibus,</span> <span class='ocrx_word' id='word_1_293' title='bbox 1530 1779 1699 1825; x_wconf 77' lang='lat' dir='ltr'>(lignandi</span> <span class='ocrx_word' id='word_1_294' title='bbox 1727 1785 1843 1816; x_wconf 83' lang='lat' dir='ltr'>essent</span> <span class='ocrx_word' id='word_1_295' title='bbox 1874 1782 2020 1823; x_wconf 84' lang='lat' dir='ltr'>honore,</span> 
     </span>
     <span class='ocr_line' id='line_1_53' title="bbox 400 1841 2024 1889; baseline 0.001 -12"><span class='ocrx_word' id='word_1_296' title='bbox 400 1842 571 1889; x_wconf 72' lang='lat' dir='ltr'>praeclaro</span> <span class='ocrx_word' id='word_1_297' title='bbox 590 1854 627 1877; x_wconf 88' lang='lat' dir='ltr'>se</span> <span class='ocrx_word' id='word_1_298' title='bbox 644 1842 756 1877; x_wconf 89' lang='lat' dir='ltr'>Mosci</span> <span class='ocrx_word' id='word_1_299' title='bbox 772 1842 930 1888; x_wconf 78' lang='lat' dir='ltr'>exemplo</span> <span class='ocrx_word' id='word_1_300' title='bbox 962 1843 1111 1877; x_wconf 88' lang='lat' dir='ltr'>monitos</span> <span class='ocrx_word' id='word_1_301' title='bbox 1136 1842 1387 1887; x_wconf 79' lang='lat' dir='ltr'>intelligerent.</span> <span class='ocrx_word' id='word_1_302' title='bbox 1418 1841 1571 1887; x_wconf 78' lang='lat' dir='ltr'>Reliqua</span> <span class='ocrx_word' id='word_1_303' title='bbox 1597 1842 1715 1888; x_wconf 80' lang='lat' dir='ltr'>legato</span> <span class='ocrx_word' id='word_1_304' title='bbox 1748 1843 1888 1888; x_wconf 78' lang='lat' dir='ltr'>negotia</span> <span class='ocrx_word' id='word_1_305' title='bbox 1919 1844 2024 1879; x_wconf 90' lang='lat' dir='ltr'>confi-</span> 
     </span>
     <span class='ocr_line' id='line_1_54' title="bbox 401 1903 1284 1950; baseline -0.002 -11"><span class='ocrx_word' id='word_1_306' title='bbox 401 1903 505 1939; x_wconf 88' lang='lat' dir='ltr'>cienti</span> <span class='ocrx_word' id='word_1_307' title='bbox 520 1904 625 1950; x_wconf 78' lang='lat' dir='ltr'>Rigae</span> <span class='ocrx_word' id='word_1_308' title='bbox 640 1904 768 1940; x_wconf 78' lang='lat' dir='ltr'>litterae</span> <span class='ocrx_word' id='word_1_309' title='bbox 788 1904 950 1950; x_wconf 81' lang='lat' dir='ltr'>Gregorii</span> <span class='ocrx_word' id='word_1_310' title='bbox 967 1904 1057 1939; x_wconf 87' lang='lat' dir='ltr'>XIII</span> <span class='ocrx_word' id='word_1_311' title='bbox 1077 1903 1284 1938; x_wconf 75' lang='lat' dir='ltr'>afferuntur.</span> 
     </span>
    </p>

    <p class='ocr_par' dir='ltr' id='par_1_9' title="bbox 400 1964 2023 2570">
     <span class='ocr_line' id='line_1_55' title="bbox 448 1964 2023 2013; baseline 0.001 -13"><span class='ocrx_word' id='word_1_312' title='bbox 448 1966 614 2000; x_wconf 83' lang='lat' dir='ltr'>Monetur</span> <span class='ocrx_word' id='word_1_313' title='bbox 634 1966 702 2008; x_wconf 88' lang='lat' dir='ltr'>his,</span> <span class='ocrx_word' id='word_1_314' title='bbox 723 1970 862 2001; x_wconf 83' lang='lat' dir='ltr'>curaret</span> <span class='ocrx_word' id='word_1_315' title='bbox 881 1966 1082 2001; x_wconf 83' lang='lat' dir='ltr'>erudiendis</span> <span class='ocrx_word' id='word_1_316' title='bbox 1100 1965 1250 2000; x_wconf 82' lang='lat' dir='ltr'>Rutenis</span> <span class='ocrx_word' id='word_1_317' title='bbox 1282 1964 1505 1999; x_wconf 86' lang='lat' dir='ltr'>seminarium</span> <span class='ocrx_word' id='word_1_318' title='bbox 1532 1965 1664 1999; x_wconf 89' lang='lat' dir='ltr'>institui</span> <span class='ocrx_word' id='word_1_319' title='bbox 1696 1965 1824 2006; x_wconf 83' lang='lat' dir='ltr'>Vilnae,</span> <span class='ocrx_word' id='word_1_320' title='bbox 1859 1970 2023 2013; x_wconf 85' lang='lat' dir='ltr'>certaque</span> 
     </span>
     <span class='ocr_line' id='line_1_56' title="bbox 400 2025 2022 2074; baseline 0.001 -13"><span class='ocrx_word' id='word_1_321' title='bbox 400 2038 476 2062; x_wconf 87' lang='lat' dir='ltr'>eam</span> <span class='ocrx_word' id='word_1_322' title='bbox 496 2028 530 2061; x_wconf 95' lang='lat' dir='ltr'>in</span> <span class='ocrx_word' id='word_1_323' title='bbox 550 2039 636 2069; x_wconf 88' lang='lat' dir='ltr'>rem,</span> <span class='ocrx_word' id='word_1_324' title='bbox 658 2039 699 2062; x_wconf 86' lang='lat' dir='ltr'>ex</span> <span class='ocrx_word' id='word_1_325' title='bbox 710 2029 836 2063; x_wconf 70' lang='lat' dir='ltr'>aerario</span> <span class='ocrx_word' id='word_1_326' title='bbox 855 2028 1045 2074; x_wconf 83' lang='lat' dir='ltr'>promenda</span> <span class='ocrx_word' id='word_1_327' title='bbox 1061 2027 1257 2067; x_wconf 86' lang='lat' dir='ltr'>Pontificio,</span> <span class='ocrx_word' id='word_1_328' title='bbox 1276 2026 1476 2071; x_wconf 76' lang='lat' dir='ltr'>assignaret</span> <span class='ocrx_word' id='word_1_329' title='bbox 1485 2025 1685 2071; x_wconf 75' lang='lat' dir='ltr'>vectigalia.</span> <span class='ocrx_word' id='word_1_330' title='bbox 1700 2026 1739 2059; x_wconf 89' lang='lat' dir='ltr'>Id</span> <span class='ocrx_word' id='word_1_331' title='bbox 1755 2037 1890 2071; x_wconf 90' lang='lat' dir='ltr'>quoque</span> <span class='ocrx_word' id='word_1_332' title='bbox 1909 2027 2022 2073; x_wconf 88' lang='lat' dir='ltr'>perfe-</span> 
     </span>
     <span class='ocr_line' id='line_1_57' title="bbox 401 2087 2019 2136; baseline 0 -13"><span class='ocrx_word' id='word_1_333' title='bbox 401 2089 446 2123; x_wconf 90' lang='lat' dir='ltr'>cit</span> <span class='ocrx_word' id='word_1_334' title='bbox 464 2089 651 2124; x_wconf 89' lang='lat' dir='ltr'>Antonius.</span> <span class='ocrx_word' id='word_1_335' title='bbox 673 2090 795 2125; x_wconf 89' lang='lat' dir='ltr'>Multis</span> <span class='ocrx_word' id='word_1_336' title='bbox 824 2090 975 2136; x_wconf 88' lang='lat' dir='ltr'>denique</span> <span class='ocrx_word' id='word_1_337' title='bbox 994 2090 1101 2135; x_wconf 86' lang='lat' dir='ltr'>regiis</span> <span class='ocrx_word' id='word_1_338' title='bbox 1131 2088 1298 2135; x_wconf 86' lang='lat' dir='ltr'>Stephani</span> <span class='ocrx_word' id='word_1_339' title='bbox 1331 2092 1365 2122; x_wconf 91' lang='lat' dir='ltr'>et</span> <span class='ocrx_word' id='word_1_340' title='bbox 1392 2098 1573 2132; x_wconf 85' lang='lat' dir='ltr'>procerum</span> <span class='ocrx_word' id='word_1_341' title='bbox 1600 2087 1797 2121; x_wconf 84' lang='lat' dir='ltr'>cumulatus</span> <span class='ocrx_word' id='word_1_342' title='bbox 1829 2087 2019 2130; x_wconf 86' lang='lat' dir='ltr'>beneficiis,</span> 
     </span>
     <span class='ocr_line' id='line_1_58' title="bbox 401 2149 2021 2190; baseline 0 -5"><span class='ocrx_word' id='word_1_343' title='bbox 401 2151 554 2186; x_wconf 84' lang='lat' dir='ltr'>rationes</span> <span class='ocrx_word' id='word_1_344' title='bbox 574 2152 726 2187; x_wconf 86' lang='lat' dir='ltr'>muneris</span> <span class='ocrx_word' id='word_1_345' title='bbox 747 2153 798 2187; x_wconf 88' lang='lat' dir='ltr'>sui</span> <span class='ocrx_word' id='word_1_346' title='bbox 827 2164 889 2187; x_wconf 87' lang='lat' dir='ltr'>suo</span> <span class='ocrx_word' id='word_1_347' title='bbox 919 2152 1094 2187; x_wconf 84' lang='lat' dir='ltr'>relaturus</span> <span class='ocrx_word' id='word_1_348' title='bbox 1127 2150 1288 2190; x_wconf 83' lang='lat' dir='ltr'>antistiti,</span> <span class='ocrx_word' id='word_1_349' title='bbox 1319 2149 1515 2183; x_wconf 80' lang='lat' dir='ltr'>dimittitur.</span> <span class='ocrx_word' id='word_1_350' title='bbox 1546 2150 1591 2184; x_wconf 89' lang='lat' dir='ltr'>At</span> <span class='ocrx_word' id='word_1_351' title='bbox 1619 2150 1848 2184; x_wconf 83' lang='lat' dir='ltr'>Possevinum</span> <span class='ocrx_word' id='word_1_352' title='bbox 1876 2162 1945 2185; x_wconf 91' lang='lat' dir='ltr'>non</span> <span class='ocrx_word' id='word_1_353' title='bbox 1964 2151 2021 2185; x_wconf 88' lang='lat' dir='ltr'>diu</span> 
     </span>
     <span class='ocr_line' id='line_1_59' title="bbox 403 2211 2023 2257; baseline 0 -10"><span class='ocrx_word' id='word_1_354' title='bbox 403 2213 648 2248; x_wconf 87' lang='lat' dir='ltr'>desiderarunt</span> <span class='ocrx_word' id='word_1_355' title='bbox 685 2214 831 2249; x_wconf 57' lang='lat' dir='ltr'>I‘oloni:</span> <span class='ocrx_word' id='word_1_356' title='bbox 868 2214 991 2249; x_wconf 86' lang='lat' dir='ltr'>eodem</span> <span class='ocrx_word' id='word_1_357' title='bbox 1022 2214 1082 2248; x_wconf 88' lang='lat' dir='ltr'>ille</span> <span class='ocrx_word' id='word_1_358' title='bbox 1118 2224 1211 2247; x_wconf 87' lang='lat' dir='ltr'>anno</span> <span class='ocrx_word' id='word_1_359' title='bbox 1245 2212 1319 2257; x_wconf 84' lang='lat' dir='ltr'>jam</span> <span class='ocrx_word' id='word_1_360' title='bbox 1356 2216 1574 2249; x_wconf 80' lang='lat' dir='ltr'>senescente,</span> <span class='ocrx_word' id='word_1_361' title='bbox 1612 2211 1835 2252; x_wconf 78' lang='lat' dir='ltr'>Varsaviam,</span> <span class='ocrx_word' id='word_1_362' title='bbox 1888 2212 2023 2247; x_wconf 84' lang='lat' dir='ltr'>affectis</span> 
     </span>
     <span class='ocr_line' id='line_1_60' title="bbox 401 2273 2022 2322; baseline 0.001 -13"><span class='ocrx_word' id='word_1_363' title='bbox 401 2275 612 2321; x_wconf 78' lang='lat' dir='ltr'>nuperrime,</span> <span class='ocrx_word' id='word_1_364' title='bbox 635 2288 712 2321; x_wconf 57' lang='lat' dir='ltr'>quie</span> <span class='ocrx_word' id='word_1_365' title='bbox 731 2277 857 2311; x_wconf 86' lang='lat' dir='ltr'>ibidem</span> <span class='ocrx_word' id='word_1_366' title='bbox 873 2276 1050 2311; x_wconf 79' lang='lat' dir='ltr'>celebrata</span> <span class='ocrx_word' id='word_1_367' title='bbox 1073 2279 1203 2313; x_wconf 85' lang='lat' dir='ltr'>essent,</span> <span class='ocrx_word' id='word_1_368' title='bbox 1235 2273 1383 2308; x_wconf 77' lang='lat' dir='ltr'>comitiis</span> <span class='ocrx_word' id='word_1_369' title='bbox 1412 2274 1649 2320; x_wconf 80' lang='lat' dir='ltr'>generalibus,</span> <span class='ocrx_word' id='word_1_370' title='bbox 1681 2276 1801 2310; x_wconf 85' lang='lat' dir='ltr'>revisit</span> <span class='ocrx_word' id='word_1_371' title='bbox 1826 2290 1833 2316; x_wconf 85' lang='grc'>;</span> <span class='ocrx_word' id='word_1_372' title='bbox 1867 2276 2022 2322; x_wconf 74' lang='lat' dir='ltr'>legatum</span> 
     </span>
     <span class='ocr_line' id='line_1_61' title="bbox 402 2336 2022 2385; baseline -0.001 -11"><span class='ocrx_word' id='word_1_373' title='bbox 402 2338 569 2374; x_wconf 85' lang='lat' dir='ltr'>Basilidis</span> <span class='ocrx_word' id='word_1_374' title='bbox 588 2350 663 2372; x_wconf 90' lang='lat' dir='ltr'>cum</span> <span class='ocrx_word' id='word_1_375' title='bbox 680 2340 752 2373; x_wconf 84' lang='lat' dir='ltr'>suis</span> <span class='ocrx_word' id='word_1_376' title='bbox 771 2340 965 2379; x_wconf 87' lang='lat' dir='ltr'>comitibus,</span> <span class='ocrx_word' id='word_1_377' title='bbox 982 2339 1185 2374; x_wconf 86' lang='lat' dir='ltr'>redeuntem</span> <span class='ocrx_word' id='word_1_378' title='bbox 1201 2338 1245 2371; x_wconf 83' lang='lat' dir='ltr'>ab</span> <span class='ocrx_word' id='word_1_379' title='bbox 1263 2337 1379 2375; x_wconf 82' lang='lat' dir='ltr'>Italia,</span> <span class='ocrx_word' id='word_1_380' title='bbox 1402 2336 1527 2371; x_wconf 63' lang='lat' dir='ltr'>Romae</span> <span class='ocrx_word' id='word_1_381' title='bbox 1546 2337 1643 2371; x_wconf 88' lang='lat' dir='ltr'>illum</span> <span class='ocrx_word' id='word_1_382' title='bbox 1670 2337 1821 2383; x_wconf 87' lang='lat' dir='ltr'>alibique</span> <span class='ocrx_word' id='word_1_383' title='bbox 1849 2350 1870 2372; x_wconf 80' lang='lat' dir='ltr'>a</span> <span class='ocrx_word' id='word_1_384' title='bbox 1888 2339 2022 2385; x_wconf 88' lang='lat' dir='ltr'>princi-</span> 
     </span>
     <span class='ocr_line' id='line_1_62' title="bbox 403 2398 2020 2447; baseline 0.001 -14"><span class='ocrx_word' id='word_1_385' title='bbox 403 2400 504 2446; x_wconf 91' lang='lat' dir='ltr'>pibus</span> <span class='ocrx_word' id='word_1_386' title='bbox 523 2399 704 2434; x_wconf 83' lang='lat' dir='ltr'>catholicis</span> <span class='ocrx_word' id='word_1_387' title='bbox 720 2401 910 2437; x_wconf 80' lang='lat' dir='ltr'>honorifice</span> <span class='ocrx_word' id='word_1_388' title='bbox 929 2401 1101 2441; x_wconf 83' lang='lat' dir='ltr'>habitum,</span> <span class='ocrx_word' id='word_1_389' title='bbox 1119 2402 1334 2447; x_wconf 87' lang='lat' dir='ltr'>prosecutus.</span> <span class='ocrx_word' id='word_1_390' title='bbox 1359 2398 1503 2433; x_wconf 78' lang='lat' dir='ltr'>Audivit</span> <span class='ocrx_word' id='word_1_391' title='bbox 1529 2399 1585 2433; x_wconf 89' lang='lat' dir='ltr'>hic</span> <span class='ocrx_word' id='word_1_392' title='bbox 1616 2404 1649 2434; x_wconf 86' lang='lat' dir='ltr'>et</span> <span class='ocrx_word' id='word_1_393' title='bbox 1680 2400 1753 2445; x_wconf 88' lang='lat' dir='ltr'>ipse</span> <span class='ocrx_word' id='word_1_394' title='bbox 1779 2401 2020 2435; x_wconf 71' lang='lat' dir='ltr'>hoereticorum</span> 
     </span>
     <span class='ocr_line' id='line_1_63' title="bbox 403 2460 2021 2507; baseline 0.001 -11"><span class='ocrx_word' id='word_1_395' title='bbox 403 2462 637 2507; x_wconf 82' lang='lat' dir='ltr'>querimonias</span> <span class='ocrx_word' id='word_1_396' title='bbox 656 2461 698 2496; x_wconf 89' lang='lat' dir='ltr'>de</span> <span class='ocrx_word' id='word_1_397' title='bbox 719 2463 830 2497; x_wconf 79' lang='lat' dir='ltr'>Sociis</span> <span class='ocrx_word' id='word_1_398' title='bbox 849 2464 979 2498; x_wconf 84' lang='lat' dir='ltr'>nostris</span> <span class='ocrx_word' id='word_1_399' title='bbox 996 2462 1224 2497; x_wconf 81' lang='lat' dir='ltr'>Vilnensibus</span> <span class='ocrx_word' id='word_1_400' title='bbox 1238 2462 1413 2507; x_wconf 60' lang='grc' dir='ltr'>ι11101111513ῑ</span> <span class='ocrx_word' id='word_1_401' title='bbox 1436 2460 1514 2495; x_wconf 70' lang='lat' dir='ltr'>vide</span> <span class='ocrx_word' id='word_1_402' title='bbox 1547 2461 1606 2501; x_wconf 82' lang='lat' dir='ltr'>sis,</span> <span class='ocrx_word' id='word_1_403' title='bbox 1640 2473 1742 2507; x_wconf 84' lang='lat' dir='ltr'>quam</span> <span class='ocrx_word' id='word_1_404' title='bbox 1762 2461 1890 2507; x_wconf 82' lang='lat' dir='ltr'>justas.</span> <span class='ocrx_word' id='word_1_405' title='bbox 1921 2463 2021 2498; x_wconf 87' lang='lat' dir='ltr'>More</span> 
     </span>
     <span class='ocr_line' id='line_1_64' title="bbox 403 2522 2021 2570; baseline 0.001 -13"><span class='ocrx_word' id='word_1_406' title='bbox 403 2534 479 2564; x_wconf 89' lang='lat' dir='ltr'>suo,</span> <span class='ocrx_word' id='word_1_407' title='bbox 500 2523 629 2557; x_wconf 88' lang='lat' dir='ltr'>inducti</span> <span class='ocrx_word' id='word_1_408' title='bbox 657 2524 690 2557; x_wconf 88' lang='lat' dir='ltr'>in</span> <span class='ocrx_word' id='word_1_409' title='bbox 720 2536 798 2559; x_wconf 87' lang='lat' dir='ltr'>cum</span> <span class='ocrx_word' id='word_1_410' title='bbox 830 2524 913 2559; x_wconf 88' lang='lat' dir='ltr'>olim</span> <span class='ocrx_word' id='word_1_411' title='bbox 945 2536 962 2558; x_wconf 80' lang='lat' dir='ltr'>a</span> <span class='ocrx_word' id='word_1_412' title='bbox 994 2523 1196 2558; x_wconf 81' lang='lat' dir='ltr'>Carminata</span> <span class='ocrx_word' id='word_1_413' title='bbox 1219 2522 1323 2563; x_wconf 81' lang='lat' dir='ltr'>Socii,</span> <span class='ocrx_word' id='word_1_414' title='bbox 1359 2522 1401 2557; x_wconf 92' lang='lat' dir='ltr'>de</span> <span class='ocrx_word' id='word_1_415' title='bbox 1433 2522 1589 2568; x_wconf 81' lang='lat' dir='ltr'>Collegio</span> <span class='ocrx_word' id='word_1_416' title='bbox 1614 2523 1773 2559; x_wconf 90' lang='lat' dir='ltr'>Vilnensi</span> <span class='ocrx_word' id='word_1_417' title='bbox 1809 2525 1844 2559; x_wconf 92' lang='lat' dir='ltr'>in</span> <span class='ocrx_word' id='word_1_418' title='bbox 1870 2524 2021 2570; x_wconf 86' lang='lat' dir='ltr'>quinque</span> 
     </span>
    </p>
   </div>
  </div>
 </body>
</html>
