2184 2953
664 299 769 327 LIBER
793 299 948 328 TERTIUS
969 301 1177 336 (1580-1590).
1716 299 1756 329 93

144 407 158 420 α
180 391 293 425 labem
307 391 419 431 daret,
438 391 521 425 data
539 390 642 425 hodie
657 389 757 424 venia
771 390 880 435 genti,
898 394 932 425 et
949 402 1059 436 regno
1074 390 1222 425 inimicae
1242 401 1305 424 suo
1322 393 1355 423 et
1380 389 1556 426 Ecclesiae.
1586 390 1677 425 Nam
1693 402 1753 425 cur

145 469 158 482 a
177 465 245 488 non
270 454 391 488 eaden]
407 454 486 488 Dux
500 458 580 487 ante
601 453 773 493 Pontifici,
792 464 893 497 quam
920 453 988 487 vim
1013 452 1225 487 Polonorum
1252 452 1509 497 persensisset?
1528 452 1673 487 Nullum
1692 457 1752 486 aut

143 530 158 544 α
181 526 249 548 11011
281 515 482 549 diuturnum
519 515 636 560 utique
664 515 749 549 illud
783 516 970 561 propositae
998 515 1177 561 religionis
1212 514 1365 549 studium
1397 526 1473 549 esse
1505 519 1632 560 potest,
1661 516 1752 561 quod

142 591 156 604 α
180 581 302 615 metus,
320 588 389 610 non
405 577 481 622 ipsa
497 576 635 622 pietatis
659 576 760 616 ratio,
783 578 1004 624 expresserit.
1032 596 1047 609 η

187 637 309 682 Neque
340 649 412 672 rem
443 638 602 682 cuiquam
639 649 700 671 rex
726 639 876 683 quidem,
904 640 1052 685 justitiae
1083 639 1358 673 studiosissimus
1390 650 1539 685 semper,
1586 644 1748 675 causatus

139 699 254 744 inique
276 698 386 733 videri
412 703 567 745 poterat;
590 699 802 734 Possevinus
821 706 949 741 tamon,
976 701 1067 747 quod
1087 702 1152 735 sibi
1171 701 1449 736 commendatum
1474 705 1562 742 erat,
1591 702 1748 748 pluribus

139 761 343 795 tentandum
365 766 473 799 ratus,
496 772 562 805 quo
582 761 730 794 certiora
749 761 790 795 de
805 762 958 797 consiliis
982 763 1147 797 Basilidis
1163 775 1205 797 cx
1220 764 1421 809 proceribus
1438 764 1550 809 regni,
1573 763 1609 798 in
1628 764 1747 810 primis

139 833 179 856 ex
198 823 332 856 Joanne
368 822 573 868 Zamoyskio
602 822 703 867 regni
735 824 956 864 cancellario,
990 828 1230 870 cognosceret,
1260 825 1418 864 Disnam,
1440 826 1484 860 ad
1517 825 1681 871 oppidum
1706 839 1747 861 ca

138 891 341 934 tempestate
360 888 541 927 munitum,
559 887 649 921 inter
680 888 817 921 Dunam
841 887 1049 933 Disnamque
1067 887 1211 921 flumina
1230 887 1347 925 situm,
1374 899 1415 921 ex
1446 887 1603 933 reliquiis
1620 887 1745 922 dirutae

138 963 249 997 nuper
275 962 295 984 a
315 949 445 984 Moscis
478 949 630 984 Polociae
651 949 838 989 conditum,
858 949 915 983 ubi
934 952 1005 982 tum
1021 949 1145 983 Poloni
1168 954 1283 984 castra
1310 951 1544 992 metabantur,
1562 962 1624 997 per
1638 951 1747 986 multa

138 1012 356 1046 incommoda
384 1023 459 1045 cum
490 1011 598 1045 Sociis
623 1014 761 1045 secutus
789 1014 841 1044 est
867 1010 1014 1055 Regem.
1052 1010 1129 1051 Hic,
1153 1010 1233 1045 dum
1264 1023 1284 1045 a
1307 1012 1402 1046 Duce
1422 1012 1623 1047 Moscorum
1642 1025 1745 1059 oppe-

137 1074 274 1107 riuntur
288 1072 418 1117 legato,
450 1083 513 1106 sua
532 1072 671 1106 interim
687 1072 778 1106 Socii
803 1071 836 1104 in
864 1071 1016 1105 exercitu
1045 1083 1190 1107 munera
1212 1077 1440 1118 exequuntur.
1470 1074 1594 1120 Neque
1619 1075 1744 1110 Posse-

136 1135 236 1169 vinus
251 1134 343 1169 inter
366 1145 424 1169 eos
441 1135 618 1169 cessabat:
636 1134 710 1180 ipse
724 1144 859 1179 quoque
873 1133 980 1167 latine
995 1134 1231 1175 concionatus,
1249 1145 1332 1179 rege
1347 1138 1534 1180 praesente,
1552 1139 1749 1172 castrenses

136 1197 181 1231 ad
199 1209 236 1232 ea
255 1197 475 1237 hortabatur,
504 1209 581 1242 quae
613 1197 647 1231 in
676 1208 717 1231 eo
745 1196 925 1242 procinctu
947 1200 982 1230 et
1012 1197 1144 1231 occasio
1160 1200 1195 1231 et
1215 1196 1328 1242 pietas
1342 1197 1488 1231 heroum
1513 1198 1741 1242 postularent.

137 1260 275 1293 Interea
306 1270 386 1293 ecce
426 1258 488 1293 tibi
535 1270 556 1292 a
587 1258 767 1292 Moscovia
797 1258 917 1303 legati,
957 1269 1034 1292 cum
1061 1269 1188 1303 magno
1223 1257 1273 1292 illi
1307 1258 1503 1293 litterarum
1543 1259 1740 1303 volumine;

137 1321 235 1367 cujus
270 1321 410 1355 chartas
446 1320 697 1366 quinquaginta
732 1331 802 1354 non
837 1320 951 1354 minus
985 1320 1090 1354 fuisse
1123 1320 1241 1366 ajunt;
1279 1320 1315 1354 in
1346 1320 1400 1355 his
1431 1321 1541 1356 multa
1574 1322 1747 1359 Basilides

138 1382 290 1423 Polonis,
314 1382 374 1417 sed
393 1382 500 1416 verba
518 1385 668 1420 tantum,
690 1381 795 1416 dabat
818 1394 823 1416 :
846 1394 924 1416 nam
943 1383 1159 1417 conditiones
1177 1381 1272 1428 pacis
1292 1382 1483 1418 deteriores
1501 1383 1618 1424 etiam,
1643 1395 1745 1429 quam

136 1444 316 1479 obtulisset
347 1448 440 1485 ante,
475 1455 602 1489 easque
629 1444 751 1478 victori
780 1444 919 1487 omnino
946 1444 1165 1489 rejiciendas,
1199 1444 1428 1490 proponebat.
1452 1446 1491 1479 In
1520 1445 1639 1491 primis
1671 1451 1746 1482 erat

136 1506 178 1540 de
196 1506 280 1540 urbe
302 1505 458 1540 Livoniae
486 1506 620 1539 Narvia
650 1517 690 1540 ac
718 1505 899 1539 maritimis
927 1506 1000 1552 ojus
1030 1506 1217 1551 provinciae
1244 1506 1391 1552 oppidis,
1422 1518 1499 1553 quae
1527 1513 1741 1554 occupasset,

137 1567 340 1602 retinendis.
364 1567 547 1613 Sperabat,
578 1567 693 1607 credo,
718 1568 800 1607 dux,
823 1567 961 1613 cognito
987 1579 1029 1601 ex
1048 1579 1108 1601 suo
1128 1567 1334 1613 Severigino
1360 1567 1565 1602 internuntii
1590 1569 1742 1605 Romani

136 1629 299 1668 adventu,
322 1640 381 1674 per
400 1640 491 1669 eum,
513 1640 591 1673 quae
610 1628 813 1672 postularet,
836 1639 872 1662 se
891 1628 935 1662 ab
961 1640 1045 1674 roge
1072 1629 1346 1674 impetraturum.
1377 1628 1443 1663 Hic
1468 1629 1543 1675 ι111111
1569 1630 1741 1666 Basilides

134 1689 275 1724 Polonis
295 1690 454 1724 ludorum
473 1689 605 1723 affatim
624 1689 745 1723 fecisse
772 1689 888 1729 risus;
909 1690 1064 1734 rejicitur
1087 1690 1204 1735 itaque
1231 1701 1308 1724 cum
1332 1690 1405 1724 suis
1432 1690 1507 1725 istis
1535 1692 1740 1727 conditioni-

133 1751 195 1787 bus
225 1753 362 1798 legatus
384 1765 390 1786 t
414 1752 620 1787 abeuntibus
645 1751 835 1786 renuntiari
857 1752 958 1797 jubet
983 1753 1122 1787 nornine
1146 1764 1208 1786 suo
1235 1763 1308 1792 rex,
1339 1752 1415 1797 ι161111
1442 1764 1479 1788 36
1506 1765 1549 1788 116
1576 1754 1738 1789 universa

133 1814 270 1858 quidem
290 1815 433 1849 Livonia
454 1819 653 1850 contentum
671 1814 757 1848 fore.

182 1875 409 1911 Constitutam
431 1888 541 1923 nuper
560 1877 705 1911 subinde
724 1875 877 1910 revisens
903 1879 1099 1910 nostrorum
1129 1875 1280 1909 Polociae
1303 1875 1486 1915 coloniam,
1508 1876 1617 1910 accito
1636 1877 1742 1911 Vilna

131 1936 236 1971 Petro
264 1937 412 1984 Skarga,
433 1938 500 1972 dici
519 1939 650 1984 nequit,
673 1942 804 1984 quanta
827 1937 1009 1983 diligentia
1027 1949 1098 1971 rem
1125 1937 1172 1971 ibi
1200 1937 1345 1982 Collegii
1373 1949 1508 1973 omnem
1539 1939 1712 1974 curaverit
1732 1953 1737 1974 z

132 1997 304 2037 crederes,
326 2003 396 2033 111111
416 1999 607 2045 principem
625 1999 711 2033 nihil
739 2002 911 2045 prfeterea
939 1998 1069 2044 negotii
1099 1998 1277 2033 habuisse.
1299 1999 1378 2038 Hic,
1400 2010 1442 2033 ex
1470 1999 1633 2034 universa
1661 2013 1739 2047 pro-

132 2058 242 2093 vincia
265 2059 396 2094 civibus
415 2060 457 2094 ad
473 2060 564 2094 XIX
583 2060 720 2094 kalend.
741 2059 880 2094 sextiles
905 2058 1113 2099 convocatis,
1130 2059 1189 2104 jus
1208 2058 1293 2093 dixit
1316 2072 1322 2093 :
1344 2062 1381 2093 ut
1401 2059 1429 2093 si
1448 2059 1528 2104 quid
1547 2061 1597 2095 rei
1617 2073 1689 2095 suae
1707 2062 1740 2095 in

130 2119 245 2153 fundis
266 2109 419 2166 Collegio
447 2121 622 2156 attributis
642 2121 823 2167 quisquam
850 2131 925 2154 esse
945 2120 1180 2159 contenderet,
1204 2131 1240 2153 se
1260 2131 1376 2154 coram
1403 2131 1545 2155 causam
1574 2121 1704 2157 diceret
1729 2136 1734 2157 :

130 2179 325 2226 unicuique,
349 2182 440 2227 quod
470 2194 570 2216 suum
603 2183 747 2228 quisque
776 2182 956 2227 probasset
981 2181 1146 2226 legitime,
1174 2181 1311 2215 addicta
1341 2181 1413 2222 lite,
1443 2182 1640 2218 restitutum
1672 2185 1735 2225 iri;

129 2241 272 2288 reliqua,
306 2244 435 2288 quaein
455 2244 564 2284 nullo,
594 2245 661 2278 nisi
684 2245 719 2278 in
745 2244 843 2290 regio
870 2243 1010 2277 victoris
1034 2243 1145 2277 forent
1177 2242 1360 2288 mancipio,
1377 2244 1450 2289 jam
1482 2255 1559 2279 esse
1581 2245 1736 2292 Collegio

129 2303 305 2338 attributa.
327 2305 509 2339 Domicilio
529 2305 638 2339 Sociis
652 2305 778 2339 fundus
798 2317 816 2339 e
843 2304 987 2350 regione
1012 2304 1103 2338 arcis
1130 2304 1173 2338 ad
1198 2304 1335 2338 Dunam
1365 2305 1476 2350 primo
1503 2306 1703 2352 assignatus
1728 2321 1733 2342 z

129 2364 263 2404 deinde,
298 2366 378 2411 quia
408 2370 550 2401 senatus
580 2366 614 2400 id
645 2378 713 2400 non
741 2367 905 2412 probaret
935 2378 940 2399 :
969 2365 1059 2411 quod
1089 2364 1334 2399 existimabant
1358 2365 1444 2406 fore,
1478 2370 1516 2401 ut
1546 2368 1689 2403 aedificia
1722 2381 1739 2403 e

128 2438 223 2459 muro
245 2432 459 2467 constructa,
483 2428 598 2473 qualia
625 2428 753 2461 habere
782 2428 910 2461 vellent
936 2428 1088 2472 hospites
1105 2427 1208 2467 Socii,
1231 2429 1302 2462 arci
1330 2431 1593 2474 propugnandae
1623 2431 1736 2465 office-

127 2491 215 2527 rent,
236 2488 442 2533 dareturqne
460 2489 617 2522 hostibus
635 2488 834 2533 praesidium
848 2518 855 2529 ,
885 2489 975 2523 unde
999 2489 1065 2534 ipsi
1091 2490 1240 2525 adversa
1266 2491 1360 2525 urbis
1388 2492 1513 2526 moenia
1531 2493 1612 2528 tecti
1632 2505 1728 2528 secu-

1782 395 1790 419 1
1797 394 1841 419 581

1778 820 1891 847 Ρο336νί-

1776 868 1824 886 11113
1839 862 1914 894 profi-

1776 901 1914 928 cisecntem

1775 947 1860 972 regem
1878 948 1923 966 se-

1777 976 1874 1008 quitur.

1773 1602 1882 1633 Legatio

1772 1640 1920 1668 Moscoviti-

1772 1687 1802 1704 ca
1818 1679 1903 1712 rejici-

1771 1720 1822 1745 tur.

1771 1863 1900 1889 Polociam

1771 1903 1825 1929 Rex
1848 1903 1921 1930 visit.

1769 2133 1877 2166 Collegii

1769 2175 1894 2199 rescurat.
