2184 2953
302 1775 389 1810 [1656]

270 1818 323 1844 Rex
336 1826 365 1844 ex
377 1817 417 1844 Si-

269 1859 334 1885 lesia
343 1859 377 1886 ad

268 1906 327 1924 suos

269 1939 339 1966 redit

271 1977 392 2004 Polonos.

275 2067 306 2094 B.
316 2068 423 2102 Virgini

277 2115 304 2133 se
317 2109 378 2134 voto

276 2150 396 2183 suscepto

276 2198 404 2217 commen-

274 2229 329 2256 dat.

438 280 498 312 354
825 278 1101 310 LITUANICARUM
1125 277 1337 310 SOCIETATIS
1358 279 1444 311 JESU
1468 278 1718 310 HISTORIARUM

442 390 458 406 α
481 376 622 418 unione,
644 374 881 411 submittimus
897 377 932 410 et
950 372 1161 421 obligamus,
1185 385 1375 421 omnesque
1396 373 1433 409 in
1463 373 1529 417 hoc
1552 374 1731 421 proposito
1759 374 2000 421 conspiramus
2027 378 2062 411 et

442 453 458 468 ει
479 439 714 485 conjuramus.
736 437 848 472 Nemo
867 441 1026 472 nostrum
1042 448 1251 483 quemquam
1269 437 1305 471 in
1325 437 1533 483 gravissimo
1553 448 1636 472 casn
1656 436 1806 478 deseret,
1825 435 1932 472 multo
1947 436 2061 472 minus

441 515 456 530 a
477 500 514 536 in
541 500 630 535 alias
660 503 778 546 partes
809 499 986 539 transibit,
1020 498 1201 541 factiones,
1227 500 1385 541 dissidia,
1418 500 1697 546 segregationes,
1732 503 1792 535 aut
1822 503 1958 535 secreta
1984 512 2062 535 cum

442 578 457 593 κ
478 563 579 599 hoste
597 562 772 609 colloquia
798 562 956 597 miscebit
974 573 981 596 ε
999 573 1101 597 nemo
1121 574 1142 597 a
1157 563 1269 609 signis
1297 563 1465 603 discedet,
1496 566 1557 597 aut
1587 562 1785 609 perniciosa
1811 562 1919 599 nexui
1937 566 2058 598 nostro

441 641 457 656 a
478 627 658 668 molietur;
689 625 751 662 sed
774 637 908 667 omnes,
936 625 1043 661 unitis
1071 626 1209 664 animis.
1232 628 1408 662 constanti
1434 626 1614 662 voluntate
1652 630 1686 661 et
1706 639 1827 673 opera,
1857 639 2060 663 succurrere

442 704 457 721 a
478 689 654 725 laboranti
687 688 811 736 patriae
861 691 1084 724 sacrosancte
1120 687 1338 735 pollicemur.
1376 688 1422 723 Et
1462 689 1626 734 quoniam
1658 700 1699 724 eo
1732 689 1935 736 reipublicae
1967 692 2061 724 statu

442 770 458 785 α
480 755 594 791 adhuc
626 754 707 789 dum
739 752 897 789 nonnulli
925 765 968 788 ex
995 752 1118 788 incolis
1148 751 1251 797 regni
1281 751 1359 797 regi
1386 750 1576 786 Succorum
1599 751 1796 793 adhaerent,
1817 754 1878 786 aut
1905 750 2060 786 consiliis

442 832 457 848 κ
480 829 557 854 sese
592 816 804 858 immiscent;
835 815 994 851 omnibus
1024 815 1075 850 eis
1103 815 1317 856 concivibus,
1341 818 1376 850 et
1408 814 1565 861 ejusdem
1599 814 1780 850 nobiscum
1810 814 1932 850 matris
1962 814 2058 856 filiis,

442 893 458 909 α
479 890 633 914 amorem
666 877 858 913 fraternum
890 876 1167 925 appromittimns
1190 876 1249 911 :si
1282 876 1398 917 1110110,
1434 875 1743 911 confoederationis
1762 876 1865 922 hujus
1893 876 2060 911 certiores

443 956 458 971 a
481 941 564 977 facti
599 943 679 975 ante
730 950 834 986 quam
871 939 917 974 ad
960 939 1091 974 bellum
1129 939 1367 985 perveniatur,
1407 937 1622 984 colligationi
1657 949 1718 974 seu
1764 938 1868 973 nexui
1897 938 1978 973 huie
2022 949 2060 974 se

443 1018 458 1033 a
480 1004 688 1050 adjungant,
718 1005 753 1037 et
778 1001 960 1036 nobiscum
979 1001 1083 1036 simul
1109 1001 1178 1036 hoc
1210 1000 1389 1036 addictum
1417 1001 1536 1036 divino
1563 1001 1672 1036 cultui
1702 1012 1851 1047 regnum
1869 1003 1903 1036 et
1928 1000 2060 1047 patrias

444 1067 661 1102 «libertates
692 1068 857 1100 tueantur
881 1077 888 1099 :
909 1065 969 1111 qui
999 1076 1084 1100 vero
1111 1067 1334 1099 contumaces
1364 1064 1559 1106 renuerint,
1595 1064 1689 1098 bona
1719 1074 1839 1098 eorum
1866 1064 1993 1098 ducum
2027 1067 2062 1099 et

440 1144 455 1160 κ
477 1127 794 1165 commissariorum
818 1126 951 1174 judicio
985 1127 1165 1162 subsunto.
1194 1127 1343 1173 Insuper
1374 1126 1533 1162 omnibus
1558 1127 1639 1173 jure
1665 1126 1780 1167 victis,
1800 1126 1934 1161 honore
1961 1125 2061 1161 dimi-

441 1209 457 1224 ιι
478 1195 585 1236 1111115,
619 1198 653 1230 et
684 1194 921 1240 cujuscunque
952 1197 1077 1236 status,
1113 1194 1218 1229 etiam
1253 1193 1402 1241 plebejae
1432 1194 1643 1230 conditionis
1679 1194 1893 1237 hominibus,
1926 1195 1996 1230 imo
2027 1198 2062 1231 et

441 1271 456 1287 a
479 1257 663 1298 extraneis,
694 1268 766 1292 non
804 1260 941 1292 tantum
977 1256 1116 1292 virtutis
1158 1256 1378 1292 declarandae
1421 1257 1640 1300 occasionem
1678 1257 1908 1299 inculcamus,
1938 1258 2000 1294 sed
2027 1261 2062 1294 et

442 1334 457 1349 α
479 1319 618 1355 modum
649 1320 694 1355 ad
724 1320 999 1366 praerogativam
1021 1323 1056 1355 et
1079 1319 1140 1365 jus
1170 1319 1366 1354 nobilitatis
1393 1319 1573 1366 aspirandi
1597 1319 1798 1362 offerimus;
1820 1320 1877 1366 qui
1899 1319 1935 1354 in
1964 1331 2062 1366 prae-

443 1398 458 1414 α
481 1385 571 1420 senti
606 1384 809 1431 reipublicae
853 1384 1019 1431 obsequio
1050 1395 1113 1431 pro
1141 1383 1234 1419 virili
1265 1395 1340 1419 rem
1368 1384 1538 1430 praeclare
1556 1384 1731 1431 gesserint
1764 1385 1799 1420 in
1825 1396 1918 1420 nexu
1935 1388 2059 1421 nostro

444 1462 459 1477 α
482 1438 728 1495 permanentes
747 1450 830 1488 etc.,
845 1450 910 1482 etc.
933 1465 948 1479 ,ι

488 1509 545 1545 Ad
562 1509 688 1545 samam
718 1510 822 1556 hujus
846 1509 990 1545 foederis
1021 1508 1192 1543 revocatis
1224 1507 1349 1543 Poloni
1379 1508 1518 1549 animis,
1539 1508 1655 1544 redire
1687 1508 1733 1544 ad
1761 1509 1888 1545 civium
1918 1513 2056 1546 castra:

442 1572 564 1609 eodem
582 1572 664 1607 hinc
693 1571 788 1607 illinc
805 1571 880 1614 alii,
902 1571 1004 1607 otiosi
1023 1571 1137 1607 adhuc
1154 1583 1299 1607 suarum
1317 1571 1555 1608 calamitatum
1587 1575 1814 1619 spectatores,
1837 1573 1962 1608 armati
1981 1585 2062 1609 con-

442 1647 609 1671 currere:
632 1635 818 1671 exturbare
847 1646 889 1670 ex
921 1633 1057 1681 oppidis
1079 1635 1151 1670 suis
1180 1635 1331 1676 hostem,
1360 1639 1395 1671 et
1422 1646 1490 1681 qua
1515 1638 1616 1682 parte
1639 1635 1752 1671 facilis
1770 1636 1872 1679 foret,
1903 1647 2059 1684 carpere.

444 1698 581 1734 Excivit
616 1698 651 1732 id
674 1697 846 1732 Joannem
877 1697 1108 1738 Casimirum;
1144 1709 1255 1744 neque
1280 1697 1434 1733 consiliis
1455 1697 1722 1739 Germanorum,
1743 1697 1815 1733 alia
1842 1698 2063 1735 suadentium

443 1772 505 1807 pro
525 1771 589 1796 sua
618 1759 772 1794 amicitia
803 1764 837 1794 et
868 1759 949 1801 fide,
971 1759 1143 1794 contineri
1174 1760 1298 1805 potuit,
1322 1760 1405 1806 quin
1436 1760 1608 1795 revolaret
1630 1759 1676 1795 ad
1702 1772 1796 1803 suos,
1818 1761 2009 1808 eademque
2027 1773 2064 1798 se

442 1823 586 1859 inferret
600 1821 635 1857 in
650 1822 804 1869 pericula
819 1821 888 1869 (an.
910 1821 1024 1869 1656).
1043 1821 1223 1857 Reducem
1237 1825 1319 1858 ante
1333 1822 1421 1858 alias
1436 1822 1595 1858 Poloniae
1609 1822 1767 1859 civitates
1781 1824 1913 1871 accepit
1928 1825 2063 1872 Leopo-

444 1885 509 1928 lis;
530 1886 587 1921 hic
605 1885 766 1933 princeps
785 1886 820 1920 in
838 1884 981 1932 templo,
998 1888 1167 1932 operante
1185 1885 1294 1920 sacris
1315 1885 1437 1920 nuntio
1456 1885 1646 1931 apostolico
1665 1886 1772 1922 Petro
1791 1887 1942 1929 Vidono,
1971 1887 2062 1923 Lau-

448 1948 547 1984 densi
565 1949 740 1996 episcopo,
758 1952 839 1984 ante
856 1959 954 1983 aram
973 1948 1133 1995 supplex,
1155 1958 1284 1994 magna
1302 1947 1433 1994 pietate
1448 1959 1484 1983 se
1500 1959 1649 1994 suosque
1665 1948 1758 1985 cives
1774 1949 1915 1997 Virgini
1941 1950 2063 1989 Beatae

445 2010 677 2053 commendat,
700 2011 858 2057 votisque
877 2022 915 2046 se
934 2010 1122 2057 obstringit
1139 2022 1182 2046 ex
1199 2010 1371 2046 formula:

498 2087 513 2102 a
534 2073 668 2120 Magna
686 2073 752 2108 Dei
770 2072 920 2108 hominis
941 2072 1058 2108 Mater
1076 2076 1110 2109 et
1127 2073 1238 2120 Virgo
1253 2086 1260 2109 :
1283 2085 1348 2121 ego
1367 2073 1388 2109 J
1392 2084 1522 2109 oannes
1537 2073 1740 2117 Casimims,
1762 2075 1814 2110 tui
1832 2075 1927 2118 Filii,
1949 2076 2061 2123 Regis

450 2150 465 2165 ιι
490 2147 626 2182 regum,
648 2147 689 2171 ac
711 2135 851 2170 Domini
866 2135 945 2177 mei,
967 2139 1096 2182 tuaque
1114 2135 1338 2172 miseratione
1356 2147 1431 2177 rex,
1449 2136 1676 2172 sanctissimis
1694 2137 1841 2183 pedibus
1859 2139 1929 2174 tuis
1955 2139 2062 2175 advo-

449 2211 464 2226 κ
485 2196 591 2238 1111113,
612 2200 647 2232 te
665 2197 702 2232 in
732 2200 916 2244 patronam
946 2208 1073 2238 meam,
1102 2209 1326 2245 meorumque
1356 2198 1587 2234 dominiorum
1613 2199 1771 2245 reginam
1788 2199 1893 2237 hodie
1920 2200 2058 2248 deligo;

447 2273 462 2287 α
484 2262 587 2304 atque
611 2270 664 2294 me
682 2270 866 2306 meumque
889 2271 1037 2306 regnum
1056 2260 1294 2301 Poloniarum,
1317 2260 1463 2296 ducatus
1496 2261 1684 2303 Lituaniae,
1706 2261 1860 2304 Russiae,
1886 2263 2057 2307 Prussiae,

447 2335 463 2351 a
485 2320 669 2362 Masovice‚
692 2321 909 2368 Samogitiae‚
943 2322 1115 2364 Livoniae,
1153 2323 1428 2359 Czernichoviae:
1464 2324 1638 2359 exercitus
1669 2324 1850 2371 utriusque
1885 2324 2000 2371 gentis
2028 2329 2062 2361 et

446 2397 461 2412 a
483 2382 630 2430 populos
660 2383 841 2419 universos
871 2388 942 2420 tnae
973 2385 1144 2432 singulari
1174 2385 1293 2422 tutelae
1311 2390 1415 2432 atque
1442 2385 1636 2432 patrocinio
1663 2387 1934 2424 recommendo:
1964 2391 2061 2423 tuam

447 2459 462 2475 a
485 2457 586 2492 opem
612 2445 648 2480 in
667 2445 733 2481 hoc
763 2445 967 2483 calamitoso
1001 2448 1212 2495 ancipitique
1239 2449 1340 2495 regni
1358 2449 1424 2484 mei
1443 2452 1535 2485 statu
1554 2452 1676 2485 contra
1692 2449 1812 2486 hostes
1832 2453 1961 2486 sanetae
1988 2450 2060 2486 Ro-

447 2523 462 2538 «
483 2520 598 2544 manae
617 2508 784 2544 Ecclesiae
804 2508 949 2556 supplex
975 2510 1131 2557 imploro.
1156 2511 1201 2547 Et
1227 2511 1307 2557 quia
1326 2512 1487 2548 maximis
1507 2512 1686 2549 beneficiis
1705 2513 1774 2549 tuis
1802 2513 1978 2560 obligatus
1997 2513 2056 2548 im-
