2184 2953
936 305 1126 328 —VII—

211 406 339 441 idcirco
358 406 505 441 sublatis
548 407 689 441 vocibus
712 409 834 449 prima
855 418 946 450 pars
981 407 1080 452 posui
1098 419 1104 441 :
1122 410 1204 441 libri
1238 411 1367 451 decem,
1394 422 1461 455 quo
1494 412 1623 446 clarius
1662 412 1835 447 indicetur

212 469 376 515 praesenti
403 469 578 504 volumine
605 469 773 504 contineri
794 470 969 515 integrum
989 469 1070 514 quid
1090 473 1124 504 et
1155 470 1376 516 completum,
1413 473 1553 508 minime
1574 485 1654 509 vero
1675 474 1834 509 dimidia·

211 537 284 569 tum
302 536 363 567 aut
381 544 552 567 mancum.
576 532 683 566 Omisi
704 533 806 566 etiam
825 542 944 566 vocem
957 533 1243 572 provincialium,
1264 536 1302 566 ut
1320 533 1586 569 redundantem.

258 593 314 628 Ad
332 595 419 634 haec,
442 594 476 628 in
494 593 695 639 Appendice
715 593 903 628 desiderari
918 593 1085 627 nonnulla
1115 594 1324 630 documenta
1357 596 1488 631 fatetur
1508 597 1655 643 ipsemet
1683 597 1831 640 Auctor,

211 655 406 691 omissionis
426 655 563 701 culpam
582 655 617 690 in
632 655 873 701 typographos
892 655 1052 701 rejiciens
1084 655 1127 701 (p.
1144 656 1239 703 401).
1263 657 1349 695 Quae
1359 658 1499 704 jactura
1514 664 1551 693 ut
1573 660 1690 706 aliqua
1707 661 1829 696 saltem

213 716 346 751 ratione
360 720 555 762 reparetur,
577 717 717 751 additus
733 721 785 752 est
803 728 824 750 a
842 728 909 757 me,
931 717 974 751 ad
990 717 1101 751 instar
1120 718 1350 764 supplementi
1369 720 1413 766 (p.
1432 721 1504 756 445
1523 725 1557 756 et
1585 725 1672 768 seq.)
1688 726 1829 758 Discur-

213 792 271 813 szcs
296 791 360 822 pro
400 781 566 813 Ii'zctlzem's
606 781 728 819 Undis,
750 782 890 814 auctore
911 779 954 812 V.
990 779 1031 813 P.
1056 778 1200 814 Nieolao
1229 781 1406 821 Laneicio‚
1441 794 1459 817 e
1490 787 1610 818 nostra
1640 784 1827 827 Societate‚

214 841 381 875 hactenus
399 841 552 875 nondum
584 841 760 886 vulgatus.

261 902 475 947 Conscripsit
503 902 599 936 illum
631 902 815 936 Lancicius
841 913 934 935 aimo
976 901 1079 942 1633,
1117 903 1333 948 respondens
1370 903 1414 937 ad
1445 905 1658 949 quaestiones
1690 908 1829 943 nomine

214 965 384 999 Vladislai
411 965 460 1000 IV
490 965 584 1010 regis
611 964 676 999 sibi
706 964 914 1010 propositas.
944 963 1125 998 Scribendi
1157 967 1274 998 autem
1306 965 1441 999 occasio
1469 965 1533 1000 fuit
1565 967 1653 1003 haec.
1688 969 1828 1005 Mortuo

215 1028 438 1074 Sigismundo
466 1029 532 1069 ΙΙΙ,
561 1027 734 1062 Vladislai
764 1030 921 1072 parente,
953 1038 1044 1061 anno
1080 1026 1185 1068 1632,
1220 1026 1257 1060 in
1287 1027 1436 1062 comitiis
1472 1039 1534 1074 pro
1562 1029 1723 1076 eligendo
1751 1043 1827 1067 suc-

216 1089 567 1124 cessoreconvocatis
588 1088 771 1122 Varsaviae
794 1087 990 1133 subscripta
1018 1087 1130 1122 fuerat
1148 1087 1185 1122 in
1204 1087 1355 1133 gratiam
1382 1090 1646 1125 non—unitorum
1666 1093 1826 1137 quaedam

215 1151 411 1191 conventio,
432 1151 538 1196 vulgo
559 1154 696 1184 Puncta
710 1152 967 1193 pacificationis
986 1150 1090 1190 dicta,
1113 1161 1181 1195 qua
1200 1149 1369 1185 Ecclesiae
1383 1151 1560 1187 Ruthenae
1574 1153 1657 1199 jura
1671 1155 1826 1200 graviter

213 1214 443 1248 laedebantur.
467 1213 568 1247 Anno
599 1212 770 1258 sequenti,
792 1214 929 1245 Puncta
952 1212 1013 1247 illa
1043 1212 1184 1247 fuerunt
1202 1212 1408 1247 confirmata
1434 1213 1469 1247 in
1501 1215 1648 1249 comitiis
1684 1228 1825 1252 corona-

214 1276 330 1316 tionis,
369 1286 410 1309 ac
446 1275 542 1320 regio
574 1273 761 1319 diplomate
793 1273 938 1314 sancita,
977 1274 1197 1319 quantumvis
1224 1274 1454 1309 reclamarent
1485 1275 1637 1322 episcopi
1673 1279 1827 1314 universi

215 1337 395 1382 utriusque
410 1336 510 1376 ritus,
541 1339 720 1381 praeeunte
739 1335 872 1369 Nuntio
891 1337 1096 1382 apostolico.
1117 1337 1248 1371 Verum
1279 1340 1463 1382 antequam
1478 1338 1616 1374 decreta
1634 1340 1669 1374 in
1689 1342 1824 1387 praxim

214 1393 481 1432 deducerentur,
504 1391 679 1426 consultos
697 1390 805 1425 voluit
822 1401 883 1425 rex
901 1391 1083 1438 theologos
1102 1392 1327 1438 insigniores.
1346 1393 1419 1426 Hos
1438 1392 1528 1429 inter
1548 1399 1620 1430 erat
1635 1396 1676 1431 Ρ.
1700 1397 1825 1433 Lanci-

214 1454 300 1495 cius,
318 1457 391 1488 tum
405 1453 595 1499 provincia}
610 1452 795 1487 Lithuanae
811 1453 1019 1499 praepositus
1037 1466 1044 1494 ;
1071 1454 1128 1500 qui
1147 1453 1352 1488 sententiam
1370 1465 1469 1488 suam
1483 1455 1570 1490 dixit
1598 1456 1633 1490 in
1652 1459 1824 1495 Discursu

209 1527 278 1559 pro
298 1518 465 1550 Rutlzem's
496 1517 618 1556 Undis,
637 1514 696 1548 ubi
715 1513 882 1548 Ecclesiae
899 1515 982 1560 jura
1001 1518 1139 1550 strenue
1157 1515 1326 1561 docteque
1348 1517 1595 1563 propugnavit.
1622 1519 1698 1554 Nec
1724 1520 1820 1557 aliud

207 1577 378 1624 judicium
401 1577 556 1612 tulerunt
582 1576 737 1622 theologi
756 1576 890 1610 romani
909 1577 965 1622 qui
993 1577 1126 1612 Urbani
1148 1577 1235 1611 VIII
1265 1577 1369 1623 jussu
1400 1589 1472 1613 rem
1503 1582 1612 1614 totam
1643 1581 1733 1615 serio
1755 1594 1819 1618 ex-

213 1639 419 1685 penderant.
439 1637 631 1673 Praevaluit
646 1642 761 1672 tamen
776 1638 948 1672 sententia
958 1638 1145 1679 contraria,
1167 1650 1236 1673 non
1255 1639 1348 1684 quod
1366 1641 1580 1685 argumentis
1599 1641 1821 1680 solidioribus

212 1700 395 1741 niteretur,
418 1701 478 1735 sed
500 1700 580 1745 quia
599 1698 834 1745 praeplacebat
852 1699 927 1744 regi
946 1699 1087 1745 ejusque
1122 1700 1343 1742 consiliariis,
1365 1713 1510 1747 quorum
1537 1714 1626 1738 unus
1658 1716 1677 1739 e
1699 1707 1820 1751 praeci-

211 1767 290 1813 puis
309 1771 385 1802 erat
400 1768 441 1802 P.
467 1767 677 1802 Valerianus
694 1767 859 1811 Magnus,
881 1767 1080 1812 capuanus,
1102 1767 1264 1814 deinceps
1282 1768 1327 1803 ad
1347 1769 1602 1805 cardinalatum
1620 1773 1818 1818 propositus

211 1841 232 1864 a
247 1841 343 1876 rege.
360 1830 380 1864 J
385 1841 524 1864 amvero
544 1832 749 1863 Discurszmz
765 1829 868 1863 istum
884 1839 959 1863 esse
978 1828 1130 1863 Lancicii
1145 1841 1230 1875 opus
1245 1830 1433 1876 genuinum
1450 1835 1598 1867 testatur
1617 1837 1689 1869 tum
1709 1837 1817 1872 codex

211 1903 293 1926 mss.
313 1892 387 1937 ejus
406 1891 544 1925 nomine
562 1890 747 1936 insignitus
771 1889 827 1935 (l),
849 1894 920 1924 tum
952 1890 1099 1936 ipsamet
1124 1890 1320 1936 scriptionis
1338 1891 1485 1932 indoles,
1507 1893 1652 1940 simplex
1672 1900 1706 1931 et
1719 1897 1817 1944 inge-

211 1964 295 1994 nua,
320 1952 459 1998 qualem
483 1952 556 1987 scil.
580 1952 744 1986 exhibent
763 1954 890 1985 cietera
908 1951 1061 1996 ejusdem
1079 1952 1230 1986 auctoris
1254 1964 1384 1998 opera;
1419 1957 1489 1988 tum
1517 1955 1664 2002 denique
1682 1961 1819 1994 Monz‘ta

211 2017 285 2063 ejus
301 2021 390 2057 octo,
409 2029 487 2063 quae
506 2020 540 2051 et
559 2017 679 2051 eodem
696 2016 767 2050 sere
789 2020 942 2059 tempore
961 2017 1042 2047 sunt
1060 2013 1266 2059 conscripta,
1289 2018 1323 2048 et
1354 2014 1389 2048 in
1408 2021 1615 2060 argumento
1636 2024 1819 2055 versantur

210 2090 278 2112 non
294 2078 459 2117 absimili,
481 2089 605 2123 nempe
625 2078 659 2111 in
681 2077 896 2111 immunitate
923 2074 1157 2109 ecclesiastica
1183 2079 1303 2110 contra
1322 2077 1489 2122 quosdam
1502 2081 1660 2121 politicos
1674 2083 1814 2118 tuenda.

258 2140 392 2174 Praeter
422 2142 627 2173 Discursum
648 2142 870 2173 accesserunt
901 2136 970 2171 alia
1000 2135 1159 2181 quaedam
1185 2138 1327 2173 minoris
1363 2141 1526 2175 momenti
1563 2143 1813 2186 additamenta,

209 2201 371 2235 nimirum
396 2201 524 2247 duplex
550 2201 729 2245 catalogus
757 2201 900 2234 Patrum
927 2209 945 2232 e
964 2197 1139 2242 provincia
1159 2198 1332 2234 Lithuana
1351 2201 1408 2246 qui
1426 2206 1574 2247 quatuor
1593 2208 1670 2239 vota
1694 2207 1816 2242 solem-

209 2264 266 2298 nia
281 2268 380 2299 erant
394 2264 558 2310 professi.-
573 2263 839 2308 chronologicus
859 2262 960 2302 alter,
978 2260 1066 2295 alter
1081 2261 1268 2296 secundum
1285 2262 1480 2298 litterarum
1499 2265 1622 2299 seriem
1641 2266 1810 2313 digestus,

210 2325 350 2360 Confeci
368 2329 552 2371 utrumque
567 2337 609 2360 ex
629 2326 746 2360 codice
764 2324 875 2358 tribus
894 2321 1124 2356 voluminibus
1142 2322 1178 2356 in
1196 2322 1232 2356 4⁰
1250 2326 1430 2358 constante
1444 2328 1548 2370 atque
1565 2326 1642 2372 plus
1660 2332 1815 2365 tercenta

249 2433 287 2470 (1)
309 2433 404 2461 Codex
426 2435 473 2461 ille
495 2437 655 2462 asservatur
671 2435 696 2461 in
717 2433 853 2461 tabulario
871 2433 898 2460 S.
917 2432 1057 2469 Cougreg.
1076 2431 1110 2458 de
1140 2439 1257 2470 propag.
1276 2431 1341 2466 fide,
1368 2434 1529 2469 titulumque
1558 2437 1666 2470 proerert
1694 2444 1816 2473 sequen-

209 2489 265 2515 tem
281 2500 286 2516 z
305 2488 450 2517 Discursus
462 2498 510 2525 pro
525 2490 660 2517 Rulhcnis
681 2489 769 2517 Unilis
786 2488 825 2516 R.
844 2488 883 2516 P.
901 2487 1009 2515 Nicolai
1021 2486 1156 2520 Lancicii,
1174 2486 1353 2516 Pr'ovincz'alis
1369 2492 1397 2516 in
1410 2489 1454 2517 M.
1468 2490 1508 2518 D.
1526 2490 1693 2519 Liclzuanioe.
