2184 2953
1062 270 1376 307 APPROBATIO

462 396 565 431 Anno
618 396 758 431 Domini
801 396 906 438 1766,
957 397 1012 432 die
1056 396 1103 432 30
1141 396 1247 443 junii,
1285 398 1530 431 Historiarum
1575 399 1846 432 Licuam'carmn
1890 400 2041 432 Provin-

415 460 558 493 cz'alz‘um
593 460 772 493 Societatz's
800 462 899 500 Jeszc,
937 459 983 493 ad
1014 462 1115 494 notas
1147 459 1338 494 Censorum
1371 459 1612 494 Romanorum
1647 460 1826 506 scriptam,
1847 459 1949 494 nobis
1973 471 2043 494 una

414 533 493 556 cum
535 521 628 556 notis
680 521 716 555 in
755 521 885 556 scheda
933 521 1109 561 exhibitis,
1142 524 1176 556 et
1207 520 1404 555 connotatis
1440 531 1462 554 a
1500 521 1601 556 nobis
1642 521 1829 567 diligenter
1875 521 2040 562 revisam,

415 587 551 629 partem
585 584 735 630 primam
770 584 922 630 imprimi
954 595 1071 631 posse,
1106 594 1302 618 censemus.
1337 583 1460 628 Itaque
1490 582 1721 628 imprimatur.
1751 583 1878 619 Actum
1911 583 2041 625 Vilnae,

417 650 455 681 ut
489 657 607 692 supra.

564 707 766 744 Alexander
810 708 959 748 Horain,
999 707 1193 754 Episcopus
1235 706 1457 747 Hirenensis,
1487 706 1763 742 Referendarius
1806 707 1857 743 M.
1896 707 1940 742 D.
1987 707 2044 742 Li-

419 770 564 812 tuaniae,
595 770 873 806 Archidiaconus
901 771 1079 817 Cathedr,¹
1101 770 1295 810 Vilnensis,
1327 769 1497 804 librorum
1536 769 1680 804 Censor.

470 1021 556 1056 Cum
583 1021 712 1057 librum
748 1022 803 1057 cui
832 1021 957 1057 titulus
997 1035 1003 1057 :
1039 1024 1310 1056 Licuamearmn
1336 1024 1515 1057 Societatz's
1557 1025 1642 1057 Jesu
1680 1024 1926 1057 Historiarum
1960 1025 2049 1057 Pro-

419 1086 623 1118 vincialz‘um
654 1096 737 1131 pars
772 1085 886 1131 prima
923 1088 1066 1120 auctore
1106 1084 1283 1120 Stanislao
1326 1084 1543 1126 Rostowski,
1567 1096 1610 1120 ex
1645 1084 1769 1120 eadem
1804 1084 1980 1120 Soci'etate
2015 1088 2050 1119 et

421 1146 610 1181 Provincia
629 1147 822 1188 sacerdote,
859 1142 930 1181 tum
956 1146 1214 1181 illustrissimus
1249 1146 1562 1182 reverendissimus
1598 1147 1793 1193 Episcopus
1825 1146 2046 1188 Hirenensis,

420 1209 590 1244 librorum
625 1209 661 1243 in
697 1209 841 1244 dioecesi
875 1209 1036 1244 Vilnensi
1083 1209 1226 1250 Censor,
1262 1213 1336 1244 tuni
1366 1210 1499 1255 aliquot
1534 1221 1553 1244 e
1586 1209 1762 1244 Societate
1798 1213 1920 1244 nostra
1954 1209 2051 1244 theo-

421 1271 508 1318 logi,
545 1272 670 1307 Romae
701 1272 745 1306 ad
773 1271 808 1306 id
840 1272 881 1306 ab
912 1271 1101 1306 admodum
1126 1272 1170 1306 R.
1207 1272 1247 1306 P.
1282 1275 1402 1306 nostro
1448 1271 1642 1318 Praeposito
1684 1271 1850 1306 Generali
1893 1271 2049 1306 Lauren-

422 1334 470 1369 tio
512 1333 612 1369 Ricci
649 1333 825 1373 destinati,
864 1333 1146 1380 recognoverint,
1185 1337 1289 1380 atque
1324 1334 1360 1368 in
1405 1333 1519 1369 lucem
1563 1333 1619 1368 edi
1657 1345 1761 1379 posse
1809 1332 2048 1379 probaverint,

424 1409 490 1443 ego
534 1408 671 1443 quoque
710 1408 753 1432 ex
793 1396 905 1431 officio
947 1408 1023 1431 meo
1067 1396 1267 1442 comprobo.
1310 1395 1439 1437 Vilnae,
1488 1396 1593 1435 1767,
1626 1395 1788 1430 kalendis
1827 1395 2047 1441 septembris.

522 1459 696 1494 Antonius
741 1458 940 1501 Skorulski²
980 1458 1195 1504 Praepositus
1227 1458 1411 1493 Societatis
1446 1457 1676 1492 provincialis
1707 1457 1744 1491 in
1772 1457 1949 1492 Lituania.

971 1595 1238 1631 PROFESSIO
1266 1595 1510 1631 AUCTORIS

479 1711 715 1756 Quaecumque
751 1713 940 1744 narrantur
972 1710 1008 1743 in
1039 1709 1103 1744 hac
1138 1712 1382 1744 Historiarum
1422 1712 1518 1755 parte
1549 1708 1662 1755 prima
1689 1708 1732 1743 de
1764 1707 1918 1742 virorum
1957 1706 2055 1741 illus-

424 1773 530 1809 trium
577 1772 807 1819 quorumdam
846 1773 1034 1807 virtutibus
1066 1776 1123 1807 aut
1162 1772 1350 1813 miraculis,
1390 1775 1424 1806 et
1460 1771 1488 1806 si
1539 1783 1607 1817 qua
1642 1770 1709 1805 alia
1745 1771 1944 1805 referuntur
1975 1781 2054 1815 quae

426 1836 495 1870 vim
538 1839 599 1870 aut
643 1835 877 1869 conditionem
920 1839 1058 1869 naturae
1110 1834 1181 1869 ullo
1228 1834 1330 1869 modo
1375 1833 1544 1869 excedere
1585 1833 1786 1873 videantur,
1827 1844 1869 1867 ea
1906 1832 2055 1877 scriptor

426 1899 474 1933 ita
520 1898 593 1932 vult
639 1897 802 1943 intelligi,
843 1900 881 1931 ut
921 1897 1076 1942 prosecta
1116 1909 1137 1932 a
1177 1897 1314 1943 privata
1356 1896 1527 1931 duntaxat
1566 1895 1785 1936 auctoritate,
1831 1905 1896 1928 nec
1949 1893 2054 1928 fidem

427 1961 583 1995 humana
613 1960 781 2006 majorem
812 1959 1076 2005 prbnierentia:
1112 1959 1216 2005 quod,
1247 1958 1382 1994 Urbani
1410 1959 1495 1993 VIII
1525 1958 1674 1992 decretis
1701 1957 1881 1996 insistens,
1911 1955 2053 2002 profite-

428 2027 498 2062 tur,
532 2026 569 2057 ut
604 2023 640 2057 S.
679 2023 852 2058 Romanae
883 2021 1065 2061 Ecclesiae,
1101 2022 1199 2068 cujus
1231 2025 1284 2057 est
1316 2021 1359 2056 de
1387 2021 1442 2055 his
1475 2020 1581 2055 rebus
1612 2019 1785 2066 judic-ium
1817 2019 1921 2059 serre,
1952 2029 2054 2052 suum

429 2089 573 2132 praestet
600 2085 751 2120 officium
785 2097 823 2119 ac
860 2085 1106 2120 reverentiam.
