2184 2953
339 278 400 311 446
1041 279 1274 312 APPENDICES.

342 377 378 412 in
409 388 578 413 canonem
616 379 776 422 Quisquis
807 378 874 414 XI.
896 389 930 424 q.
951 378 1004 414 3:
1049 382 1209 424 Quisquis
1247 384 1339 415 metu
1362 381 1540 424 cujustibet
1568 380 1751 422 potestatis
1780 378 1961 412 veritatem

343 437 500 477 occultat,
519 438 612 470 iram
628 437 694 469 Dei
706 447 815 479 super·
836 447 872 469 se
883 441 1050 478 provocat
1068 449 1074 471 :
1096 440 1178 481 quia
1196 439 1309 482 mayz's
1335 439 1430 470 timet
1459 437 1633 470 hominem
1652 446 1757 478 quam
1774 436 1899 468 Deum.
1917 432 1963 468 Et

343 490 635 536 quemadmodum
653 491 688 526 in
700 491 812 527 altero
831 502 964 528 canone
982 492 1137 538 legitur:
1160 495 1285 528 melius
1312 497 1361 527 est
1379 503 1451 536 pro
1481 495 1627 527 veritate
1636 492 1714 534 pati
1737 491 1960 534 supplicium,

342 558 448 590 quam
462 559 532 590 pro
558 549 757 583 adulatione
776 550 933 592 recipere
951 550 1168 592 beneficium.

390 603 428 638 3⁰
447 603 633 639 Ruthenos
644 615 715 639 non
732 603 849 639 unitos
871 616 949 639 cum
965 604 1003 640 S.
1022 605 1182 640 Romana
1201 604 1363 640 Ecclesia
1376 616 1446 639 non
1460 607 1597 639 tantum
1611 614 1686 638 esse
1709 601 1960 642 schismaticos,

343 659 405 694 sed
435 659 539 694 etiam
572 671 654 695 vere
694 663 728 695 et
760 660 899 706 proprie
917 660 1217 708 haereticosxquia
1231 673 1307 696 cum
1319 659 1511 706 pertinacia
1522 659 1670 694 credunt
1692 661 1727 692 et
1757 657 1966 703 profitentur

342 714 531 756 doctrinas,
567 715 789 761 dogmatibus
823 715 907 750 fidei
935 717 1143 757 contrarias,
1182 728 1224 752 ao
1264 716 1410 762 proinde
1444 713 1609 750 haeres'es.
1637 713 1791 749 Credunt
1815 713 1905 748 enim
1931 716 1966 748 et

342 770 468 805 docent
497 770 665 816 Spiritum
683 771 719 806 S.
742 783 812 806 non
830 771 1020 817 procedere
1039 785 1060 808 a
1078 772 1185 814 Filio,
1208 772 1270 808 sed
1289 784 1310 807 a
1329 772 1402 807 solo
1427 773 1547 811 Patre,
1581 774 1627 812 et,
1645 773 1683 804 ut
1709 770 1864 804 omittam
1879 769 1962 808 alia,

343 828 543 863 Romanum
558 829 763 865 Pontificem
778 841 849 864 non
868 841 946 865 esse
963 833 1142 876 pastorem
1157 829 1264 864 totius
1283 828 1453 864 Ecclesiae
1468 827 1597 862 Christi
1614 827 1758 873 ejusque
1772 825 1961 861 Vicarium.

344 884 498 920 Proinde
518 896 609 926 cum,
625 885 728 931 juxta
755 885 949 921 doctrinam
974 886 1011 921 S.
1029 886 1176 921 Thomae
1190 886 1235 932 (2.
1259 886 1320 921 2³³.
1343 887 1467 930 quaest.
1492 883 1548 918 lO.
1571 885 1637 917 art.
1660 881 1722 928 6.),
1739 881 1886 916 haeresis
1905 880 1965 927 (lo-

344 941 483 987 quendo
503 940 723 988 regulariter)
746 941 790 976 sit
817 942 916 987 pejor
942 953 1046 988 quam
1074 941 1473 988 infidelitasjudaeorum
1499 943 1534 975 et
1549 938 1745 985 gentilium,
1776 937 1966 973 deteriores

344 1001 424 1032 sunt
442 997 578 1032 ratione
609 996 827 1032 infidelitatis
855 998 1031 1032 non-uniti
1047 998 1101 1044 (de
1141 997 1266 1043 quibus
1294 996 1351 1032 hic
1382 996 1538 1042 agemus)
1567 1006 1671 1041 quam
1700 993 1812 1040 judaei
1834 997 1869 1029 et
1893 1004 1965 1028 ma-

342 1052 534 1094 hometani,
564 1056 598 1088 et
632 1052 691 1087 alii
719 1052 878 1088 infideles
915 1064 958 1087 ao
984 1053 1193 1095 idololatrae,
1220 1053 1325 1088 immo
1364 1054 1500 1099 pejores
1535 1051 1711 1086 haereticis
1747 1050 1790 1085 ob
1814 1049 1965 1085 schisma

343 1108 502 1150 formale,
534 1121 601 1156 quo
628 1112 758 1155 praeter
775 1109 941 1145 haeresim
960 1113 1040 1144 sunt
1055 1110 1186 1152 infecti,
1212 1113 1246 1145 et
1268 1113 1410 1155 propter
1428 1109 1587 1142 innatum
1605 1107 1721 1141 odium
1739 1109 1862 1141 contra
1880 1105 1967 1140 ritus

344 1167 379 1199 et
393 1165 522 1211 dogma
550 1165 587 1200 S.
619 1165 792 1200 Romanae
811 1165 994 1208 Ecclesiae,
1017 1167 1060 1202 ob
1091 1167 1183 1213 quod
1209 1165 1346 1200 malunt
1374 1176 1410 1200 se
1429 1164 1623 1210 adjungere
1646 1162 1836 1204 haereticis,
1863 1172 1967 1208 quam

347 1223 542 1265 catholicis,
573 1227 694 1259 contra
712 1235 798 1270 quos
828 1224 934 1259 etiam
956 1224 993 1258 in
1014 1223 1082 1258 hoc
1111 1233 1221 1268 regno
1250 1221 1464 1268 conspirant.
1485 1219 1550 1254 His
1569 1218 1772 1266 praemissis,

986 1398 1184 1427 QUAERITUR
1203 1398 1314 1422 PRIMO
1333 1398 1340 1420 t

349 1506 407 1539 An
429 1505 537 1547 possit
563 1506 636 1547 Zeye
660 1504 888 1546 permissum,
915 1513 984 1536 non
1011 1502 1256 1544 approbativa,
1285 1500 1445 1542 per-mitti
1473 1508 1542 1531 uon
1569 1497 1678 1530 unitis
1701 1505 1781 1529 eum
1798 1495 1833 1529 S.
1855 1495 1898 1528 R.
1919 1495 1962 1528 Ε.

400 1581 568 1614 Ruthem's
594 1590 671 1622 pax
692 1583 723 1612 et
737 1579 908 1613 securitas
921 1579 960 1612 in
989 1578 1155 1611 eoeereitio
1181 1577 1374 1620 reliyionis,
1404 1575 1491 1608 sicut
1514 1573 1691 1616 permissa
1716 1574 1766 1605 est
1795 1570 1969 1604 haereticis

401 1666 462 1690 seu
480 1655 729 1688 dissidentibus
747 1656 763 1687 .2

403 1766 626 1814 Resp.Salvo
647 1766 783 1802 meliori
796 1765 943 1812 judicio,
966 1763 1163 1810 prresertim
1181 1761 1437 1798 determinante
1462 1760 1497 1795 S.
1522 1759 1569 1794 R.
1600 1757 1759 1793 Ecclesia
1780 1757 1846 1803 (cui
1865 1769 1919 1792 me
1943 1760 1977 1792 et

355 1825 472 1859 omnia
482 1835 559 1859 mea
569 1822 745 1867 submitto)
758 1834 827 1856 non
844 1833 987 1868 possum
1006 1821 1040 1854 in
1060 1820 1151 1854 hanc
1169 1819 1290 1854 venire
1311 1817 1532 1855 sententiam,
1554 1819 1591 1849 ut
1610 1815 1751 1849 credam
1769 1813 1974 1848 talem‘fieri

351 1892 453 1927 posse
470 1880 599 1925 legem,
621 1880 655 1914 in
676 1879 833 1914 favorem
852 1878 1130 1917 non-unitorum,
1154 1879 1295 1922 propter
1316 1875 1380 1909 has
1396 1873 1572 1920 praecipue
1591 1882 1713 1905 causas
1736 1883 1741 1904 :

406 1937 438 1971 1⁰
458 1936 548 1974 Quia
570 1947 639 1970 non
658 1935 742 1970 licet
769 1934 870 1969 nobis
891 1933 987 1968 aliud
1011 1933 1195 1967 consilium
1222 1932 1306 1966 dare
1330 1942 1434 1976 quam
1458 1929 1543 1963 illud
1565 1927 1690 1973 ipsum,
1706 1926 1909 1972 quodjussu
1924 1937 1971 1960 ss.

353 1992 494 2026 Domini
526 1992 636 2026 nostri
671 2003 714 2026 ex
745 1990 843 2025 Urbe
866 1990 1009 2024 missum
1026 1993 1079 2024 est
1114 1988 1242 2023 illustr.
1270 1987 1391 2021 nuntio
1409 1983 1650 2031 apostolicam
1677 1994 1744 2028 quo
1776 1985 1914 2017 vetatur
1931 1992 1976 2016 ne

355 2047 586 2082 schismaticis
606 2047 693 2082 uniti
708 2058 746 2082 ea
762 2047 955 2082 concedant
978 2057 1056 2092 quae
1072 2047 1252 2091 petuntur.
1270 2043 1443 2077 Debemus
1458 2040 1550 2075 enim
1566 2038 1768 2074 submittere
1786 2041 1907 2072 nostra
1921 2037 1977 2083 ju-

356 2103 446 2137 dicia
466 2104 502 2138 S.
521 2103 566 2138 R.
591 2103 760 2138 Ecclesiae
775 2106 810 2138 et
827 2101 1070 2143 declarationi,
1090 2101 1215 2135 Romae
1234 2099 1334 2146 jussu
1354 2096 1564 2133 sanctissimi
1583 2095 1628 2130 ab
1647 2095 1783 2130 eximiis
1802 2093 1978 2140 theologis

358 2163 392 2194 et
411 2159 624 2205 jurisperitis
639 2160 753 2194 factae.

407 2215 445 2249 2⁰
479 2215 568 2253 Quia
601 2215 630 2249 si
670 2215 752 2250 talis
786 2215 844 2251 lex
879 2216 1106 2254 statueretur,
1128 2212 1184 2247 vel
1202 2211 1280 2258 plus
1300 2208 1432 2255 aliquid
1455 2207 1650 2243 non-unitis
1670 2206 1853 2246 tribueret,
1876 2217 1979 2252 quam

360 2270 514 2305 habeant
541 2271 642 2305 modo
670 2283 712 2306 ex
746 2271 936 2306 tolerantia
962 2269 1226 2308 catholicorum,
1248 2266 1306 2313 qui
1332 2266 1380 2301 eis
1399 2265 1538 2310 impune
1559 2263 1765 2310 permittunt
1792 2261 1909 2297 omnia
1937 2261 1982 2297 ad

361 2339 481 2363 eorum
511 2326 718 2372 religionem
737 2328 942 2374 spectantia,
966 2337 1095 2373 eosque
1125 2325 1289 2364 tolerant,
1322 2321 1378 2357 vel
1405 2332 1475 2355 non
1502 2319 1591 2366 plus.
1616 2319 1653 2354 Si
1678 2319 1743 2353 hoc
1774 2317 1977 2358 secundum,

360 2395 431 2419 non
447 2386 501 2418 est
518 2394 603 2428 ergo
623 2383 824 2418 necessaria
842 2383 1035 2417 non-unitis
1052 2382 1109 2416 lex
1128 2380 1209 2416 talis
1242 2390 1348 2424 ;ergo
1368 2377 1498 2411 frustra
1516 2375 1560 2409 ab
1579 2374 1648 2409 illis
1667 2386 1709 2409 ea
1738 2373 1880 2420 petitur,
1910 2376 1943 2408 et
1962 2384 1983 2407 a

361 2438 541 2475 catholicis
556 2438 781 2473 concedenda
796 2450 865 2473 non
885 2442 949 2474 est.
979 2439 1017 2474 Si
1032 2449 1113 2472 vero
1140 2436 1198 2471 lex
1225 2434 1284 2469 illa
1309 2434 1386 2480 plus
1405 2433 1613 2473 contineret,
1635 2442 1738 2477 quam
1756 2430 1980 2466 tolerantiam

362 2499 397 2532 et
421 2494 687 2543 permissionem
719 2494 861 2536 rituum,
896 2498 932 2530 et
955 2494 1159 2541 dogmatum
1189 2491 1341 2533 illorum,
1362 2489 1412 2525 uti
1447 2488 1619 2524 non-uniti
1646 2487 1808 2522 videntur
1844 2489 1978 2533 optare,
