2184 2953
702 279 809 307 LIBER
834 278 969 307 PRIMUS
990 278 1200 315 (1564-1570).
1736 275 1773 306 17

158 386 174 400 α
196 370 324 406 inferre
351 370 467 409 liceat,
489 370 580 416 quod
608 370 876 405 existimabatur
893 370 936 404 de
954 369 1029 404 loco
1048 368 1108 402 illo
1129 372 1261 409 sancto,
1284 368 1377 402 hunc
1396 379 1473 403 esse
1491 368 1642 414 lapidem
1662 379 1773 413 angu-
1803 374 1866 399 1568

157 447 172 462 κ
194 433 315 474 larem,
335 433 370 467 in
389 436 519 467 terram
538 432 739 472 demissum,
760 432 819 478 qui
837 431 953 466 divino
970 431 1020 465 illi
1039 430 1199 471 aedificio,
1224 442 1265 465 ex
1284 429 1481 464 hominibus
1501 430 1772 476 superstruendo
1798 437 1928 481 Primitiae

156 509 171 523 a
194 494 374 533 similibus,
393 493 514 540 praesit
530 494 679 528 locatus.
702 494 747 528 Et
763 505 859 534 vero,
881 505 959 539 quae
988 492 1061 527 Deo
1096 492 1257 526 habenda
1289 495 1342 526 est
1364 492 1489 537 gratia,
1511 503 1548 526 re
1572 491 1663 526 idem
1689 502 1770 526 vera
1796 476 1926 542 ,ᾗῖᾞωῖ

158 571 173 585 ιι
195 556 436 591 confirmatum
465 560 534 597 est;
564 556 754 602 testarique
781 558 895 602 potest
921 554 1060 600 Europa
1090 554 1214 593 omnis,
1243 553 1414 599 prodiisse
1439 565 1482 588 ex
1511 565 1552 588 eo
1574 554 1769 600 complures
1795 553 1921 620 lgov'ittiiss·

156 633 171 646 α
192 618 284 652 viros
303 618 422 659 fortes,
448 618 620 664 planeque
639 617 860 664 apostolicos.
883 616 1039 651 Fuerunt
1057 615 1149 650 enim
1169 615 1250 650 inde
1269 626 1312 650 ex
1338 615 1430 649 omni
1456 618 1619 661 gente,et
1636 619 1771 650 tantum
1799 600 1902 661 3(ngss
1916 602 1938 619 ¹8

156 693 171 708 α
193 691 262 714 non
272 690 315 714 ex
329 679 422 713 omni
440 679 620 724 provincia
633 679 667 713 in
687 691 727 714 eo
739 678 914 713 domicilio
926 690 1004 713 cum
1015 677 1135 712 novitii
1151 681 1224 712 tum
1238 688 1358 711 eorum
1373 676 1533 722 magistri
1547 677 1771 711 sanctimonia
1798 675 1864 701 laus.

156 755 171 770 ω
192 741 390 787 praecipua;
413 741 469 786 qui
488 740 543 775 vel
563 741 744 786 exemplis,
766 740 821 775 vel
838 739 1008 775 doctrinis
1027 739 1144 780 etiam,
1163 739 1347 785 plerasque
1359 742 1482 785 gentes
1497 738 1541 773 ad
1560 738 1689 773 cultum
1709 739 1773 773 Dei

156 817 171 831 α
196 806 229 837 et
247 802 447 837 christianae
466 802 720 848 philosophiam
738 802 821 836 vitae
849 801 1069 837 erudirent.»
1083 802 1160 840 Qua
1175 800 1343 836 Stanislai
1362 801 1466 835 laude
1485 800 1648 835 laetamur
1666 800 1774 835 enim-
1806 814 1949 848 Scriptores

153 875 249 903 vero,
271 863 558 909 gratulamurque
578 864 712 904 Poloni,
737 868 775 898 ut
794 875 870 909 quae
905 864 941 898 in
971 863 1085 909 gentis
1114 863 1219 898 etiam
1254 866 1385 897 nostrae
1416 863 1522 897 decus
1551 865 1689 898 manet:
1711 862 1777 896 iste
1804 854 1951 920 Vsiffigffii

152 925 278 971 quippe
308 925 501 971 angularis,
533 925 615 959 felix
646 926 732 960 adeo
760 925 852 960 beati
883 925 957 971 ejus
988 925 1165 965 domicilii,
1197 925 1239 959 de
1272 924 1389 970 agello
1409 923 1619 959 Rostkoviae
1638 928 1772 965 nostro,

152 991 270 1021 noster
288 990 340 1021 est
357 986 458 1032 lapis.
482 986 705 1021 Committere
738 986 794 1020 hic
825 998 896 1021 non
931 998 1084 1032 possum,
1119 986 1202 1032 quin
1234 986 1276 1021 de
1308 986 1389 1026 isto,
1412 986 1562 1020 maximo
1582 985 1774 1032 provinciae

153 1051 283 1083 nostrae
318 1051 533 1088 ornamento,
556 1048 674 1093 aliqua
699 1047 835 1087 saltem,
873 1059 983 1093 eaque
1010 1048 1221 1087 summatim,
1256 1047 1489 1093 perscribam3
1520 1059 1598 1093 quae
1629 1047 1778 1082 maxime

153 1113 231 1156 post
250 1109 382 1143 Julium
412 1109 554 1144 Facium
573 1114 745 1144 rectorem
775 1110 998 1150 novitiorum,
1034 1110 1249 1145 Stanislaum
1276 1109 1517 1144 Varsevicium
1547 1109 1715 1144 Stanislai
1744 1110 1779 1144 in

159 1171 319 1206 tirocinio
357 1171 542 1217 collegam,
573 1176 652 1217 post
683 1172 893 1217 Gregorium
912 1172 946 1218 (1)
976 1172 1272 1213 Samboritanum,
1295 1172 1400 1218 hujus
1420 1172 1530 1207 nostri
1549 1172 1780 1207 adolescentis

157 1237 314 1280 paternae
333 1233 414 1268 olim
432 1234 526 1268 domi
544 1237 808 1280 praeceptorem,
831 1234 1009 1269 doctorem
1030 1234 1127 1268 illum
1151 1234 1384 1280 philosophize
1404 1234 1441 1269 in
1460 1235 1639 1270 academia
1658 1235 1782 1270 Craco-

155 1295 266 1330 viensi
301 1295 544 1335 clarissimum,
584 1299 662 1341 post
696 1296 716 1329 J
721 1306 869 1330 oannem
905 1296 1098 1330 Polancum
1132 1296 1314 1331 Societatis
1351 1297 1596 1338 secretarium,
1635 1297 1779 1332 Petrum

160 1357 310 1402 Skarga,
332 1356 558 1391 Franciscum
578 1357 797 1397 Sacchinum,
821 1357 983 1392 Carolum
1001 1358 1254 1399 Mussantium,
1277 1358 1421 1392 Petrum
1442 1358 1483 1392 de
1515 1358 1676 1400 Orleans,
1708 1359 1782 1393 Ste-

158 1418 312 1464 phanum
330 1418 519 1459 Binetfflm,
541 1418 698 1464 aliosque
730 1419 929 1465 scriptores,
952 1420 1233 1465 elegantissimus
1252 1419 1418 1454 Bartolus
1437 1423 1557 1454 noster
1576 1420 1777 1455 celebravit.

208 1480 323 1515 Natus
345 1480 539 1515 Stanislaus
559 1491 617 1514 an.
648 1480 752 1521 1550,
776 1492 894 1516 mense
922 1481 1095 1516 decembri
1113 1486 1229 1522 eunte,
1252 1482 1460 1516 Rostkoviae
1478 1482 1513 1516 in
1538 1482 1681 1517 dioecesi
1700 1483 1781 1517 Plo-

157 1543 264 1583 censi,
285 1543 489 1588 parentibus
516 1543 536 1577 J
542 1554 653 1577 oanne
685 1546 719 1577 et
753 1543 964 1589 Margarita,
984 1544 1021 1578 in
1039 1544 1254 1590 amplissima
1273 1556 1349 1579 cum
1368 1548 1513 1590 paterna
1531 1548 1604 1579 tum
1623 1549 1783 1580 materna

157 1604 302 1645 familia;
338 1608 494 1639 materna
522 1604 660 1650 quidem
687 1604 935 1651 Kryskiorum‚
954 1610 1101 1651 paterna
1128 1606 1358 1644 Kostkarum,
1381 1605 1499 1640 multis
1525 1610 1672 1652 utraque
1691 1619 1781 1653 prae-

157 1665 260 1700 claris
285 1666 430 1707 meritis,
471 1666 606 1712 opibus,
640 1667 842 1702 muneribus
870 1667 1029 1713 publicis,
1068 1679 1110 1703 ac
1140 1672 1277 1703 tantum
1304 1680 1375 1702 non
1406 1668 1512 1714 regiis
1536 1669 1638 1714 (quod
1669 1669 1782 1715 ipsum

158 1739 293 1774 quoque
320 1729 451 1763 «Ioanni
476 1729 629 1769 Kostka,
652 1727 928 1764 Sandomiriensi
961 1730 1130 1775 palatino,
1152 1731 1337 1765 candidato
1368 1731 1413 1765 ad
1440 1742 1588 1777 regnum
1607 1731 1778 1774 Poloniae,

157 1793 191 1824 et
208 1791 367 1825 corrivali
384 1791 550 1837 principis
569 1791 853 1838 Transylvaniae‚
866 1792 1008 1837 paribus
1022 1792 1093 1827 fere
1112 1793 1239 1827 civium
1253 1792 1467 1828 offerebatur
1478 1793 1668 1840 suffragiis)
1679 1806 1781 1829 orna-

157 1852 310 1893 tissima;
334 1857 380 1892 et,
412 1864 489 1899 quae
517 1853 735 1887 Kostkarum
755 1854 932 1899 praecipua
950 1854 1027 1889 laus
1046 1858 1111 1895 est,
1132 1855 1276 1900 antiqua
1296 1855 1476 1901 religionis
1502 1855 1682 1891 catholicae
1700 1869 1779 1903 pro·
1806 1870 1938 1902 Amplitu-

158 1915 308 1950 fessione
339 1927 380 1950 ac
406 1916 486 1957 fide,
523 1927 623 1961 quam
656 1916 795 1950 Christo
824 1916 957 1961 aliquot
975 1916 1102 1951 abhinc
1121 1917 1259 1951 saeculis
1287 1922 1407 1952 sancte
1427 1918 1613 1964 obligarat,
1642 1924 1781 1955 servata
1805 1907 1952 1972 ἓξὲᾗῐέἒῗ

159 1976 271 2011 adhuc
285 1976 442 2022 integre;
465 1977 501 2011 in
519 1981 678 2022 utraque,
701 1978 855 2023 inquam,
877 1982 981 2012 natus
999 1978 1143 2018 familia,
1166 1979 1303 2024 magnis
1322 1979 1483 2014 laudibus
1498 1981 1777 2017 commendabili,
1803 1988 1886 2020 tegra.

160 2038 386 2084 Splendorem
406 2039 521 2084 gentis
542 2038 767 2075 domesticum
786 2044 918 2085 augent
949 2040 1104 2074 affinium
1136 2041 1308 2086 praeclara
1335 2025 1549 2076 ‘familiarum
1569 2043 1695 2078 decora
1718 2056 1724 2078 ;
1746 2044 1780 2078 in

160 2100 279 2145 primis
299 2100 494 2135 Austriacae
513 2101 636 2135 domus
655 2112 807 2136 caesarea
829 2113 836 2135 :
860 2102 1085 2147 Jagellonum
1104 2106 1138 2137 et
1157 2103 1421 2138 Sobieskiorum
1440 2105 1539 2150 regia
1557 2105 1592 2139 in
1611 2106 1776 2140 Polonia:

162 2161 406 2196 Bathoriorum
439 2165 473 2196 et
504 2162 761 2197 Rakocciorum
786 2163 821 2197 in
858 2164 1043 2209 Hungaria
1076 2168 1110 2198 et
1140 2165 1398 2212 Transylvania
1425 2179 1431 2200 :
1465 2178 1674 2212 magnorum
1696 2168 1779 2203 alibi

162 2233 355 2267 procerum,
376 2223 405 2258 si
419 2224 551 2269 patrias
567 2224 668 2258 etiam
690 2225 845 2259 omittam
865 2225 1027 2266 familias,
1050 2225 1230 2272 multiplex
1249 2227 1439 2273 amplitudo
1455 2232 1489 2262 et
1508 2228 1662 2264 claritas.

209 2283 372 2318 Nondum
396 2284 431 2319 in
458 2285 566 2319 vitam
592 2297 679 2331 puer
703 2290 861 2328 venerat,
884 2298 962 2321 cum
989 2287 1024 2321 in
1049 2287 1256 2323 Societatem
1270 2289 1344 2334 jam
1363 2289 1542 2324 videretur
1561 2290 1774 2337 adscriptus;
1805 2270 1892 2298 Natus
1914 2271 1949 2299 of-

1804 2313 1950 2339 ferturDeo.

202 2395 242 2433 (1)
260 2396 413 2436 Gregorius
436 2398 614 2437 vigilantius,
638 2407 651 2426 a
676 2400 798 2436 civitate,
821 2400 846 2427 in
875 2408 926 2435 qua
953 2402 1046 2432 natus,
1066 2399 1241 2434 Samborius‚
1259 2402 1317 2430 sive
1340 2402 1549 2432 Samboritanus
1574 2405 1670 2443 vulgo,
1688 2405 1728 2433 vir
1751 2406 1776 2433 in

165 2449 259 2484 primis
272 2452 397 2479 cruditus
421 2454 448 2479 et
463 2452 536 2488 pius.
553 2451 727 2490 Paedagogus
748 2454 865 2481 filiorum
879 2453 994 2481 Joannis
1015 2452 1120 2481 Rosika
1143 2455 1261 2488 aulicus,
1279 2456 1331 2483 iter
1346 2464 1490 2485 romanum
1507 2456 1638 2486 Stanislai
1655 2459 1778 2486 carmine

165 2501 324 2538 descripsit.
341 2503 403 2532 Vid.
420 2505 494 2533 Petri
509 2505 656 2540 Prusczcz,
672 2506 722 2534 lib.
736 2505 848 2535 Fortem
860 2506 1049 2541 Monarchow,
1065 2510 1116 2534 art.
1137 2507 1184 2543 ⁶25,
1197 2516 1261 2545 pag.
1278 2509 1346 2535 ⁰213.

1633 2563 1648 2587 3
