2184 2953
191 388 255 416 1579

190 428 270 455 Vilna

190 466 312 495 Claudio-

189 506 269 540 polim
293 512 337 531 vo-

190 546 272 571 catur.

191 584 257 617 Ejus
266 583 335 608 laus.

254 1063 293 1089 37.

199 1103 275 1130 Hosii
287 1109 342 1128 car—

198 1142 294 1168 dinalis

200 1182 288 1207 obitus
318 1181 345 1206 et

201 1221 268 1247 laus.

357 284 397 316 66
724 282 1001 313 LITUANICARUM
1025 280 1238 312 SOCIETATIS
1259 280 1346 310 JESU
1369 280 1623 310 HISTORIARPM

360 374 575 422 grovickius,
592 374 793 421 postulante
811 387 896 422 rege
915 376 1094 422 Stephano
1109 374 1155 408 ad
1174 373 1369 420 Collegium
1389 385 1511 408 recens
1535 371 1757 419 Claudiopoli
1774 372 1984 411 institutum,

360 438 555 485 regendum
578 442 722 473 vocatur
745 439 862 474 Vilna.
885 438 949 472 Vir
980 437 1130 483 scriptis,
1161 436 1399 477 concionibus,
1427 436 1614 482 prudentia
1641 435 1686 470 ad
1719 434 1990 481 gubernandum

362 504 458 541 nata,
485 505 520 536 et
542 501 672 547 pietate
689 502 851 548 insignis.
873 500 1091 536 Adolescens
1116 500 1159 534 ab
1179 499 1354 534 haereticis
1382 498 1560 541 seductus,
1587 497 1724 533 mature
1748 509 1786 532 se
1805 497 1850 532 ad
1869 497 1990 532 Eccle-

363 563 450 598 siam
476 564 674 605 revocavit;
710 563 752 598 de
775 575 838 598 suo
870 574 990 597 errore
1016 562 1217 597 admonitus
1244 562 1396 596 lectione
1423 561 1571 595 maxime
1602 561 1696 601 libri,
1730 572 1831 606 quem
1861 559 1991 594 Hosius

363 626 552 662 cardinalis
584 627 627 661 de
663 626 882 661 confessione
917 625 1101 660 catholicae
1123 624 1204 659 fidoi
1229 623 1435 664 christiana,
1464 623 1736 658 Petricoviensis
1764 622 1907 656 nomine
1928 622 1992 667 Sy-

363 688 458 730 nodi,
479 689 514 723 in
544 689 657 723 lucem
690 688 866 723 emiserat.
894 687 1029 722 Exacto
1064 687 1190 721 Romae
1213 686 1388 726 tirocinio,
1424 685 1550 720 litteris
1577 685 1705 720 ibidem
1730 684 1858 730 graecis
1885 683 1992 718 etiam

363 750 605 797 hebraicisque
641 751 835 797 perpolitus
859 779 866 791 ‚
906 749 1014 784 rediit
1057 749 1091 782 in
1129 748 1302 794 patriam;
1346 747 1404 781 ubi
1433 750 1466 781 et
1493 746 1711 792 theologiam
1740 758 1869 791 magna
1911 757 1991 780 cum

365 812 534 848 doctrinae
556 813 661 848 laude
687 812 844 852 tradidit,
868 816 902 847 et
921 812 1010 846 alias
1032 810 1259 845 concionatus
1284 813 1361 844 erat
1378 808 1572 849 utilissime,
1598 812 1632 843 et
1654 808 1762 843 libros
1793 807 1991 854 complures

366 875 561 910 eruditione
584 875 788 921 conscripsit
815 874 942 909 eximia
965 873 1203 919 vulgavitque.
1227 872 1290 906 Pie
1310 871 1472 917 denique,
1494 875 1532 906 ut
1557 870 1654 912 vixit,
1678 870 1796 905 docuit
1820 874 1853 904 et
1885 869 1992 915 scrip-

368 937 425 979 sit,
453 937 538 972 obiit
560 937 651 972 diem
683 949 783 972 suum
802 935 982 971 Cracoviae
1005 947 1099 970 anno
1127 934 1250 969 salutis
1275 934 1380 974 1597,
1401 933 1507 967 trium
1530 936 1612 967 ante
1631 932 1665 966 in
1685 932 1800 978 patria
1820 931 1994 977 Collegio-

368 1011 457 1040 rum,
479 999 514 1033 in
538 998 797 1046 Transylvania
824 998 1135 1044 Claudiopolitani,
1166 997 1295 1031 deinde
1314 995 1491 1031 universae
1510 994 1638 1030 ibidem
1657 994 1847 1041 provinciae
1865 998 1993 1029 rector.

413 1061 528 1096 Roma
546 1060 773 1096 Varmienses
793 1061 888 1096 Socii
907 1061 950 1095 de
968 1072 1031 1095 suo
1047 1059 1204 1094 antistite
1236 1063 1270 1093 et
1297 1057 1480 1093 conditore
1508 1057 1686 1092 Stanislao
1705 1056 1830 1097 Hosio,
1848 1056 1997 1102 primuni

368 1123 574 1170 presbytero
606 1122 778 1158 cardinali
810 1123 846 1158 S.
874 1123 1030 1162 Sabinae,
1057 1121 1184 1156 deinde
1209 1121 1246 1156 S.
1270 1120 1454 1155 Laurentii
1489 1120 1524 1153 in
1555 1119 1653 1153 Pane
1681 1122 1715 1153 et
1742 1119 1872 1159 Perna,
1901 1117 1998 1152 deni-

370 1197 437 1231 que
471 1186 508 1221 S.
535 1186 717 1221 Pancratii
752 1189 787 1221 et
822 1185 856 1220 S.
884 1185 1012 1220 Mariae
1043 1188 1141 1219 trans
1173 1183 1344 1223 Tiberim,
1365 1186 1488 1217 octavo
1503 1193 1614 1217 nonas
1631 1181 1774 1216 sextiles
1793 1184 1944 1220 mortuo,
1967 1184 2001 1214 et

377 1248 555 1289 acerbum,
576 1248 670 1295 quod
692 1252 873 1295 parentem
897 1247 1115 1282 carissimum
1143 1246 1347 1285 amiserant,
1369 1250 1402 1280 et
1420 1245 1552 1286 laetum,
1575 1244 1669 1291 quod
1699 1244 1844 1290 optabili
1877 1243 2001 1288 cuique

378 1314 490 1346 morte
507 1322 551 1345 ex
572 1311 639 1346 hac
665 1322 903 1346 aerumnarum
933 1309 1129 1344 colluvione
1148 1309 1184 1343 in
1204 1308 1354 1354 patriam
1385 1311 1553 1342 aeternam
1580 1307 1774 1342 translatus
1802 1310 1890 1347 erat,
1914 1317 2001 1339 nun-

377 1372 463 1407 tium
482 1376 694 1419 acceperunt
711 1373 755 1420 (1).
779 1373 832 1407 De
851 1372 947 1407 obitu
967 1372 1041 1417 ejus
1062 1375 1095 1406 et
1114 1371 1195 1405 vita}
1217 1369 1380 1404 laudibus
1400 1368 1596 1404 Stanislaus
1615 1368 1766 1403 Rescius
1786 1368 1824 1403 S.
1842 1368 1884 1402 P.
1904 1367 1941 1401 S.
1959 1365 2004 1400 ad

378 1435 551 1469 Joannem
583 1435 732 1469 Hosium
764 1434 807 1469 de
838 1434 994 1476 Bezdan,
1022 1432 1188 1468 Stanislai
1221 1432 1378 1473 fratrem,
1401 1431 1451 1466 sic
1482 1431 1610 1471 Roma,
1632 1430 1737 1476 idque
1767 1428 2002 1468 familiariter,

378 1496 494 1531 verbis
514 1497 648 1532 scilicet
675 1509 745 1532 non
773 1496 1044 1543 diligentissime
1067 1495 1235 1541 quaesitis‚
1258 1494 1478 1540 perscripsit.

432 1574 447 1589 κ
469 1560 606 1595 Facere
635 1571 705 1594 non
748 1560 847 1606 potui
883 1559 930 1606 (2),
962 1570 1003 1593 ac
1029 1569 1074 1592 ne
1108 1557 1212 1592 debui
1239 1555 1392 1602 quidem,
1422 1555 1475 1589 vir
1501 1554 1741 1600 integerrime,
1776 1553 1857 1599 quin
1893 1552 1938 1587 ad
1973 1556 2007 1586 te

382 1638 397 1652 α
420 1623 547 1658 litteris
573 1623 659 1657 meis
691 1622 945 1668 perscriberem
973 1621 1016 1656 de
1042 1620 1192 1655 transitu
1236 1624 1270 1654 et
1306 1618 1515 1653 dormitione
1542 1618 1609 1651 viri
1640 1615 1939 1662 incomparabilis,
1974 1618 2007 1648 et

384 1701 399 1714 κ
422 1686 495 1720 Deo
522 1684 779 1725 amabilissimi,
805 1684 975 1719 Stanislai
994 1682 1096 1717 Hosii
1109 1681 1313 1722 cardinalis,
1335 1679 1484 1726 Majoris
1504 1679 1778 1720 poenitentiarii,
1801 1682 1835 1712 et
1855 1676 2008 1723 episcopi
2048 1726 2053 1730 ¹

385 1764 400 1778 κ
422 1748 656 1787 Varmiensis‚
684 1747 815 1782 domini
843 1750 877 1781 et
907 1745 1140 1781 benefactoris
1167 1744 1233 1779 mei
1259 1742 1581 1783 observandissimi,
1602 1741 1722 1777 fratris
1747 1741 1796 1776 tui
1815 1741 2006 1781 carissimi;

385 1825 400 1840 κ
422 1815 495 1845 tum
530 1815 568 1846 ut
595 1810 751 1846 dolorem
787 1810 879 1844 hunc
914 1820 1042 1849 meum,
1066 1808 1125 1854 qui
1150 1819 1206 1842 me
1230 1805 1453 1842 acerbissime
1493 1806 1638 1845 cruciat,
1660 1804 2009 1851 praeclarissimarum

386 1888 401 1902 α
424 1885 541 1909 rerum
572 1872 903 1908 commemoratione
930 1871 1060 1906 leniam
1088 1884 1094 1906 z
1123 1875 1196 1906 tum
1226 1874 1263 1905 ut
1288 1874 1323 1905 te
1353 1868 1573 1915 animumque
1608 1873 1718 1909 tuum,
1744 1868 1832 1914 jam,
1854 1871 2008 1914 utputo,

388 1950 403 1964 α
426 1935 615 1970 demissum
642 1939 677 1970 et
709 1945 926 1981 oppressum,
962 1934 1007 1968 ad
1032 1933 1268 1968 calamitatem
1293 1933 1383 1966 hanc
1406 1930 1543 1965 fortiter
1570 1934 1604 1965 et
1628 1930 1808 1965 moderate
1834 1929 2012 1965 ferendam

389 2012 404 2025 υ
427 1997 493 2031 isto
520 1996 624 2031 officii
655 2007 786 2041 genere
817 1995 978 2034 excitem,
999 1999 1106 2040 atque
1129 1994 1294 2030 extollam
1316 2005 1323 2027 ε
1345 1993 1495 2027 maxime
1525 2004 1610 2027 vero
1638 1993 1804 2033 omnium,
1827 1995 1865 2026 ut
1895 1991 2011 2038 Scrip-

390 2074 405 2088 α
427 2063 517 2093 turre
552 2057 689 2093 dicendi
732 2057 893 2092 obediam
926 2069 932 2091 :
966 2056 1234 2091 Sacramentum
1262 2055 1355 2101 regis
1392 2055 1609 2090 abscondere
1644 2055 1772 2090 bonum
1812 2058 1877 2094 est,
1907 2065 2015 2100 opera

392 2137 408 2151 ιι
430 2124 545 2156 autem
561 2121 627 2156 Dei
653 2119 811 2155 revelare
837 2123 871 2154 et
898 2119 1070 2160 confiteri,
1093 2118 1333 2153 honorificum.
1363 2117 1473 2163 Spero
1500 2118 1536 2152 in
1555 2118 1619 2153 Dei
1646 2117 1899 2156 misericordia,
1922 2115 2015 2162 quod

394 2197 409 2212 u
429 2182 520 2217 hanc
539 2182 645 2217 animi
682 2181 749 2216 mei
786 2181 1045 2216 contentionem
1077 2181 1256 2226 adjuvabit
1296 2180 1337 2222 iS,
1359 2182 1416 2227 qui
1452 2182 1559 2217 talem
1588 2194 1667 2217 eum
1698 2182 1813 2216 facere
1848 2179 2014 2225 dignatus

393 2258 409 2273 α
432 2249 497 2285 est,
532 2243 574 2278 de
605 2255 672 2289 quo
702 2243 897 2278 scribimus.
932 2243 1054 2281 Qualis
1081 2244 1153 2278 vita
1185 2246 1332 2277 mortem
1364 2244 1451 2278 hanc
1486 2243 1721 2290 praecesserit,
1755 2253 1825 2277 non
1855 2241 2012 2287 ignoras.

432 2331 477 2371 (1)
502 2332 539 2360 Dc
556 2332 700 2360 nobilitato
715 2333 808 2370 gentis
822 2332 925 2367 Hosife,
944 2333 1001 2359 sivo
1018 2331 1119 2365 Hoss.‚
1139 2332 1200 2359 Vid.
1217 2331 1248 2358 P.
1266 2330 1362 2359 Adam.
1383 2330 1589 2365 Narainowski,
1608 2334 1635 2357 in
1661 2330 1740 2357 Facie
1756 2329 1860 2357 Rerum
1876 2327 2014 2356 Sarmali-

393 2396 483 2414 carum
502 2389 519 2415 Ι.
546 2388 573 2414 ⁶2.
593 2396 619 2422 p.
639 2387 707 2415 449.
727 2403 758 2406 —
780 2384 826 2424 (⁹2)
844 2386 971 2421 Eloginm
986 2387 1067 2421 hujus
1091 2385 1152 2414 vm.
1168 2387 1196 2413 in
1212 2385 1338 2412 Historia
1353 2385 1479 2412 Prassioe
1493 2384 1609 2413 Joannis
1632 2384 1735 2412 Leonis
1752 2392 1765 2411 a
1782 2391 1845 2421 pag.
1867 2383 1933 2411 353.
1949 2383 1968 2409 1.
1987 2382 2015 2414 8,

394 2444 422 2469 ct
435 2442 464 2468 P.
483 2440 579 2469 Adam.
599 2440 791 2469 Naramowski
810 2443 836 2467 in
852 2441 935 2467 Facie
949 2440 1052 2468 Rerum
1070 2440 1288 2468 Sarmaticarum
1307 2440 1354 2467 lili.
1370 2440 1396 2466 2.
1416 2446 1440 2466 c.
1459 2438 1495 2469 ΙΙ,
1513 2446 1527 2465 a
1545 2447 1571 2474 p.
1591 2439 1660 2466 449.
1674 2438 1799 2465 Andreas
1815 2437 1850 2465 du
1868 2436 1969 2470 Sausay
1983 2436 2017 2463 dc

395 2496 493 2524 codem
507 2495 654 2524 Cardinale
670 2496 717 2524 lib.
732 2496 760 2529 5,
778 2495 825 2532 qni
839 2495 1020 2523 inscribitur:
1037 2494 1158 2529 Insiynis
1174 2494 1236 2520 libri
1251 2494 1281 2520 (Ie
1299 2492 1480 2528 Scriptoribus
1494 2491 1703 2527 Ecclesiasticis‚
1721 2500 1784 2528 pag.
1805 2492 1853 2520 ⁶27.
