2184 2953
447 288 506 320 242
833 291 1104 321 LITUANICARUM
1129 292 1336 321 SOCIETATIS
1359 293 1444 322 JESU
1469 292 1715 322 HISTORlARUM

279 388 342 414 1616
443 384 517 429 jam
536 383 616 419 inde
635 387 739 429 atque
756 384 874 420 alacer
889 397 988 420 suum
1009 384 1091 419 facit
1106 385 1269 420 officium.
1293 385 1480 420 Confessus
1504 385 1568 420 rite
1588 384 1715 420 delicta
1741 386 1928 431 poenitens,
1951 386 2061 432 ejurat

452 445 567 491 palam
588 446 723 481 Calvini
738 447 910 487 haeresim,
932 447 1177 481 reconciliatur
1196 447 1333 493 publice
1352 446 1530 482 Ecclesiae.
1567 447 1653 485 Quae
1675 458 1744 485 res,
1773 451 1810 481 ut
1829 449 2060 493 praesentibus

451 511 523 542 tum
544 509 620 554 regi
639 512 673 543 et
703 509 904 555 proceribus
924 508 1104 543 catholicis
1119 520 1283 555 magnam
1301 509 1418 544 attulit
1435 509 1594 543 laetitiam
1614 509 1682 550 ,sic
1711 509 1854 544 nimium
1879 514 2057 556 quantum,

452 575 670 618 contemptos
685 572 734 607 ita
748 585 825 607 cum
852 572 923 607 suis
940 572 1127 618 dogmatis,
1150 571 1370 606 conturbavit
1398 571 1598 606 haereticos.
1616 571 1750 605 Horum
1771 571 1936 606 Nicolaus
1955 572 2061 606 libros

451 634 569 675 etiam,
602 635 657 670 vel
687 635 898 681 conquisitos
917 635 972 669 vel
1005 638 1192 680 coemptos,
1223 633 1257 666 in
1280 643 1403 677 rogum
1430 633 1604 678 conjectos
1631 633 1780 673 exussit;
1818 644 1884 678 quo
1924 637 2062 668 caveret

450 697 740 742 imprudentibus,
763 697 900 742 quidvis
928 696 1046 742 legere
1077 700 1111 730 et
1138 694 1287 741 probare
1307 693 1448 739 paratis.
1471 694 1568 729 Fana
1598 694 1632 728 in
1653 694 1724 729 suis
1750 694 1898 740 oppidis,
1915 693 2061 728 coetibus

452 758 698 794 haereticorum
718 760 915 805 profanata,
950 758 1130 793 catholicis
1157 756 1318 791 restituit.
1356 755 1559 801 Complures
1584 757 1741 802 exemplo
1777 769 1852 797 suo,
1889 757 1924 791 in
1942 757 2061 802 primis

276 821 354 865 Sacra
373 821 422 847 Pa-
451 832 638 866 germanos
673 821 797 856 fratres
821 833 915 861 suos,
931 821 1135 866 Georgium,
1156 818 1352 856 Albertum‚
1375 821 1408 852 et
1440 818 1665 857 Stanislaum‚
1702 830 1723 853 a
1754 822 1849 853 secta
1867 819 2000 853 Calvini
2018 819 2062 853 ad

275 861 420 927 ῗῇῗιξξῆ,
450 883 644 918 Ecclesiam
672 883 853 923 traduxit;
885 882 967 917 inde
998 886 1032 916 et
1067 881 1160 927 ipsos
1194 879 1379 915 Societatis
1408 885 1537 914 nostrae
1569 880 1837 921 amantissimos,
1868 880 2064 926 optimeque

446 945 587 980 meritos
605 944 792 990 principes.
828 945 910 978 «Iam
942 947 976 979 et
1002 943 1110 989 legati
1137 943 1172 976 in
1190 942 1342 976 Galliam
1377 941 1421 975 ad
1455 942 1644 977 Henricum
1664 942 1856 983 Valesfflm,
1875 942 2023 977 electum
2042 953 2063 976 a

444 1007 585 1041 Polonis
612 1018 743 1052 regem,
777 1010 811 1041 et
842 1006 910 1040 alia
930 1005 1068 1052 publica
1088 1008 1255 1040 executus
1278 1015 1436 1045 munera,
1459 1003 1504 1038 ad
1528 1003 1731 1038 Palaestinae
1759 1003 1846 1044 loca,
1870 1003 2062 1039 Salvatoris

443 1069 554 1103 nostri
584 1068 745 1114 vestigiis
765 1072 984 1109 consecrata,
1018 1068 1164 1102 visenda
1194 1078 1231 1101 se
1251 1065 1397 1100 contulit
1419 1078 1424 1098 :
1448 1065 1576 1110 pietate
1602 1076 1664 1098 sua
1684 1071 1894 1110 provocatus
1913 1070 1947 1100 et
1964 1069 2057 1105 voto,

443 1143 509 1177 quo
529 1142 566 1166 se
585 1131 798 1169 devinxerat,
822 1131 942 1165 morbo
957 1130 1144 1176 implicitus
1164 1129 1245 1164 olim
1273 1129 1415 1169 difficili,
1438 1130 1597 1175 quodque
1617 1130 1705 1164 alias
1731 1131 1765 1164 in
1785 1131 1888 1165 certis
1903 1131 1984 1165 vitae
2001 1143 2060 1177 pe-

442 1180 573 1231 riculis,
592 1191 673 1227 belli
693 1192 855 1232 maxime,
877 1196 950 1226 tum
969 1192 1003 1225 in
1024 1191 1184 1231 Livonia,
1215 1196 1288 1225 tum
1307 1191 1397 1236 apud
1418 1191 1595 1226 Polociam
1614 1192 1649 1225 in
1674 1192 1806 1226 Russia
1825 1205 1831 1233 ;
1854 1192 1899 1226 ibi
1931 1192 2060 1238 glande

444 1256 531 1291 ictus
547 1260 662 1302 caput,
686 1256 909 1301 dejectusque
930 1266 971 1289 ex
991 1266 1091 1300 equo,
1110 1253 1227 1288 salvus
1247 1265 1289 1288 ex
1309 1264 1392 1288 casu
1411 1258 1526 1289 tamen
1546 1258 1580 1289 et
1594 1254 1789 1295 incolumis,
1812 1255 1938 1290 iterata
1956 1266 2058 1301 spon-

444 1319 539 1354 sione
559 1318 793 1354 confirmarat.
816 1318 1007 1351 Damnatus
1026 1316 1144 1363 itaque
1166 1316 1247 1356 voti,
1263 1327 1354 1350 anno
1379 1316 1470 1352 1582
1490 1317 1525 1351 in
1539 1317 1630 1350 viam
1649 1328 1685 1352 se
1705 1317 1810 1351 dedit.

492 1381 613 1416 Soluta
628 1380 790 1427 promissi
806 1379 888 1419 fide,
908 1379 952 1413 ad
967 1390 1026 1413 an.
1050 1379 1142 1414 1584
1157 1378 1300 1414 revertit
1320 1379 1355 1412 in
1374 1378 1536 1423 patriam,
1549 1382 1671 1412 auctus
1687 1378 1811 1423 equitis
1827 1379 1916 1413 sacri
1938 1378 2059 1424 Sepul-

444 1443 517 1479 chri
540 1442 750 1488 insignibus.
773 1442 811 1476 In
834 1445 1040 1476 ornamenta
1068 1441 1157 1475 sacri
1186 1441 1261 1486 ejus
1281 1439 1464 1486 Sepulchri
1487 1451 1611 1474 census
1640 1439 1835 1485 assignavit
1860 1444 1985 1480 certos,
2019 1451 2061 1474 ex

321 1538 352 1563 25
444 1505 591 1551 pecunia
605 1504 760 1539 Venetiis
776 1503 945 1538 collocata
965 1502 1210 1548 dependendos
1230 1505 1313 1546 quot
1333 1501 1445 1535 annis.
1469 1500 1729 1535 Nesvisiensem
1751 1513 1850 1535 suam
1868 1502 2057 1542 civitatem,

269 1579 359 1606 Pietas
445 1577 507 1600 suo
518 1565 683 1611 principis
700 1563 996 1610 gratulabundam
1012 1563 1140 1604 reditu,
1160 1562 1280 1598 revisit
1294 1562 1395 1596 nonis
1414 1561 1627 1607 quintilibus.
1647 1562 1869 1598 Domicilium
1888 1564 1935 1598 ibi
1950 1563 2059 1598 Sociis

270 1618 403 1643 munifica.
444 1639 536 1663 anno
559 1628 651 1663 1586
665 1627 831 1662 aedificari
851 1631 1013 1672 coeptum,
1035 1638 1093 1661 an.
1115 1626 1206 1661 1588
1221 1625 1441 1671 profligatum
1460 1629 1566 1670 atque
1584 1624 1792 1660 absolutum.
1806 1626 1946 1661 Praedia
1962 1627 2058 1661 attri-

269 1656 360 1683 Nesvi-

269 1695 355 1721 siense
445 1691 529 1724 buta
544 1689 713 1734 Collegio,
737 1693 773 1723 ut
793 1695 910 1724 essent
929 1689 1108 1725 immunia.
1126 1689 1162 1722 in
1181 1688 1327 1722 comitiis
1346 1687 1447 1732 regni
1467 1687 1692 1733 generalibus
1711 1699 1803 1722 anno
1823 1689 1914 1724 1589
1929 1688 2054 1724 effecit.

269 1734 406 1806 {griffoi-um
445 1750 648 1785 Incredibili
679 1750 849 1785 charitate
881 1750 1083 1796 complexus
1117 1750 1250 1789 Socios,
1272 1761 1312 1784 ea
1328 1761 1464 1795 quoque
1493 1750 1576 1796 ipsis
1611 1750 1793 1795 ingerebat
1818 1750 1921 1790 ultro,
1943 1763 2020 1796 quae
2039 1763 2060 1786 a

268 1813 332 1838 tum.
445 1816 652 1858 paupertate
686 1812 934 1858 religiosorum
953 1811 1182 1857 institutoque
1197 1812 1427 1845 abhorrerent
1446 1823 1452 1844 :
1472 1811 1584 1856 qualis
1611 1817 1686 1845 erat
1713 1812 1841 1846 abacus
1856 1812 1914 1847 ille
1933 1823 2058 1858 argen-

445 1881 533 1917 teus,
556 1876 613 1921 qui
629 1875 811 1909 Sociorum
829 1875 908 1909 usui
927 1874 1102 1908 confectus
1122 1873 1263 1913 fuisset;
1285 1872 1351 1906 nisi
1372 1872 1405 1905 id
1426 1873 1577 1907 muneris
1592 1874 1658 1918 ipsi
1678 1874 1824 1908 fuissent
1850 1885 1870 1908 a
1886 1886 1922 1909 se
1935 1874 2056 1919 depre-

441 1937 521 1972 cati.
545 1936 759 1982 Colligendis
779 1937 813 1970 in
834 1935 1044 1970 domicilium
1063 1934 1220 1980 pluribus
1235 1934 1374 1968 tertiam
1395 1935 1544 1969 aedificio
1565 1936 1860 1981 contignationem
1880 1936 2058 1981 imponere

441 2005 609 2036 statuerat
627 2015 634 2043 3
657 2001 689 2035 id
708 2012 791 2036 vero
807 1999 979 2040 beneficii,
997 2010 1097 2045 quam
1114 1998 1156 2032 ob
1172 2009 1256 2035 rem,
1272 1998 1402 2037 nescio,
1426 1996 1518 2031 Socii
1535 2008 1603 2030 non
1614 1996 1862 2031 admittendum
1878 2000 2052 2043 putarent.

441 2060 662 2095 Commodius
681 2059 732 2094 illi
752 2059 868 2099 hodie,
891 2059 982 2105 quod
1006 2058 1146 2093 volebat
1164 2058 1334 2098 conditor,
1366 2058 1578 2097 habitarent,
1609 2058 1765 2104 coeloque
1780 2058 1933 2104 puriore,
1956 2069 2055 2104 supe-

440 2123 550 2157 riores
568 2122 644 2157 loco
664 2121 710 2156 ad
733 2125 893 2167 stagnum
910 2120 1066 2161 humido,
1088 2121 1297 2155 fruerentur.
1322 2120 1425 2154 Nunc
1441 2120 1474 2153 in
1495 2119 1641 2165 regione
1660 2120 1781 2154 domus
1800 2118 1929 2159 infima,
1947 2119 2053 2154 fundo

438 2184 619 2225 insalubri,
642 2183 744 2218 uvido
775 2183 863 2218 coelo
894 2182 1094 2227 nitrosoque
1122 2182 1349 2216 habitandum
1368 2185 1432 2216 est.
1451 2181 1627 2216 AEdificiis
1641 2180 1759 2226 templi
1780 2185 1813 2214 et
1834 2181 1955 2215 domus
1974 2192 2052 2226 per-

440 2246 551 2286 fectis,
587 2246 621 2280 in
648 2245 806 2292 proximo
837 2245 881 2279 ab
914 2244 998 2279 urbe
1023 2244 1113 2290 jugo
1142 2243 1307 2278 sacellum
1335 2243 1444 2277 Beato
1475 2242 1698 2288 Archangelo
1734 2241 1907 2288 Raphaeli
1943 2242 2052 2288 (cujus

438 2307 602 2354 praesidio
624 2311 734 2341 tectus
749 2306 979 2340 Palaestinum
999 2305 1064 2340 iter
1090 2305 1296 2349 confecerat)
1324 2304 1519 2344 collocavit,
1554 2304 1778 2350 Collegioque
1811 2303 1971 2337 attribuit
2003 2303 2047 2349 (1).

438 2369 504 2402 Hic
531 2379 664 2414 quoque
685 2368 887 2413 principem,
921 2370 957 2400 ut
974 2367 1104 2401 fecerat
1122 2366 1156 2400 in
1192 2365 1310 2400 urbico
1344 2376 1405 2399 suo
1434 2365 1610 2399 fundando
1646 2365 1788 2411 templo,
1812 2365 1923 2410 ipsum
1957 2364 2048 2399 inter

436 2431 615 2478 operarios
634 2429 819 2464 exhaurire
833 2430 975 2463 humum
994 2441 1001 2469 ;
1023 2430 1147 2474 ipsum,
1179 2425 1390 2461 honorandis
1412 2437 1451 2460 eo
1470 2427 1593 2461 humili
1620 2438 1683 2461 suo
1703 2426 1894 2460 ministerio
1920 2436 2045 2461 novem

475 2499 516 2538 (1)
534 2500 562 2527 S.
582 2499 730 2535 Raphaelis
742 2499 874 2526 sacellum
889 2511 895 2530 ;
914 2498 1016 2525 ibidem
1033 2496 1098 2525 Divo
1116 2497 1240 2524 Micliaeii
1255 2499 1281 2523 et
1296 2495 1349 2522 ssB.
1368 2495 1481 2533 Angelis
1497 2496 1654 2523 dedicatum
1673 2497 1815 2530 templum.
