2184 2953
246 399 307 427 1631

242 655 272 680 Ρ.
281 655 389 684 Andreae

242 693 390 723 Rudomina

242 735 342 760 vocatio
355 736 388 762 ad

242 772 355 800 Societa-

239 813 301 841 tem.

235 1795 284 1820 Per
311 1801 377 1819 som-

233 1833 306 1858 nium
331 1832 370 1858 in-

233 1874 333 1899 vitatur
346 1873 378 1899 ad

233 1912 334 1938 labores

233 1951 361 1978 Siueuses.

416 301 475 333 302
784 304 1059 333 LITUANICARUM
1084 305 1296 334 SOCIETATIS
1318 306 1403 335 JESU
1427 307 1679 336 HISTORIARUM

418 399 471 430 est
490 396 594 442 hujus
613 395 695 431 loci.
725 396 821 431 Bene
848 396 957 431 multa
983 396 1083 442 legas
1109 401 1182 430 tum
1208 397 1243 430 in
1276 396 1390 431 Linda
1419 397 1533 443 Clagii
1554 398 1732 438 Mariana,
1753 402 1825 432 tum
1845 399 1881 433 in
1914 399 2040 434 annuis

420 457 634 493 Resselliani
651 458 894 505 CollegiLQuo
914 471 1015 493 nemo
1032 471 1120 494 unus
1132 460 1361 495 Lituanorum
1380 461 1587 510 aspiraverit
1606 461 1733 501 adhuc,
1748 473 1769 496 a
1784 462 1931 508 regione
1945 463 2039 497 vide-

416 519 497 555 licet
532 521 640 556 tantis
673 521 846 568 disjuncta
876 521 1086 563 intervallis,
1108 522 1154 556 ad
1185 526 1376 557 extremam
1408 523 1503 557 Asiae
1538 527 1679 569 gentem
1714 524 1830 564 Sinas,
1869 525 2040 560 Lituanus

418 586 550 624 noster,
572 596 703 630 genere
718 584 776 619 ille
793 588 891 619 ortus
917 584 1147 625 nobilissimo,
1170 585 1210 619 P.
1229 585 1390 620 Andreas
1406 585 1621 626 Rudomina,
1642 586 1845 621 christianae
1859 587 2041 634 religionis

416 645 485 680 illis
516 646 621 681 etiam
651 646 887 692 praedicanda}
918 646 1055 692 populis
1087 647 1259 682 desiderio
1283 647 1461 687 incensus,
1499 648 1704 693 penetravit.
1737 648 1859 683 Annos
1892 654 2041 695 quatuor

415 720 522 755 supra
539 710 665 756 viginti
683 714 798 751 natus,
822 710 970 744 decurso
995 710 1071 755 jam
1091 709 1323 755 philosophiae
1345 709 1472 755 spatio,
1506 709 1680 755 virginem
1700 721 1743 744 ex
1762 709 1890 744 illustri
1908 711 2040 756 pariter

414 771 547 807 familia
564 772 630 807 sibi
644 773 890 818 desponderat.
914 773 959 807 Et
971 773 1045 819 jam
1060 773 1104 807 ad
1124 772 1256 806 dictum
1275 772 1405 818 nuptiis
1437 773 1541 814 diem,
1572 774 1701 808 illustri
1730 774 1915 809 comitatus
1934 776 2034 810 soda-

412 834 500 875 litio,
523 835 567 869 ad
586 835 848 881 praestolantem
867 835 933 869 sibi
948 839 1131 881 paternam
1150 846 1289 880 sponsae
1314 834 1453 870 domum
1468 836 1681 882 pergit‚cum
1701 837 1815 871 subito
1830 837 1889 871 lux
1904 838 2036 872 homini

411 896 530 932 divina
549 898 706 933 oboritur
724 910 730 932 :
752 910 824 933 non
842 898 943 932 istam
961 909 1039 932 esse
1058 897 1123 932 sibi
1137 897 1183 931 ad
1202 897 1351 932 salutem
1366 902 1549 940 aeternam,
1568 911 1671 944 quam
1690 899 1893 945 imprudens
1914 900 2031 941 iniret,

409 961 491 996 vitae
515 962 608 996 viam
626 975 632 996 :
664 961 854 1007 respiceret
877 972 1025 1007 sponsus
1048 962 1135 996 illud
1158 962 1381 1002 connubium,
1404 972 1471 1007 quo
1491 965 1625 997 mentes
1647 966 1755 996 oastae
1773 974 1851 997 cum
1866 963 1939 998 Deo
1955 975 2035 999 con-

401 1023 614 1069 junguntur,
638 1023 742 1069 idque
760 1011 824 1058 sibi
860 1022 977 1057 divino
1013 1024 1159 1059 consilio
1186 1035 1264 1059 esse
1284 1024 1320 1058 111
1339 1023 1514 1059 Societate
1540 1025 1629 1059 Jesu
1646 1025 1892 1070 assignatum:
1927 1026 2030 1067 hanc,

407 1084 436 1119 si
460 1088 612 1131 saperet,
629 1085 875 1131 ingrederetur
893 1098 900 1126 ;
923 1085 1034 1131 ipsam
1053 1085 1119 1120 sibi
1138 1085 1366 1131 propositam,
1385 1086 1508 1120 salutis
1523 1086 1862 1121 viam.Praestrinxit
1879 1087 2034 1122 animum

406 1147 610 1192 repentinus
628 1147 757 1193 fulgor,
780 1148 1024 1193 hominemque
1043 1148 1079 1181 in
1098 1147 1248 1193 vestigio
1262 1148 1402 1182 avertit.
1425 1147 1591 1183 Actutum
1616 1151 1749 1182 mutato
1765 1148 1928 1183 Andreas
1952 1161 2034 1184 con-

405 1209 482 1244 silio
502 1210 662 1244 nuntium
687 1221 827 1256 sponsae
846 1210 1019 1256 rebusque
1049 1210 1206 1256 profanis
1226 1210 1385 1252 remittit,
1416 1214 1582 1257 rectaque
1609 1211 1753 1245 Vilnam
1773 1211 1818 1245 ad
1839 1211 2035 1257 Collegium

404 1271 616 1306 novitiorum
648 1284 685 1307 se
716 1272 849 1307 confert
867 1285 874 1313 ;
892 1275 1055 1317 acceptus
1081 1283 1173 1306 anno
1206 1273 1299 1307 1618
1334 1285 1371 1308 se
1395 1284 1528 1319 suaque
1561 1273 1698 1319 praedia
1731 1273 1898 1308 Societati
1916 1274 2035 1310 alacer

402 1334 589 1370 condonat.
606 1335 785 1370 Andream
804 1338 944 1369 secutus
964 1337 1017 1369 est
1036 1345 1119 1369 suus
1148 1335 1306 1369 minister
1325 1335 1473 1376 aulicus,
1496 1336 1571 1381 ipse
1590 1336 1720 1381 pariter
1739 1347 1760 1370 a
1781 1336 1856 1371 Deo
1879 1348 2029 1372 commo-

403 1398 510 1433 nitus.
529 1399 596 1433 Hic
623 1399 704 1444 quia
727 1399 935 1433 conditionis
963 1410 1037 1432 suae
1056 1409 1188 1432 memor
1215 1397 1395 1432 Andrean]
1414 1398 1643 1438 reverentius,
1671 1409 1775 1444 quam
1802 1398 1893 1433 inter
1912 1410 2029 1445 pares,

404 1461 589 1507 religiosos
620 1461 752 1496 scilicet
783 1461 817 1495 in
850 1460 988 1495 Christo
1020 1460 1159 1500 fratres,
1185 1471 1249 1494 usu
1270 1460 1400 1501 veniat,
1422 1461 1581 1501 haberet,
1615 1461 1659 1495 ab
1691 1461 1767 1507 ipso
1798 1461 2034 1507 reprehensus

403 1527 456 1560 est
473 1537 479 1558 :
505 1538 521 1553 κ
544 1525 625 1570 quin
640 1525 728 1571 jam,
763 1524 888 1570 inquit,
910 1524 1068 1570 pristinae
1094 1523 1262 1557 vanitatis
1282 1527 1413 1558 nostrae
1443 1524 1477 1557 in
1498 1525 1563 1558 hac
1581 1524 1790 1559 humilitatis
1809 1524 1931 1559 schola
1950 1536 2031 1559 con-

408 1602 423 1616 «
446 1587 606 1633 discipuli
625 1587 887 1621 obliviscimur?
908 1598 1018 1632 nuper
1037 1586 1098 1620 tibi
1117 1585 1360 1631 imperitabam
1379 1596 1466 1631 ego;
1488 1597 1556 1631 age
1576 1586 1638 1625 sis,
1659 1590 1697 1620 tu
1726 1585 1811 1619 mihi
1829 1585 1935 1619 hodie
1957 1589 2032 1620 esto

408 1664 423 1678 a
446 1650 658 1696 imperator:
681 1654 778 1684 utere
797 1649 853 1683 hic
876 1653 935 1683 tuo
962 1648 1119 1694 praefecti
1149 1659 1315 1689 munere;
1337 1647 1491 1693 mihique
1518 1648 1678 1688 fidenter,
1702 1648 1783 1694 quid
1803 1647 1867 1687 vis,
1889 1647 2033 1682 obsecu-

408 1727 423 1741 α
446 1715 524 1746 turo
561 1711 708 1758 impigre
741 1711 882 1746 manda.
905 1711 986 1745 Non
1019 1710 1247 1747 committam,
1278 1713 1315 1744 ut
1334 1710 1478 1755 segnior
1508 1711 1544 1744 in
1564 1711 1629 1744 1100
1661 1722 1750 1750 11100,
1772 1721 1876 1756 quam
1897 1714 1933 1744 tu
1953 1710 2034 1744 olim

409 1790 424 1804 a
446 1775 566 1815 fueris,
597 1778 658 1809 aut
692 1786 785 1808 nunc
817 1774 865 1808 sis
898 1774 933 1808 in
953 1778 1026 1814 tuo,
1060 1773 1182 1807 videar
1209 1771 1334 1806 officio.
1373 1790 1388 1804 ω
1425 1772 1456 1806 A
1486 1773 1662 1811 tirocinio,
1696 1772 1821 1818 partim
1852 1772 1968 1807 Vilnae
1998 1773 2034 1806 in

407 1837 564 1883 Collegio
583 1836 806 1877 Academico,
829 1836 953 1882 partim
984 1836 1122 1875 Romae,
1152 1834 1341 1879 theologiae
1372 1835 1467 1869 dedit
1499 1847 1652 1881 operam.
1689 1835 1770 1870 Jam
1791 1835 1901 1869 sacris
1929 1835 2034 1869 etiam

406 1901 581 1937 eruditum
599 1900 738 1939 litteris,
760 1899 928 1934 famulum
948 1910 1049 1933 suum
1076 1899 1129 1933 sui
1149 1898 1285 1933 consilii
1311 1899 1404 1933 Deus
1432 1898 1622 1932 secundum
1645 1902 1851 1932 nocturnam
1881 1897 2033 1942 quietem

406 1966 561 1998 monstro
581 1963 761 1997 admonuit
785 1962 980 2008 ejusmodi:
1014 1961 1198 1996 videbatur
1216 1961 1280 1995 sibi
1311 1960 1430 1995 videre
1458 1959 1577 1994 orbem
1604 1964 1710 1994 terrae
1729 1959 1886 1993 humeris
1916 1958 2034 1993 Socio—

406 2038 482 2060 rum
504 2025 718 2072 impositum,
749 2036 893 2070 gravem
924 2024 1022 2058 illum
1041 2023 1193 2069 undique
1225 2022 1496 2061 suecolantibus‚
1528 2032 1570 2055 ea
1603 2020 1754 2055 maxime
1773 2021 1931 2067 regione,
1954 2032 2034 2067 quae

405 2088 546 2134 plagam
578 2087 662 2122 solis
688 2090 862 2134 spectaret
895 2087 1062 2122 Orientis.
1094 2086 1165 2120 Sub
1197 2096 1238 2119 ea
1256 2085 1356 2119 molis
1383 2088 1482 2130 parte
1501 2083 1650 2129 bajulos,
1682 2083 1843 2118 omnibus
1859 2094 2031 2129 quemque

404 2150 535 2185 conniti
570 2150 716 2191 viribus,
757 2150 898 2190 sudare,
937 2161 978 2184 ac
1016 2148 1149 2182 viribus
1185 2147 1347 2182 deficere.
1383 2146 1536 2180 Sudores
1569 2145 1709 2180 interim
1741 2145 1977 2180 laborantium
2009 2156 2030 2180 a

404 2213 581 2248 coelitibus
601 2213 715 2258 geniis
730 2213 900 2258 abstergi,
919 2215 953 2246 et
968 2211 1060 2246 vires
1078 2209 1320 2255 languentium
1339 2208 1551 2243 confirmari.
1576 2208 1743 2253 Spectare
1758 2218 1776 2242 e
1796 2207 1885 2242 coelo
1905 2207 2029 2247 Deum,

403 2278 508 2320 atque
528 2285 547 2308 e
562 2273 728 2307 thesauro
749 2285 812 2307 suo
836 2284 984 2307 coronas
1003 2283 1089 2307 auro
1117 2272 1333 2318 gemmisque
1351 2270 1527 2315 fulgentes
1547 2273 1597 2303 tot
1616 2280 1788 2315 promere,
1811 2272 1896 2315 quot
1915 2272 2032 2314 guttas

405 2336 542 2371 sudoris
558 2335 658 2370 labor
672 2336 796 2381 cuique
808 2335 1050 2381 expressisset.
1080 2335 1166 2369 Haec
1185 2333 1415 2368 admirantem
1447 2332 1602 2377 appellat
1616 2331 1803 2377 coeligena,
1832 2335 2029 2376 monetque,

409 2413 424 2427 α
447 2399 476 2433 31
497 2398 677 2444 placerent
697 2398 762 2432 sibi
798 2397 929 2432 laboris
965 2397 1123 2443 praemia,
1168 2396 1306 2430 adesset
1326 2395 1399 2440 ipse
1417 2394 1557 2440 adjutor
1589 2394 1841 2428 laborantibus.
1868 2410 1882 2424 n
1918 2393 1983 2427 Ille
2015 2404 2034 2427 e

413 2460 562 2506 vestigio
590 2460 717 2495 offerre
747 2471 783 2494 se
815 2459 999 2505 operariis,
1022 2470 1179 2504 onusque
1197 2457 1402 2504 proclinatae
1426 2458 1536 2503 partis
1572 2457 1702 2491 subire.
1733 2456 1885 2490 Laudari
1917 2455 2033 2490 statim

411 2535 432 2558 a
463 2522 630 2559 coelicolis
661 2522 802 2568 adjutor
834 2526 1007 2562 strenuus,
1050 2522 1193 2567 Deoque
1224 2519 1473 2555 commendari.
1510 2518 1597 2553 Haec
1629 2529 1691 2563 per
1727 2517 1911 2551 somnium.
1948 2515 2035 2550 Inde
