2184 2953
318 397 379 423 1616

377 436 408 462 27

317 476 407 503 crosis

317 518 457 551 collegium

314 557 446 584 Sociorum

312 597 442 623 conditum

312 644 328 661 a
339 636 355 662 J
357 644 439 662 oanne

312 676 442 703 Chodkie<

310 715 380 741 wicz.

297 1587 322 1612 S.
348 1587 441 1613 Marini

296 1625 420 1657 reliquiae.

296 1756 395 1782 Lomsae

297 1797 339 1823 SS.
364 1798 426 1824 MM.

297 1838 404 1865 Zenonis
416 1841 443 1866 et

297 1877 399 1904 Theclae

298 1917 420 1949 reliquiae.

298 2106 399 2132 Trium-

298 2146 366 2180 phus
386 2148 413 2173 in

295 2185 388 2212 harum

298 2224 411 2250 transla-

302 2262 380 2289 tione.

486 297 546 329 246
871 299 1145 329 LITUANICARUM
1169 299 1381 328 SOCIETATIS
1403 300 1487 329 JESU
1511 300 1762 330 lllSTORlARUM

536 389 651 425 Crosis
670 391 704 425 in
730 391 923 437 Samogitia
943 392 986 426 ab
1005 403 1097 426 anno
1129 391 1221 427 1608
1246 391 1361 425 adhuc
1384 391 1489 432 Socii,
1511 396 1675 439 tanquam
1695 392 1730 426 in
1750 393 1902 428 statione
1922 396 2094 439 tempora-

485 452 550 491 ria,
572 453 814 488 versabantur.
842 454 965 488 Fixum
985 453 1070 488 illud
1099 465 1136 487 ac
1161 454 1336 499 frequens,
1358 453 1501 499 aliquod
1529 454 1647 501 utique
1674 455 1709 488 in
1734 465 1797 489 sua
1819 455 1999 501 provincia
2025 466 2096 489 non

485 513 638 554 minima,
672 515 800 549 nostris
841 519 876 549 ut
907 519 1001 549 esset
1033 515 1259 555 domicilium,
1293 515 1437 560 perboni
1478 516 1570 550 cives
1605 516 1670 557 illi,
1704 516 1861 551 homines
1893 516 2096 563 plerumque

483 575 598 609 animo
619 576 778 622 simplici,
801 576 1009 622 religionum
1028 577 1286 616 studiosissimi,
1307 577 1382 622 jam
1401 576 1593 613 doctrinam
1627 578 1820 617 Sociorum,
1842 578 2019 623 pietatem,
2041 579 2093 612 in-

483 635 720 682 dustriamque
740 638 885 683 experti,
907 638 1134 673 vehementer
1160 639 1359 684 cupiebant.
1383 638 1452 673 Pro
1480 650 1601 675 eorum
1621 639 1806 680 desiderio,
1828 640 1879 674 rei
1905 640 1987 674 olim
2005 640 2094 686 apud

482 709 520 732 se
535 699 745 740 constitutae,
764 704 897 746 partem
911 700 987 746 jam
1003 701 1199 735 confecerat
1222 701 1399 746 palatinus
1421 701 1611 743 Vilnensis‚
1643 701 1713 735 dux
1739 702 1952 736 exercituum
1976 702 2092 737 Litua-

480 760 547 794 niae
568 771 610 794 ac
632 760 712 796 felix
737 761 936 806 imperator,
958 762 979 796 J
984 773 1115 796 oannes
1142 762 1288 796 Carolus
1308 762 1560 802 Chodkiewicz,
1583 763 1721 802 tabulis,
1752 763 1875 808 quibus
1903 775 1975 798 rem
1995 774 2094 798 suam

479 822 690 857 collocandis
706 823 740 857 in
760 823 952 869 Samogitia
977 825 1087 859 Sociis
1112 825 1355 869 consignasset
1381 825 1459 863 rite,
1482 824 1619 870 publica
1637 825 1845 860 auctoritate
1869 837 1930 871 per
1953 826 2094 861 comitia

477 886 578 931 regni
598 886 775 931 generalia
794 898 886 920 anno
909 887 1001 921 1615
1017 886 1244 921 confirmatis.
1263 887 1583 933 Circumspectabat
1598 887 1680 922 inde
1697 887 1762 922 loci
1779 889 2087 934 opportunitatem,

476 958 543 993 quo
566 947 747 982 utilissime
766 948 1034 983 constitueretur
1053 949 1164 983 Sociis
1182 949 1330 983 colonia.
1350 949 1446 983 Crosi
1466 949 1629 995 oppidum
1657 950 1692 984 in
1721 950 1881 985 umbilico
1903 951 2090 996 provinciae

475 1010 578 1044 situm
606 1010 707 1055 (unde
721 1021 981 1055 quoquoversus
1009 1021 1175 1045 excurras
1204 1010 1350 1055 facilius)
1393 1011 1575 1046 Sociorum
1604 1012 1708 1046 etiam
1727 1012 1914 1053 sententia,
1936 1013 2087 1047 Joannis

473 1071 622 1117 Argenti
636 1071 670 1105 in
690 1071 809 1117 primis
826 1076 860 1106 et
875 1072 975 1105 Pauli
991 1072 1141 1113 Boksza,
1159 1073 1262 1118 hujus
1277 1073 1439 1118 praesidis
1454 1072 1692 1118 provincialis,
1710 1072 1803 1107 illius
1818 1077 1902 1108 tunc
1932 1074 2089 1109 visitato-

472 1133 532 1173 ris,
553 1133 687 1168 caeteris
706 1133 792 1168 locis
815 1134 1049 1179 praepositum.
1076 1135 1114 1169 10
1134 1135 1199 1169 1100
1218 1135 1345 1181 oppido
1372 1134 1542 1169 Nicolaus
1572 1135 1845 1180 Christophorus
1869 1135 2084 1177 Radivillus,

472 1196 515 1230 (10
533 1207 599 1242 quo
616 1196 716 1230 modo
737 1196 965 1235 narravimus,
982 1196 1073 1230 arcis
1093 1196 1284 1242 parietinas
1312 1208 1384 1230 suae
1400 1200 1434 1230 et
1444 1196 1588 1232 fundum
1603 1196 1777 1230 domicilio
1793 1196 1991 1242 scholisque
2006 1208 2087 1232 con-

472 1258 594 1293 dendis
609 1269 718 1304 nuper
733 1258 935 1292 donaverat.
956 1258 1006 1292 Eo
1028 1258 1166 1292 demum
1181 1269 1201 1292 a
1220 1258 1332 1303 prima
1358 1257 1420 1291 illa
1435 1257 1480 1291 ad
1497 1258 1533 1292 S.
1552 1258 1671 1294 Crucis
1687 1258 1871 1292 aediculam
1889 1258 2039 1293 statione
2054 1259 2088 1294 in

470 1319 782 1354 conferruminatas
802 1331 906 1365 opere
918 1319 1144 1354 tumultuario
1164 1319 1257 1354 aedes
1276 1319 1364 1354 XIV
1379 1319 1548 1354 kalendas
1571 1320 1732 1354 octobres
1752 1319 1831 1354 anni
1856 1320 1958 1360 1616,
1976 1321 2086 1355 nostri

470 1382 681 1416 missionarii
692 1382 935 1416 Vierzbolovia
948 1393 1024 1416 cum
1040 1382 1187 1427 praeside
1199 1393 1262 1416 suo
1277 1382 1297 1416 J
1302 1393 1415 1416 oanne
1426 1382 1446 1416 J
1451 1382 1715 1418 amielkowskio
1727 1381 1900 1422 translati;
1910 1383 1964 1416 his
1976 1382 2085 1417 additi

470 1455 549 1478 mox
563 1443 760 1478 sacerdotes
775 1447 936 1489 quatuor,
955 1443 1152 1477 scholarum
1170 1443 1329 1487 magistri
1349 1443 1429 1483 duo,
1448 1447 1518 1477 tres
1544 1443 1622 1478 laici
1661 1442 1838 1489 adjutores
1857 1455 1862 1476 z
1888 1443 2001 1489 itaque
2020 1444 2085 1479 hoc

469 1517 562 1540 anno
573 1505 765 1550 Collegium
780 1505 955 1540 novellum
966 1505 1106 1545 coaluit,
1123 1509 1239 1539 creato
1254 1505 1375 1538 domus
1392 1510 1525 1539 rectore
1536 1505 1656 1540 eodem
1678 1510 1775 1550 patre
1790 1505 1810 1539 J
1815 1505 2082 1540 amielkovskio.

518 1568 651 1602 Eodem
668 1568 804 1613 insigne
819 1568 945 1613 pignus
960 1567 1082 1607 Sociis,
1107 1578 1207 1601 sacra
1226 1567 1326 1601 Beati
1342 1567 1471 1600 Marini
1490 1568 1651 1613 martyris
1672 1579 1764 1607 ossa,
1790 1579 1899 1612 nuper
1918 1567 2024 1602 allata
2044 1579 2086 1602 ex

472 1629 580 1669 Urbe,
598 1628 703 1662 Vilna
719 1640 838 1663 mense
852 1628 967 1662 sextili
981 1627 1165 1668 translata,
1184 1628 1348 1666 inaximo,
1366 1634 1495 1673 quanto
1511 1629 1634 1675 potuit,
1659 1635 1842 1674 apparatu,
1862 1629 1898 1663 in
1918 1629 2083 1664 sacellum

471 1692 697 1739 domesticum
713 1694 865 1736 accepta.
884 1690 997 1736 Atque
1014 1691 1073 1724 has
1089 1690 1226 1736 quidem
1246 1691 1398 1735 sinceras
1415 1701 1490 1728 esse
1519 1689 1587 1723 divi
1607 1690 1766 1735 martyris
1782 1689 1956 1735 reliquias,
1990 1691 2084 1725 Deus

470 1753 662 1787 manifestis
697 1752 976 1797 admirandisque
1004 1752 1114 1797 signis
1143 1752 1362 1797 approbavit.
1400 1752 1537 1790 Lomsae
1564 1763 1698 1797 quoque
1730 1756 1924 1786 crescentes
1952 1752 2084 1797 pariter

472 1815 618 1861 Collegii
637 1826 692 1850 res
711 1814 881 1848 similibus
899 1821 1011 1848 auctae
1027 1813 1252 1852 ornamentis,
1282 1813 1397 1847 allatis
1425 1825 1487 1858 per
1503 1813 1643 1847 Patrem
1676 1813 1861 1847 Nicolaum
1882 1813 2083 1848 Lancicium

470 1878 586 1912 Roma
606 1877 648 1911 de
666 1876 875 1916 coemeterio,
904 1876 1106 1910 Sanctorum
1127 1875 1324 1909 Sebastiani
1343 1880 1377 1909 et
1405 1875 1529 1911 Calixti
1549 1875 1651 1915 dicto,
1674 1875 1863 1910 Beatorum
1883 1875 2081 1922 Martyrum

471 1939 621 1974 Zenonis
641 1943 674 1973 et
688 1938 828 1973 Theclae
847 1938 955 1972 sacris
974 1937 1122 1971 ossibus.
1149 1936 1333 1971 Biennium
1353 1937 1500 1983 amplius
1517 1942 1598 1971 ante
1618 1937 1661 1970 ad
1690 1937 1765 1971 haec
1784 1937 1902 1971 divina
1921 1948 2078 1977 munera,

470 2001 660 2036 honoribus
687 2001 873 2046 praecipuis
891 1999 1018 2045 populo
1037 1998 1325 2039 commendanda,
1347 1998 1439 2034 Socii
1459 2009 1495 2032 se
1522 1998 1790 2043 comparabant;
1817 1998 2080 2033 difficultatibus

472 2064 608 2098 interim
631 2063 713 2096 hinc
727 2061 821 2095 illinc
835 2061 1027 2106 alienisque
1046 2060 1357 2095 intervenientibus
1373 2060 1533 2104 negotiis.
1556 2060 1668 2105 Hujus
1684 2060 1821 2094 demum
1840 2060 1922 2094 anni
1937 2060 1984 2093 VI
2002 2060 2080 2095 idus

472 2125 635 2171 quintiles
664 2124 821 2170 publicus
849 2123 968 2158 Beatis
1000 2123 1193 2168 hospitibus
1222 2122 1360 2158 habitus
1384 2126 1438 2156 est
1460 2122 1580 2155 honos.
1605 2121 1741 2156 Erectae
1766 2122 1801 2155 in
1821 2121 1905 2155 urbe
1932 2126 2080 2166 quatuor

471 2186 700 2232 triumphales
719 2189 849 2231 portae:
876 2196 919 2219 ex
950 2185 1016 2225 his,
1050 2184 1129 2219 lecti
1149 2190 1249 2230 atque
1276 2183 1416 2220 aliunde
1441 2183 1544 2218 etiam
1573 2183 1746 2221 conducti,
1776 2182 2015 2229 symphoniaci
2035 2183 2080 2217 ad

472 2250 593 2284 laudes
610 2250 798 2283 Beatorum
813 2248 1023 2282 carminibus
1038 2247 1232 2282 invitabant
1246 2260 1252 2287 ;
1271 2246 1346 2281 odis
1363 2246 1407 2279 ad
1424 2256 1541 2280 eorum
1558 2255 1719 2278 numeros
1736 2243 1834 2289 pubis
1849 2242 2078 2284 scholasticae,

474 2312 594 2347 ordine
623 2310 766 2356 pulchro
786 2310 925 2343 vicatim
951 2308 1140 2355 dispositae,
1162 2305 1447 2343 consonantibus,
1478 2315 1606 2350 perque
1638 2315 1757 2338 earum
1774 2303 1967 2343 intervalla,
1991 2314 2078 2349 quas

469 2373 591 2410 musici
610 2383 739 2418 pausas
758 2376 895 2411 vocant,
919 2372 1026 2406 aeneis
1046 2383 1088 2406 ex
1107 2370 1199 2404 edito
1225 2369 1300 2403 loco
1321 2367 1489 2401 machinis
1508 2366 1720 2401 tonantibus.
1752 2365 1910 2400 Secundo
1930 2366 2078 2401 tertiove

464 2439 508 2473 ab
524 2436 649 2482 oppido
663 2435 790 2480 lapide,
812 2447 940 2480 pagum
955 2445 1075 2469 versus
1102 2444 1203 2478 quem
1231 2430 1432 2466 Gelesinurn
1448 2433 1585 2469 vocant,
1603 2429 1693 2462 inter
1708 2427 1870 2466 tentoria,
1884 2427 1947 2461 sub
1962 2427 2076 2462 taber-

469 2499 605 2539 naculo,
645 2498 744 2544 quasi
775 2497 833 2531 illo
861 2496 1038 2543 praetorio,
1073 2496 1108 2529 in
1135 2493 1268 2530 thensis
1304 2491 1493 2538 propositae
1528 2490 1718 2525 Beatorum
1750 2489 1917 2534 reliquiae,
1952 2493 1986 2523 et
2013 2500 2076 2524 sua
