2184 2953
622 306 726 334 LIBER
750 305 904 333 TERTIUS
927 303 1138 342 (1580-1590).
1654 303 1711 334 109

153 402 324 441 Sueciam,
347 413 388 435 ex
419 399 574 434 adversis
604 398 732 433 Baltici
762 398 857 432 sinus
882 396 1057 431 littoribus
1085 394 1149 429 sibi
1168 395 1375 441 oppositam,
1395 399 1528 441 spectat
1548 395 1706 430 Livonia.

104 466 204 501 Hanc
223 463 460 499 excolentibus
488 461 598 496 Sociis
618 459 866 506 superveniunt
897 459 956 493 alii
976 470 1111 497 novem,
1133 469 1274 503 operum
1294 457 1497 492 salutarium
1524 458 1712 504 adjutores

103 541 144 564 ex
163 524 348 573 provinciis
377 523 573 558 Germaniae
592 534 613 555 a
632 521 776 556 Claudio
802 520 966 554 Gonerali
992 519 1100 558 missi,
1130 530 1151 552 a
1171 519 1347 564 Campano
1375 519 1600 559 Provinciali,
1622 520 1714 558 Qua-

103 588 301 634 dragesima
334 587 487 626 ineunte,
509 584 662 618 adducti.
685 583 737 617 Ex
756 583 810 616 liis
842 582 1037 627 Campanus
1057 581 1143 614 duos
1162 580 1361 615 sacerdotes
1380 580 1494 625 posuit
1525 581 1560 614 in
1578 581 1713 615 colonia

102 649 206 695 Rigas
232 661 239 683 t
278 647 498 682 Leonardum
530 646 716 680 Rubenum
750 644 1031 681 Essendiensom,
1060 645 1094 676 et
1123 641 1333 676 Vithardum
1364 641 1502 676 Vitardi
1537 642 1712 677 Novoma-

102 715 270 761 gienseni,
292 723 313 745 a
332 711 457 745 Rheno
476 709 624 748 accitos;
648 705 793 751 Dorpati
809 708 956 750 quatuor
977 716 983 738 :
1006 703 1262 738 Theodericum
1289 704 1449 738 Hausese
1467 704 1709 749 Vestphalum‚

102 775 180 809 novi
212 774 399 808 Rectorem
430 771 590 816 Collegii‚
625 770 794 803 Thomain
828 768 993 801 Busaeum
1022 766 1215 807 Geldrium,
1244 767 1470 802 Valentinum
1503 768 1713 813 Hengelium

102 837 267 875 Hessum,
284 838 318 869 et
336 834 355 868 J
361 844 508 867 oannem
529 830 749 867 Ambrosium
769 829 977 863 Voloherum
996 829 1216 875 Thuringum
1231 843 1237 871 ;
1259 830 1314 864 his
1329 842 1408 864 mox
1426 830 1535 865 additi
1553 831 1711 866 ι1031111103

101 898 235 934 Urbani
253 896 372 936 Vilna,
393 899 427 930 et
453 895 520 929 duo
540 894 600 939 alii
619 892 847 936 Brimsberga
865 891 1043 937 adjutores
1061 891 1154 926 laici.
1177 892 1382 938 Dorpatum,
1404 893 1476 928 sive
1503 893 1708 939 Torpatum,

101 961 201 996 aliter
221 959 405 997 Debetum,
440 955 589 991 Rutenis
615 954 803 999 aliquando
835 953 963 987 dictum
995 953 1281 999 Juriogorodum,
1304 954 1494 989 secundum
1521 954 1650 1000 Rigam
1679 958 1713 989 et

101 1022 281 1058 Revaliain
313 1020 395 1054 urbs
427 1018 583 1052 Livoniae
615 1016 803 1062 praecipua,
827 1026 935 1060 eaque
966 1014 1234 1056 mediterranea,
1256 1016 1301 1050 ad
1319 1016 1449 1051 Becum
1481 1016 1553 1050 sive
1586 1016 1711 1052 Embe-

100 1096 190 1123 cum,
224 1080 458 1126 navigabilem
488 1078 631 1113 fluvium
663 1081 697 1111 et
728 1077 979 1123 pisculentum;
1012 1078 1069 1123 qui
1100 1079 1134 1113 in
1166 1079 1321 1125 Peipum,
1352 1079 1479 1114 accolis
1506 1080 1709 1121 Beibasum,

102 1149 230 1183 Lacum
261 1144 453 1180 Moscoviae
489 1142 652 1181 nobilem,
687 1140 842 1186 Ingriam
874 1152 994 1175 versus
1026 1144 1147 1176 octavo
1182 1140 1263 1175 hinc
1293 1141 1409 1187 lapide
1440 1140 1630 1182 evolvitur;
1666 1142 1711 1176 ad

100 1210 223 1245 collem
254 1217 437 1252 arcemque
463 1205 499 1239 in
532 1207 656 1249 aperta
687 1214 894 1248 amoenaque
912 1202 1067 1248 planitie,
1098 1202 1173 1237 loco
1201 1203 1345 1243 salubri,
1380 1204 1467 1244 sita;
1502 1204 1709 1239 3111101230

99 1283 119 1306 a
137 1271 165 1305 Τ
170 1269 339 1305 eutonicae
358 1267 490 1302 militiae
525 1265 698 1311 equitibus
725 1264 915 1309 crucigcris
942 1270 1110 1309 occupata
1141 1277 1217 1299 cum
1248 1265 1427 1312 provincia
1452 1266 1640 1301 universa:
1671 1278 1713 1301 ex

100 1344 165 1379 quo
185 1331 309 1367 deinde
335 1335 491 1374 1011111010
521 1328 585 1362 fuit
616 1326 716 1361 sedes
744 1326 910 1371 episcopi.
946 1326 1013 1360 Hic
1045 1326 1241 1373 Campanus
1272 1339 1349 1362 cum
1376 1327 1487 1362 Sociis
1514 1339 1536 1362 a
1570 1328 1710 1364 civitate

99 1393 288 1430 honorifice
323 1395 508 1437 exceptus3
543 1401 605 1424 nec
624 1389 699 1428 fuit,
722 1387 780 1433 qui
811 1387 866 1421 vel
892 1387 1066 1423 hiri-iisset
1097 1400 1139 1422 ex
1170 1388 1328 1423 omnibus
1361 1389 1548 1431 haereticis,
1584 1394 1711 1436 praeter

99 1468 204 1492 unum
224 1466 323 1489 suum
354 1452 512 1487 rabulam
543 1451 760 1490 ministrum;
799 1454 902 1495 atque
935 1451 990 1484 hic
1010 1451 1147 1497 quidem
1180 1452 1267 1498 ipse,
1289 1464 1367 1498 quae
1399 1456 1520 1488 contra
1538 1453 1708 1494 Jesuitas,

98 1517 315 1558 Pontificios,
350 1520 387 1550 ut
421 1514 582 1553 vocabat,
613 1512 800 1558 signiferos
832 1511 1082 1558 satellitesque,
1117 1514 1229 1559 prima
1263 1515 1428 1550 concione
1465 1515 1708 1557 declamasset,

97 1581 208 1616 altera
228 1591 319 1619 mOX,
337 1578 439 1623 jussu
467 1579 610 1610 senatus
642 1574 754 1613 civici,
785 1573 955 1607 dictorum
986 1575 1219 1620 reprehensor
1247 1588 1388 1611 suorum
1419 1577 1608 1618 damnavit,
1630 1577 1712 1623 quin

97 1642 213 1677 multis
232 1640 336 1675 etiam
360 1638 473 1672 verbis
502 1637 706 1682 dignitatem
738 1636 914 1682 hospitum
934 1637 1161 1683 praedicavit;
1196 1639 1386 1684 professus,
1417 1647 1565 1679 onmem,
1588 1639 1617 1673 si
1644 1651 1712 1685 qua

98 1704 252 1739 eruditus
273 1703 375 1740 esset,
399 1699 591 1734 doctrinam
619 1698 764 1733 Jesuitis
801 1710 851 1737 se,
886 1698 956 1732 suis
991 1710 1102 1745 nuper
1133 1700 1167 1734 in
1195 1700 1369 1746 Pragensi
1392 1701 1588 1747 gymnasio,
1614 1702 1712 1747 cujus

98 1770 169 1800 tum
189 1762 337 1808 Collegii
368 1761 457 1796 idem
495 1760 694 1805 Campanus
726 1764 820 1794 esset
855 1764 981 1799 rector,
1011 1761 1188 1806 magistris
1216 1762 1346 1797 referre
1378 1765 1568 1807 acceptam.
1604 1761 1711 1800 Quasi

98 1838 178 1861 vero
198 1837 257 1860 eas
277 1824 381 1859 etiam
401 1821 631 1856 maledicendi
650 1826 756 1861 artes,
779 1825 838 1855 aut
857 1821 958 1861 istuc,
990 1823 1080 1867 quod
1107 1823 1179 1857 suis
1198 1823 1418 1869 praedicaret,
1440 1835 1567 1858 novum
1595 1823 1710 1858 Evan-

99 1887 226 1934 gelium
241 1896 356 1932 praeco
376 1883 557 1930 impudens
577 1882 768 1917 didicisset.

145 1949 190 1983 At
218 1948 322 1993 Rigae
348 1946 503 1992 ejusdem
530 1945 653 1978 sarinae
681 1944 888 1985 mortalium,
910 1945 1154 1979 haereticorum
1172 1946 1206 1980 in
1224 1946 1315 1981 fanis
1334 1958 1546 1993 praeconum,
1569 1946 1708 1981 sellula-

96 2011 224 2046 riorum
243 2009 323 2043 item
343 2007 516 2053 opificum,
546 2010 579 2040 et
605 2017 792 2052 puerorum
811 2007 944 2045 turbas,
974 2019 1034 2052 per
1052 2007 1186 2053 plateas
1206 2008 1316 2042 sibilis
1339 2008 1566 2054 convitiisque
1586 2008 1706 2043 Socios

96 2071 351 2111 insectantium,
386 2068 559 2113 Georgius
591 2067 790 2104 Radivillus
822 2068 1041 2103 Vilnensium
1076 2069 1235 2110 antistes,
1270 2080 1332 2115 pro
1375 2080 1457 2115 rege
1489 2071 1705 2116 gubernator

97 2133 265 2174 Livoniae,
288 2144 350 2167 suo
382 2135 415 2165 et
446 2134 588 2166 senatus
620 2130 718 2164 civici
745 2130 896 2171 decreto,
919 2130 1037 2175 virgas
1070 2131 1221 2165 minatus
1256 2131 1447 2172 maledicis,
1482 2132 1705 2177 petulantiam

97 2195 260 2231 coercuit.
286 2193 551 2239 Autographum
571 2191 686 2231 edicti,
709 2204 785 2226 cum
806 2191 1018 2226 declamaret
1044 2204 1062 2226 o
1090 2196 1257 2238 suggesto
1277 2204 1390 2238 praeco
1417 2194 1617 2236 haereticus,
1641 2206 1703 2230 suo

96 2258 132 2292 in
166 2257 257 2296 fano,
296 2259 449 2300 tempore
480 2253 625 2287 allatum
657 2256 709 2288 est
739 2265 824 2288 sane
855 2256 1061 2299 opportuno,
1100 2254 1143 2287 ab
1180 2253 1302 2288 eodem
1334 2254 1523 2290 clamatore
1554 2256 1706 2301 promul-

96 2318 273 2365 gandum:
312 2318 415 2363 plane
450 2320 534 2356 tum,
569 2327 646 2349 cum
682 2315 869 2349 secundam
896 2314 1062 2348 orationis
1095 2328 1168 2350 suae
1202 2319 1347 2362 partem,
1380 2316 1641 2352 maledictorum
1668 2318 1704 2352 in

95 2380 249 2415 ι1031111513
276 2379 439 2414 refertam
459 2378 624 2417 omnium,
646 2376 829 2422 occiperet,
856 2387 917 2421 per
944 2375 1100 2410 calonem
1127 2377 1375 2422 praetorianum
1395 2389 1436 2412 ea
1467 2379 1545 2413 dica
1572 2378 1705 2413 rabulae

96 2441 244 2487 impacta
263 2445 325 2476 est.
356 2440 470 2475 Haesit
500 2439 646 2485 primum
677 2442 939 2477 conste1·nat11s;
974 2437 1117 2471 consilio
1146 2437 1294 2483 denique
1326 2439 1359 2473 in
1392 2439 1527 2485 capillis
1556 2440 1701 2485 quaesito

94 2504 234 2543 frustra,
268 2514 329 2549 pro
374 2502 544 2541 convitiis,
586 2512 664 2546 quae
700 2501 733 2534 in
786 2500 949 2535 extremis
993 2501 1067 2546 jam
1115 2500 1180 2534 sibi
1232 2500 1339 2535 labris
1383 2506 1495 2542 erant,
1538 2503 1701 2548 principis

1740 401 1804 427 1583

1797 443 1804 467 ]
1812 441 1835 467 2.

1740 487 1813 520 Rigae
1824 488 1852 513 01

1740 525 1848 559 Dorpati

1738 575 1809 593 novae
1825 568 1868 593 So-

1740 606 1835 633 ciorum

1739 646 1853 673 colouiae.

1738 875 1849 908 Dorpati

1737 914 1876 948 descriptio

1736 2137 1858 2164 Petulan-

1735 2177 1775 2202 tia
1799 2184 1865 2203 coer-

1735 2218 1797 2244 cita,
