2184 2953
303 405 365 432 1609

299 1036 401 1070 Regina
412 1035 448 1061 vi-

299 1076 335 1102 sit
344 1076 448 1102 domum

299 1116 421 1149 Collegii.

299 1174 364 1208 Ejus
378 1173 421 1199 de-

299 1213 390 1239 missio
424 1214 451 1237 ct

301 1254 422 1288 benigni-

299 1297 349 1321 tas.

301 1653 412 1678 Domum

303 1694 429 1728 professo-

300 1739 356 1757 rum
369 1739 412 1756 rex
425 1732 451 1755 et

300 1769 393 1802 regina
414 1769 452 1794 vi-

300 1811 371 1835 sunt.

357 1940 388 1966 35

301 1982 399 2007 Suecus
422 1981 449 2006 in

300 2021 411 2046 Livonia

299 2060 393 2086 victus.

301 2351 431 2377 Sociorum

299 2393 326 2418 in
351 2392 444 2418 castris

301 2434 427 2467 obsequia

469 309 530 341 220
857 307 1130 337 LITUANICARUM
1154 303 1366 334 SOCIETATlS
1388 301 1473 330 JESU
1496 300 1748 330 HISTORIARUM

469 400 693 447 provincialis
710 399 977 434 administravit.
1007 398 1143 443 Magna
1174 393 1360 442 prudentia
1380 397 1414 427 et
1433 391 1605 427 charitate
1624 392 1660 426 in
1679 391 1800 426 officiis
1820 392 1979 427 omnibus
1998 404 2088 438 prae·

469 461 558 496 luxit
572 461 697 496 Sociis.
720 460 813 507 Regi
832 458 1058 505 sigismundo
1074 462 1109 493 et
1131 458 1266 503 reginae
1294 454 1510 490 Constantiae
1538 454 1582 489 ad
1613 465 1734 488 sacras
1762 453 1998 488 confessiones
2016 454 2091 488 ani-

470 534 605 557 morum
623 522 755 557 arbiter
781 526 815 557 et
842 521 1006 562 monitor,
1040 519 1133 554 aulae
1157 518 1297 565 pietatis
1316 517 1521 552 christianae
1552 517 1733 562 magister,
1764 515 1848 562 quin
1874 515 1959 561 ipsis
1987 516 2092 551 etiam

469 584 646 619 haereticis
673 584 824 624 Jesuita,
846 588 989 629 propter
1016 581 1214 617 comitatem
1242 583 1276 614 et
1312 578 1591 618 sanctimoniam,
1613 578 1677 613 fuit
1700 589 1868 624 perquam
1884 589 1999 612 carus.
2021 578 2094 612 No—

468 658 546 681 vem
566 658 672 693 prope
691 658 801 681 annos
820 646 855 679 in
874 645 953 679 aula
973 646 1155 689 exegerat.
1191 641 1426 676 Moscovitico
1459 640 1551 675 bello
1583 644 1723 675 secutus
1750 640 1796 675 ad
1827 645 1940 675 castra
1958 651 2092 686 regem,

469 709 551 744 dum
570 709 663 755 apud
682 709 921 743 Smolenscum
941 719 959 741 e
986 710 1090 752 gente
1118 705 1321 751 germanica
1351 703 1490 742 milites,
1527 703 1742 749 contagiosis
1769 703 1916 738 afflictos
1946 703 2091 744 morbis,

470 770 624 806 medicus
643 770 837 804 animorum
853 772 963 809 curat,
982 767 1106 802 eodem
1128 771 1310 813 correptus
1325 766 1430 804 malo,
1453 766 1625 800 occumbit
1645 767 1696 800 ΙΙΙ
1712 766 1852 800 kalend.
1874 765 2091 807 decembres,

468 844 561 867 anno
580 831 695 867 aetatis
714 831 780 866 LX
799 831 880 865 vitae
898 830 933 864 in
949 829 1125 864 Societate
1154 828 1330 874 religiosae
1358 827 1553 868 XXXVII,
1576 838 1703 873 magno
1720 827 1813 872 regis
1835 831 1869 861 et
1888 826 2096 862 militarium

468 906 651 941 procerum
671 893 803 927 dolore.
829 893 963 938 Corpus
977 892 1077 937 jussu
1097 890 1263 937 principis
1282 889 1436 928 Vilnam‚
1457 889 1521 923 XC
1540 889 1748 923 milliaribus
1776 889 1873 923 illinc
1888 889 2093 929 distantem,

475 956 696 997 translatum,
715 956 749 990 in
765 955 950 1001 sepulchro
970 954 1150 989 Sociorum
1169 952 1356 987 conditum.

525 1021 579 1055 Ab
600 1019 753 1065 exequiis
773 1017 969 1064 Collegium
996 1018 1077 1052 visit
1104 1017 1240 1062 regina.
1265 1016 1330 1050 Hic
1349 1026 1416 1060 quo
1436 1013 1653 1048 familiariter
1681 1025 1779 1048 suam
1803 1013 1933 1048 nostris
1949 1014 2098 1049 benevo-

477 1080 620 1116 lentiam
640 1081 825 1127 probaret;
846 1080 880 1114 in
901 1091 978 1114 eam
1006 1091 1044 1114 se
1073 1078 1303 1113 humilitatem
1323 1076 1508 1115 summisit,
1539 1080 1576 1109 ut
1604 1080 1676 1110 tum
1704 1076 1737 1110 in
1766 1076 1932 1111 aediculas
1959 1080 2098 1112 nostras

477 1155 681 1190 pauperum,
705 1148 777 1178 tum
796 1143 830 1177 in
850 1142 1069 1177 coenaculum
1089 1143 1192 1177 etiam
1216 1142 1438 1188 culinamque
1469 1141 1710 1182 descenderit;
1744 1141 1947 1188 rogaritque
1977 1142 2099 1177 huma-

479 1206 579 1246 niter,
614 1217 656 1240 ex
687 1216 729 1239 ea
754 1203 932 1250 jusculum
964 1204 1031 1238 sibi
1050 1203 1169 1239 afferri
1189 1204 1349 1250 aliquod;
1376 1203 1476 1249 quasi
1494 1203 1668 1249 jentandi,
1700 1203 1892 1249 eademque
1918 1205 2100 1240 occasione

476 1267 698 1314 experiendae
717 1266 1032 1312 archimagirorum
1052 1266 1261 1300 nostratium
1288 1266 1470 1301 industriae
1497 1279 1617 1302 causa.
1639 1267 1805 1302 Oblatum
1825 1268 1917 1302 bona
1936 1269 2099 1315 princeps

474 1330 590 1364 animo
611 1329 744 1374 accepit
763 1335 862 1374 grato
887 1339 927 1361 ac
946 1339 1008 1373 pro
1024 1337 1177 1368 nectare,
1200 1328 1328 1363 ibidem
1347 1329 1542 1363 consistens
1565 1329 1725 1375 pedibus,
1748 1330 1922 1364 exhausit.
1943 1330 2000 1365 Sic
2016 1342 2098 1376 epu-

474 1392 543 1426 lata
563 1392 654 1437 apud
670 1402 856 1437 pauperes,
878 1390 1051 1435 reliquum
1071 1390 1162 1425 diem
1186 1391 1285 1436 quasi
1312 1391 1522 1426 luculentius
1541 1391 1716 1432 habitura,
1733 1391 1793 1435 jus
1813 1391 1905 1425 idem
1938 1403 1956 1426 e
1983 1392 2099 1427 culina

475 1453 633 1499 Collegii,
648 1456 681 1487 et
701 1453 728 1487 si
750 1452 832 1498 quid
852 1456 945 1486 esset
964 1456 1092 1497 przeter
1107 1452 1154 1491 id,
1174 1452 1292 1498 colligi
1311 1456 1416 1498 atque
1435 1453 1469 1487 in
1490 1453 1627 1499 regium
1648 1465 1747 1487 suum
1768 1453 1998 1494 coenaculum,
2017 1465 2099 1489 suas

473 1528 556 1551 vero
576 1516 619 1550 de
638 1526 758 1550 mensa
786 1515 885 1560 regia
905 1514 1059 1549 vicissim
1090 1514 1197 1560 dapes
1227 1514 1367 1549 domum
1386 1520 1540 1550 nostram
1560 1515 1743 1550 transferri
1760 1516 1872 1561 jubet.
1895 1516 2097 1562 Nunquam,

475 1578 715 1617 credebamus,
736 1588 846 1622 neque
865 1577 958 1622 apud
974 1588 1035 1611 nos
1050 1588 1162 1622 neque
1177 1577 1271 1623 apud
1290 1578 1462 1623 principes
1483 1582 1632 1617 nostros,
1651 1588 1754 1622 quam
1773 1588 1814 1612 eo
1833 1577 1902 1617 die,
1925 1582 2099 1613 coenatum

471 1640 674 1687 jucundius.
697 1639 751 1673 Ita
779 1638 973 1684 Collegium
1005 1638 1140 1684 dignati
1166 1640 1355 1685 principes,
1376 1639 1445 1674 alio
1471 1640 1551 1675 inde
1571 1639 1626 1674 die
1646 1640 1883 1685 professorum
1904 1644 2101 1675 nostrorum

478 1705 630 1743 domum,
648 1701 828 1747 aedemque
844 1701 915 1734 divi
934 1701 1095 1735 Casimiri
1110 1702 1249 1736 nomine
1263 1701 1551 1742 consecrandam,
1564 1703 1637 1747 jam
1655 1703 1743 1736 hanc
1764 1713 1870 1748 prope
1889 1702 2098 1744 absolutam,

478 1768 608 1802 visunt.
631 1764 817 1800 Inferiores
837 1763 1105 1809 superioresque
1122 1763 1262 1798 aedificii
1278 1770 1409 1810 partes,
1431 1764 1600 1809 gradibus
1615 1764 1788 1809 scalisque
1803 1765 1943 1804 sublati,
1965 1766 2101 1801 curiose

480 1828 707 1876 perlustrant.
730 1824 949 1860 Perficiendo
969 1830 1003 1859 et
1022 1826 1224 1860 exornando
1244 1827 1339 1872 operi
1368 1826 1469 1872 plura
1495 1838 1672 1860 nummum
1701 1826 1810 1861 millia
1838 1826 1880 1861 de
1908 1826 1991 1861 fisco
2015 1829 2101 1863 assi-

477 1894 598 1938 gnant.
620 1890 671 1924 Ea
690 1892 788 1923 tanta
803 1887 1021 1932 benignitate
1042 1888 1234 1934 principum
1254 1901 1321 1923 non
1338 1889 1396 1923 diu
1412 1888 1637 1923 Vilnensibus
1659 1890 1788 1923 nostris
1804 1890 1870 1924 frui
1886 1889 1997 1925 licuit.

525 1952 641 1987 Armis
661 1951 812 1985 Livoncs
831 1950 981 1984 vexabat
1000 1949 1147 1984 Carolus
1172 1951 1242 1985 dux
1261 1951 1538 1989 Sudermannus,
1553 1951 1698 1997 ,jamque
1714 1963 1811 1987 arces
1836 1956 1869 1986 et
1890 1952 1994 1986 urbes
2014 1964 2102 1998 prae-

478 2015 598 2060 cipuas
618 2016 816 2058 occuparat.
837 2011 975 2046 Excivit
988 2011 1024 2044 id
1039 2011 1314 2057 Sigismundum.
1334 2013 1423 2047 Itum
1442 2014 1591 2048 obviam.
1612 2014 1805 2049 Commissa
1820 2014 1949 2060 srepius
1964 2015 2100 2060 praelia.

478 2077 638 2116 Fractus,
660 2080 802 2120 totaque
826 2074 975 2109 Livonia
995 2075 1124 2119 ejectus
1143 2074 1254 2108 hostis
1279 2087 1285 2109 z
1317 2075 1501 2110 manifesto
1521 2076 1555 2110 id
1576 2088 1740 2123 superum
1760 2076 1900 2117 favore,
1924 2089 2009 2122 quos
2024 2078 2101 2124 pius

477 2151 550 2179 rex,
575 2149 786 2182 suorumque
801 2136 870 2170 dux
885 2136 1100 2171 exercituum
1118 2137 1275 2172 Joaiiiies
1304 2138 1447 2172 Carolus
1465 2138 1726 2178 Chodkievvicz‚
1748 2139 1849 2174 bonis
1866 2139 1938 2174 suis
1953 2140 2097 2180 meritis,

476 2205 510 2235 et
537 2200 654 2246 populi
674 2199 985 2245 supplicationibus
1000 2199 1188 2233 conciliare
1208 2199 1416 2234 studuerint.
1450 2200 1681 2236 Observatum
1701 2205 1766 2242 est,
1797 2213 1917 2236 versos
1932 2201 1968 2236 in
1982 2201 2101 2247 fugam

474 2263 582 2297 fuisse
597 2274 637 2297 co
657 2263 732 2308 ipso
749 2262 805 2297 die
824 2262 956 2302 hostes,
980 2273 1046 2307 quo
1066 2262 1110 2295 ab
1130 2262 1223 2295 omni
1240 2262 1399 2297 Vilnensi
1419 2263 1560 2298 civitate
1576 2269 1610 2299 et
1626 2264 1799 2309 frequenti
1820 2264 1949 2310 populo
1973 2264 2101 2310 suppli-

473 2329 587 2359 catum
606 2324 809 2370 impensius.
835 2324 875 2358 In
894 2323 979 2369 ipsis
997 2323 1102 2358 etiam
1116 2323 1240 2358 castris
1260 2328 1440 2370 perpetua,
1463 2325 1630 2360 militibus
1646 2325 1799 2360 vicissim
1815 2325 2098 2367 succedentibus,

473 2398 534 2433 per
552 2390 687 2432 tempus
712 2385 795 2420 belli
811 2386 875 2420 suit
895 2386 1147 2431 comprecatio;
1174 2385 1219 2420 ad
1242 2397 1346 2430 quam
1364 2387 1539 2432 praeibant
1553 2387 1753 2422 hortatores
1773 2387 1881 2429 Socii,
1902 2392 2100 2423 castrenses

472 2448 582 2483 nostri
602 2447 767 2493 operarii.
791 2447 898 2481 Nullo
917 2447 967 2480 illi
986 2447 1061 2481 loco
1090 2448 1161 2481 suis
1181 2447 1322 2482 defuere
1350 2448 1484 2484 officiis.
1517 2449 1584 2490 Illi,
1607 2450 1639 2483 in
1661 2449 1735 2495 ipso
1756 2449 1860 2483 etiam
1890 2449 2092 2494 praeliorum

471 2515 574 2550 aestu,
607 2521 651 2544 ex
686 2509 760 2544 acie
798 2509 923 2549 media,
954 2510 1092 2544 saucios
1119 2510 1191 2544 suis
1218 2514 1404 2554 exportare
1438 2511 1592 2546 humeris
1624 2524 1630 2545 :
1665 2510 1905 2557 perculsorum
1936 2512 2097 2557 excipere
