2184 2953
667 305 772 333 LIBER
796 303 950 333 DECIMUS
973 304 1179 340 (1650-1664).
1668 303 1727 335 379

120 392 214 428 kius.
232 393 420 437 Litobroci‚
438 396 473 431 in
492 397 624 443 praedio
645 398 803 444 Collegii,
829 397 1033 433 interfectus
1052 397 1103 432 rei
1118 395 1300 430 familiaris
1319 398 1460 430 curator
1487 397 1615 439 socius,
1637 396 1726 430 Bar-

122 454 329 490 tholomaeus
345 457 517 493 Sitkovicz
536 472 542 493 z
564 463 617 495 ter
631 460 667 495 in
682 460 801 495 eculeo
817 458 1127 504 tortus,unguibus
1142 458 1264 492 ferreis
1278 457 1597 504 laniatus,(lc11ique
1611 458 1725 493 securi

122 527 322 562 percussus.
340 519 449 555 Pater
465 521 656 556 Matthaeus
677 523 709 555 in
726 522 860 562 itinere,
878 522 1011 556 Ravam
1030 520 1179 566 fugiens,
1197 519 1391 565 perimitur.
1413 519 1584 560 Joaunes,
1606 518 1726 554 evulsa

121 579 310 625 forcipibus
329 580 463 626 lingua,
481 582 656 628 clavisque
677 583 890 629 caligaribus
909 582 1013 617 affixa
1039 581 1183 628 pectori,
1209 580 1427 616 excruciatur
1445 581 1479 614 in
1499 580 1580 614 aula
1600 579 1725 614 nobilis

121 640 302 686 cujusdam
315 642 444 684 viri,ad
464 655 564 689 quem
585 644 743 691 trepidus
764 645 1116 691 confugerat.Caeteri
1135 643 1227 678 domi
1246 643 1423 677 intereunt
1441 641 1643 688 pestilentia
1661 653 1667 675 :
1690 641 1724 674 in

120 701 174 736 his
196 703 236 738 P.
262 703 428 739 Albertus
448 706 693 752 Peplovskius,
717 708 870 754 equestri
887 708 962 742 loco
984 708 1019 742 in
1039 706 1200 742 Masovia
1220 709 1334 746 natus,
1357 704 1548 740 abundanti
1568 703 1726 738 doctrina

121 764 186 805 vir,
204 768 250 805 et,
274 766 411 811 qualem
433 768 552 802 Cicero
573 769 740 804 Catonem
768 770 866 811 dixit,
900 770 1067 804 librorum
1090 768 1230 815 quidam
1247 767 1365 802 helluo
1384 778 1390 800 :
1422 778 1464 801 ex
1490 765 1648 800 instituto
1672 764 1725 799 sui

124 825 268 861 Ordinis
287 827 439 874 diligens
455 842 528 865 sure
546 835 580 866 et
598 831 724 867 alienae
751 831 873 867 salutis
895 830 1110 865 administer.
1129 830 1285 864 Vexatus
1305 832 1339 863 et
1357 828 1430 874 ipse
1448 827 1566 862 furore
1585 826 1722 861 Suetico

122 891 324 935 tantumque
340 902 409 926 non
429 893 611 935 contritus,
634 893 727 928 domi
740 897 839 940 peste
861 893 1000 928 afflictis
1019 892 1235 933 ministram,
1263 891 1370 925 vitam
1395 889 1512 936 posuit
1535 889 1570 923 in
1597 888 1722 923 officio.

124 949 255 985 Eadem
269 951 306 985 in
324 963 433 988 arena
453 955 614 990 occubuit
632 956 673 990 P.
697 955 895 990 Stanislaus
916 955 1222 995 Menczkovskius,
1241 953 1322 988 olim
1350 953 1529 988 rhetorum
1546 952 1581 986 in
1595 951 1727 987 Acade-

123 1010 192 1046 mia
211 1013 392 1059 magister,
424 1015 549 1051 deinde
578 1017 659 1052 alibi
691 1017 945 1059 missionarius,
967 1021 1182 1064 procurator,
1207 1016 1391 1063 praefectus
1413 1014 1569 1061 spiritus,
1599 1025 1728 1060 przeses

124 1071 260 1115 domim,
286 1074 435 1121 denique
462 1078 519 1112 hic
541 1079 682 1114 victima
705 1080 874 1121 caritatis,
896 1091 963 1114 una
989 1091 1065 1114 cum
1089 1079 1197 1114 Sociis
1225 1077 1442 1124 adjutoribus
1468 1075 1620 1121 Georgio
1641 1075 1727 1110 Bur-

122 1135 221 1171 chart
237 1140 270 1171 et
293 1137 434 1174 Simone
454 1139 668 1176 Rozenstau.

171 1199 225 1234 Ex
243 1200 308 1235 isto
331 1204 428 1237 tanto
446 1214 561 1238 rerum
585 1205 783 1240 mortalium
802 1204 941 1238 turbine
960 1203 1098 1238 sustulit
1114 1205 1207 1239 Deus
1231 1203 1276 1237 ad
1290 1201 1445 1247 requiem
1463 1199 1723 1245 sempiternam,

121 1262 233 1297 virum
252 1263 287 1297 in
307 1265 399 1299 omni
417 1265 557 1302 fortuna
575 1268 630 1314 pie
649 1271 917 1313 constanterque
934 1270 1111 1302 versatum
1128 1294 1134 1307 ‚
1163 1265 1344 1300 Albertum
1370 1262 1583 1298 Stanislaum
1621 1260 1730 1296 Radi-

123 1324 256 1367 villum‚
279 1327 371 1361 sacri
398 1330 534 1364 romani
553 1330 689 1376 imperii
707 1330 912 1377 principem,
943 1329 1117 1364 Lituaniae
1145 1326 1402 1366 cancellarium,
1425 1324 1535 1359 filium
1563 1321 1731 1358 Stanislai

122 1386 276 1432 praefecti
293 1389 553 1436 Samogitarum
577 1393 764 1439 capitanei,
789 1396 951 1438 nepotem
966 1390 1105 1426 Nicolai
1123 1390 1240 1436 Nigri,
1263 1388 1410 1434 Collegii
1436 1386 1545 1422 nostri
1566 1385 1731 1420 Pinscen-

122 1449 169 1484 sis
185 1451 416 1487 conditorem.
440 1453 533 1489 Satis
553 1453 612 1490 ille
633 1467 709 1490 cum
725 1455 789 1490 sibi
805 1459 877 1489 tum
901 1453 1068 1489 Ecclesiae
1087 1456 1160 1487 tum
1190 1452 1316 1498 patriae
1331 1450 1416 1485 vixit
1430 1449 1475 1484 ad
1493 1448 1655 1495 gloriam.
1679 1446 1733 1481 Ita

124 1511 210 1547 vixit
225 1513 310 1555 sibi,
333 1514 368 1549 in
382 1515 451 1550 illis
470 1516 616 1562 publicis
633 1517 826 1564 amplisque
848 1516 1062 1556 muneribus,
1084 1515 1177 1561 ipsos
1197 1513 1429 1560 quadraginta
1450 1522 1561 1547 annos
1576 1510 1632 1545 vel
1646 1520 1731 1556 pro-

123 1574 351 1611 cancellarius
370 1576 545 1613 Lituaniae
559 1579 615 1614 vel
634 1580 876 1621 cancellarius,
894 1582 932 1613 ut
946 1577 1001 1612 vel
1011 1577 1181 1612 monacho
1201 1576 1263 1611 tibi
1278 1575 1403 1609 mirum
1421 1574 1478 1615 sit,
1500 1573 1603 1607 istam
1621 1571 1731 1606 chris-

124 1633 231 1671 tianae
258 1637 340 1672 vitae
371 1642 405 1673 et
432 1640 599 1675 virtutum
617 1629 844 1687 palaestram,
879 1651 982 1686 quam
1007 1639 1064 1674 hic
1098 1638 1231 1678 habuit,
1265 1637 1380 1672 locum
1414 1635 1545 1670 habere
1580 1635 1616 1668 in
1652 1632 1734 1668 aula

126 1698 294 1743 potuisse.
324 1700 481 1736 Primum
500 1702 551 1736 illi
570 1703 723 1748 quotidie
742 1715 782 1738 ac
801 1703 1015 1749 praecipuum
1034 1704 1109 1736 erat
1128 1699 1306 1746 negotium
1320 1698 1498 1734 matutinis
1517 1695 1731 1742 temporibus

125 1759 249 1795 alecto
265 1762 383 1796 statim
398 1762 442 1797 ad
461 1764 630 1799 orandum
646 1769 679 1800 et
698 1765 818 1800 divina
831 1776 893 1811 per
911 1763 1035 1799 horam
1053 1762 1255 1797 meditanda
1274 1760 1441 1801 animum,
1462 1771 1483 1794 a
1505 1758 1597 1794 curis
1615 1768 1731 1791 rerum

124 1822 349 1868 profanarum
373 1837 534 1869 vacuum,
555 1827 695 1869 afferre,
719 1828 972 1874 diligenterque
992 1826 1027 1860 in
1047 1825 1224 1872 proposito
1241 1824 1432 1871 perdurare
1452 1835 1458 1856 :
1481 1821 1607 1856 deinde
1625 1820 1732 1855 sacri-

125 1883 211 1920 ficiis
226 1897 303 1921 cum
321 1890 394 1922 tota
415 1888 496 1924 aula
514 1889 571 1935 pie
589 1889 759 1925 interesse
780 1902 786 1924 :
820 1893 893 1924 tum
922 1887 1069 1923 recitare
1088 1887 1258 1922 rosarium
1277 1887 1399 1921 Beatae
1419 1883 1590 1930 Virginis,
1611 1886 1645 1917 et
1661 1881 1734 1916 offi-

128 1945 218 1981 cium
237 1947 348 1983 eidem
362 1949 629 1997 colendae‚quod
651 1962 815 1986 vocamus
830 1962 988 1997 parvum,
1006 1949 1156 1984 officium
1170 1952 1340 1995 praeterea
1355 1947 1507 1982 divinum
1523 1957 1566 1980 ex
1585 1944 1732 1979 Brevia-

128 2008 181 2043 rio
199 2021 352 2046 romano.
376 2012 452 2047 Hoc
470 2017 545 2047 erat
563 2025 708 2059 pensum
727 2013 862 2049 Alberti
876 2012 1098 2047 matutinum.

177 2071 262 2110 Quae
287 2073 438 2108 interdiu
464 2075 604 2121 agenda
627 2087 772 2121 quaeque
800 2075 956 2110 cavenda
974 2072 1167 2113 statuisset,
1189 2081 1290 2105 mane
1317 2069 1479 2104 monebat
1506 2067 1736 2103 cubicularios

128 2142 222 2175 suos,
244 2146 329 2180 quos
355 2135 577 2172 fidelissimos
595 2137 741 2172 haberet
759 2137 949 2177 ministros,
971 2147 992 2170 a
1010 2147 1046 2170 se
1065 2133 1239 2181 praecipue
1265 2132 1418 2166 moribus
1446 2131 1517 2166 suis
1536 2130 1730 2177 praefectos,

128 2205 206 2229 cum
225 2206 266 2231 ea
284 2200 468 2243 potestate,
490 2203 541 2241 ut,
563 2200 592 2234 si
611 2200 692 2246 quid
712 2199 775 2234 sibi
795 2198 849 2234 vel
868 2210 928 2244 per
954 2195 1221 2243 imprudentiam
1252 2197 1372 2229 contra
1402 2193 1617 2239 propositum
1636 2191 1736 2227 exci-

129 2256 248 2300 disset,
270 2269 390 2295 severe
404 2261 734 2303 animadverterent,
752 2273 792 2296 ac
807 2272 868 2307 pro
884 2259 1019 2294 ratione
1033 2257 1150 2293 delicti
1170 2255 1415 2292 commonitum
1441 2259 1534 2290 certo
1553 2254 1736 2301 plagarum

130 2329 273 2355 numero
305 2332 342 2356 se
368 2322 443 2368 jam
474 2324 572 2369 quasi
590 2335 659 2358 non
677 2324 812 2364 herum,
847 2321 907 2358 sed
926 2331 989 2356 sua
1007 2320 1115 2366 ipsius
1133 2318 1308 2354 sententia
1334 2328 1430 2352 reum
1450 2317 1733 2361 damnatumque,

130 2381 319 2426 quamlibet
338 2384 593 2431 deprecantem,
615 2386 806 2432 plecterent
825 2385 899 2419 sine
917 2383 1031 2418 venia.
1052 2381 1107 2416 Ad
1125 2381 1191 2415 hoc
1204 2384 1276 2414 tam
1290 2379 1494 2414 inusitatum
1508 2377 1737 2414 ministerium

128 2442 334 2482 honorarios
347 2449 479 2494 aliquot
496 2449 643 2484 famulos
661 2449 821 2496 precibus
838 2445 960 2481 habuit
979 2447 1013 2479 et
1031 2442 1130 2478 donis
1149 2446 1307 2479 coactos:
1330 2445 1471 2488 eratque
1499 2441 1544 2476 ad
1563 2440 1597 2474 id
1612 2442 1735 2487 parata

130 2504 165 2540 in
183 2508 338 2545 conclavi
357 2509 523 2548 interiore
545 2511 719 2551 machina,
750 2510 798 2546 sic
816 2508 914 2545 fabre
939 2506 1043 2548 facta,
1066 2509 1115 2545 ut,
1146 2505 1264 2541 clauso
1285 2507 1380 2540 arcte
1398 2503 1550 2549 undique
1578 2515 1735 2551 corpore,

1754 399 1817 426 1656

1810 438 1841 464 24

1753 475 1844 502 Plociae
1853 484 1897 502 cm-

1753 514 1797 540 des
1816 515 1899 541 50010-

1752 560 1818 578 rum.

1753 641 1829 666 Peste

1754 679 1861 706 sublati.

1815 1147 1847 1173 25

1757 1186 1875 1212 Radivil-

1757 1225 1798 1250 lus
1808 1226 1876 1259 prin·

1757 1271 1824 1297 ceps,
1843 1264 1901 1290 Col-

1757 1302 1821 1336 legii
1841 1303 1902 1329 Pin-

1758 1345 1855 1371 scensis

1758 1385 1883 1415 conditor,

1758 1424 1884 1457 relinquit

1759 1464 1891 1490 mortalia,

1761 1503 1826 1528 Vitae
1838 1503 1888 1536 pri-

1761 1544 1828 1568 vatae

1763 1582 1887 1616 exempla.
