2184 2953
449 284 509 317 372
817 284 1094 317 LITUANICARUM
1118 286 1329 318 SOCIETATIS
1351 288 1438 320 JESU
1460 287 1714 321 HISTORIARUM

278 390 342 421 1653
448 381 578 424 lasset;
614 381 767 416 monitus
794 380 971 428 Georgius
999 382 1151 417 accurrit
1173 395 1179 417 :
1209 382 1363 418 furorem
1394 383 1485 419 dicto
1520 384 1675 421 edomuit
1698 398 1705 421 :
1731 397 1897 432 percusso
1921 387 2087 423 morienti

450 454 551 491 opem
577 444 682 480 tulit:
705 444 845 480 domum
868 448 902 479 et
932 443 1094 480 viciniam
1127 445 1373 480 conturbatam
1391 447 1544 493 pacavit.
1579 448 1698 494 Pagos
1724 448 1949 485 instituendae
1983 462 2087 486 causa

448 507 561 553 plebis
583 507 714 547 obibat,
732 518 827 553 saepe
846 518 867 541 a
886 506 1038 542 diluculo
1067 507 1113 542 ad
1132 507 1374 555 crepusculum
1389 521 1511 555 usque,
1528 509 1650 545 labore
1666 514 1700 546 et
1726 511 1844 546 inedia
1879 512 2083 548 exhaustus.

448 570 629 607 Adversus
659 570 909 606 haereticorum
927 570 1171 617 pertinaciam,
1206 570 1265 605 ubi
1297 571 1471 607 suavitate
1507 572 1595 607 nihil
1626 573 1749 619 profici
1776 574 1924 615 videret,
1960 576 2087 622 agebat

451 633 653 675 excitatius;
676 633 868 669 observans
887 633 1030 668 interim
1059 632 1179 679 legum
1197 633 1396 679 prudentiae
1416 638 1451 669 et
1478 636 1675 671 modestiae.
1699 636 1947 671 Contumacior
1966 648 2087 672 eorum

451 695 591 743 aliquis,
613 696 753 742 suisque
772 695 960 742 praefidens
981 695 1118 741 opibus,
1143 696 1344 732 sacerdotes
1371 697 1576 739 catholicos,
1599 698 1749 734 maxime
1768 699 1966 740 Societatis,
1988 700 2087 735 aditu

451 759 558 794 etiam
576 759 670 796 villae
689 771 763 794 suae
778 759 986 806 prohibebat
1004 758 1204 800 hostiliter;
1228 762 1328 794 erant
1343 763 1461 795 autem
1480 761 1574 807 apud
1593 773 1630 796 se
1654 761 1774 797 famuli
1793 761 1950 809 plerique
1968 764 2086 798 catho-

450 822 531 864 lici,
553 822 646 869 iique
676 821 910 857 remediorum
930 820 1138 856 salutarium
1157 821 1327 857 sitientes.
1349 822 1406 857 Ad
1437 822 1533 869 ipsos
1554 823 1730 869 Georgius
1757 823 1955 860 clanculum
1982 836 2087 871 pene-

450 886 581 927 trabat,
604 889 793 931 noctesque
808 885 983 920 interdum
1006 888 1111 925 totas,
1143 884 1225 919 dum
1244 885 1352 920 herus
1380 886 1415 920 in
1433 885 1524 920 lecto
1544 890 1721 927 sterteret,
1741 887 1988 923 confitentibus
2007 901 2086 935 pec-

451 953 528 985 cata
547 960 650 984 aures
666 948 785 984 dabat.
806 947 861 983 Ad
891 946 1114 983 tolerantiam
1133 959 1251 983 rerum
1269 947 1494 983 molestarum
1513 948 1572 983 diu
1592 952 1736 984 assueto
1753 949 1916 995 placebat
1935 951 2088 986 crassior

451 1013 571 1054 vestis,
593 1012 648 1047 Vel
674 1023 739 1047 usu
770 1011 919 1046 contrita
937 1022 1011 1057 prae
1037 1022 1130 1045 nova
1150 1014 1184 1045 et
1207 1010 1380 1052 molliore,
1403 1022 1570 1047 acerosus
1586 1012 1689 1058 panis
1705 1024 1778 1058 prae
1798 1013 1940 1048 sitanio.
1971 1014 2087 1049 Tanta

451 1077 542 1112 inter
561 1075 726 1123 profanos
741 1086 781 1109 ac
800 1073 959 1121 petulcos
979 1074 1096 1115 etiam,
1119 1072 1241 1120 quales
1260 1074 1295 1108 in
1313 1073 1405 1109 aulis
1434 1074 1621 1121 plerosque
1648 1075 1782 1116 rideas,
1805 1075 1871 1110 viri
1895 1076 1999 1123 hujus
2014 1081 2090 1112 erat

452 1138 662 1178 reverentia,
686 1141 722 1172 ut
745 1137 774 1172 si
794 1137 886 1172 inter
910 1136 1110 1182 morologos
1137 1136 1358 1172 cavillatores
1393 1137 1557 1184 injeceris
1575 1136 1816 1172 inauditurum
1846 1137 1915 1173 ista
1923 1139 2006 1185 Joca
2024 1151 2089 1175 sua

453 1202 597 1237 Patrem
629 1200 834 1246 Georgium,
857 1198 981 1234 aulicis
1008 1199 1212 1245 theologum
1228 1199 1346 1234 multis
1366 1199 1560 1245 cognitum,
1579 1199 1735 1234 fabulam
1751 1200 1916 1235 continuo
1934 1201 2089 1248 ineptam

452 1263 668 1311 praecideris.
689 1262 721 1298 A
739 1262 904 1298 diuturno
931 1262 1022 1297 inter
1041 1273 1200 1308 paganos
1219 1261 1339 1297 labore
1359 1262 1500 1297 Vilnam
1527 1265 1668 1297 vocatus
1700 1263 1744 1297 ad
1769 1263 1934 1309 quietem,
1956 1264 1992 1299 in
2008 1276 2088 1311 gra-

453 1328 531 1362 vius
550 1326 673 1361 incidit
690 1326 884 1372 negotium,
920 1325 978 1359 ubi
1009 1324 1141 1359 scilicet
1159 1328 1257 1371 peste
1285 1325 1408 1360 civitas
1426 1325 1598 1360 interiret.
1624 1326 1859 1362 Pereuntibus
1892 1331 1929 1361 ut
1949 1327 2089 1363 adesset

456 1390 631 1436 Georgius
647 1401 724 1424 cum
740 1388 865 1430 Sociis,
888 1399 974 1435 quos
994 1387 1049 1422 hic
1063 1388 1335 1428 nominavimus,
1357 1388 1496 1423 veniam
1515 1399 1536 1423 a
1562 1391 1698 1424 rectore
1723 1388 1872 1435 Collegii
1896 1389 2088 1426 Benedicto

457 1454 499 1489 de
515 1453 608 1489 Soxo
623 1452 892 1488 exoravit.Tum
906 1451 956 1486 illi
971 1450 1115 1497 pariter,
1134 1451 1247 1486 salute
1262 1463 1326 1486 sua
1343 1451 1417 1487 Deo
1433 1452 1689 1493 commendata,
1706 1452 1742 1486 in
1758 1453 1868 1488 media
1883 1464 1920 1489 se
1936 1453 2090 1489 commit-

455 1520 530 1553 tere
549 1515 705 1563 pericula
728 1528 735 1550 ε
757 1514 912 1561 quotidie
932 1513 1044 1560 primo
1060 1525 1207 1560 surgere
1227 1514 1380 1550 diluculo
1399 1527 1406 1550 :
1424 1515 1510 1550 urbe
1524 1518 1599 1550 tota
1618 1515 1858 1562 periclitantes
1877 1515 2056 1563 requirere
2074 1529 2081 1552 z

455 1580 602 1615 miseros
619 1578 879 1626 opibusjuvare
900 1577 1061 1613 omnibus
1079 1590 1085 1612 :
1104 1580 1260 1612 mortuos
1281 1578 1352 1612 suis
1368 1578 1475 1613 etiam
1486 1577 1596 1613 elatos
1616 1578 1772 1614 humeris
1792 1578 1953 1625 sepelire.
1977 1579 2089 1615 Senos

456 1644 551 1690 ipsos
571 1643 621 1677 ita
634 1644 796 1677 versatus
815 1652 967 1681 menses,
981 1643 1150 1686 concepta
1165 1651 1208 1675 ex
1222 1640 1416 1676 ministerio
1428 1645 1539 1687 peste,
1553 1642 1678 1677 cecidit
1693 1642 1875 1678 charitatis
1887 1642 2028 1678 victima
2040 1643 2090 1678 IV

457 1706 535 1741 idus
556 1705 736 1752 quintiles
756 1703 923 1750 Sepultus
938 1704 973 1738 in
992 1703 1126 1738 tumulo
1142 1703 1221 1750 agri
1231 1703 1348 1738 Vilnae
1365 1703 1571 1746 suburbani,
1594 1704 1651 1739 via
1670 1705 1879 1740 Luciscana.
1898 1706 1939 1740 In
1957 1705 2089 1741 eisdem

458 1768 579 1804 officiis
611 1767 739 1802 ibidem
771 1766 945 1813 collapsi:
969 1767 1011 1801 P.
1042 1765 1213 1807 Adamas,
1245 1770 1352 1812 gente
1372 1765 1561 1808 Masovita,
1597 1766 1732 1813 ingenii
1762 1767 1866 1803 facile
1890 1768 2086 1809 irritabilis,

458 1836 633 1871 strenuus,
656 1834 690 1866 et
704 1831 872 1866 iracundo
896 1830 1021 1876 cuique
1043 1829 1248 1871 imitandus,
1270 1829 1434 1871 domitor,
1457 1842 1534 1865 cum
1554 1841 1616 1865 suo
1648 1841 1730 1866 caro
1758 1831 1859 1866 Socio
1879 1835 1912 1867 et
1930 1831 2090 1878 adjutore

458 1894 710 1940 Christophoro
746 1893 964 1928 Kulkiewicz
998 1905 1005 1927 :
1033 1893 1074 1927 P.
1106 1892 1253 1934 Paulus,
1286 1891 1413 1927 nobilis
1443 1892 1686 1940 Subsylvanus
1718 1905 1797 1928 cum
1833 1894 1945 1929 tribus
1976 1894 2088 1930 Sociis

457 1957 569 1998 laicis,
602 1956 792 1991 Francisco
835 1955 1056 1990 Orabovskio
1090 1956 1261 1995 Pruteno,
1293 1955 1432 1990 Joanne
1462 1955 1689 2002 Naczynskio
1710 1955 1896 2002 Hungam,
1918 1960 1951 1991 et
1979 1956 2084 1992 Petro

457 2020 667 2068 Czyzevskio
687 2019 819 2054 novitio
846 2031 852 2053 1
881 2019 922 2054 P.
940 2018 1098 2053 Mathias
1134 2018 1277 2053 natione
1298 2017 1481 2060 Lituanus‚
1505 2029 1677 2053 annorum
1696 2018 1756 2061 35,
1779 2019 1832 2053 vir
1850 2018 1980 2066 pietate
1996 2031 2086 2066 prae-

456 2084 570 2130 cipua,
592 2083 722 2118 virtute
741 2081 957 2116 castimoniae
976 2081 1218 2127 integerrima,
1252 2080 1435 2122 charitate,
1458 2080 1644 2123 modestia,
1667 2081 1851 2127 patientia,
1876 2081 2088 2124 humilitate,

457 2147 657 2181 obedientia
688 2143 966 2185 commendabili,
996 2144 1108 2179 cultor
1131 2143 1354 2179 Beatissimre
1373 2143 1527 2190 Virginis
1555 2144 1714 2179 eximius.
1749 2144 1864 2191 Atque
1894 2144 1931 2179 hi
1951 2144 2092 2191 quidem

460 2209 589 2250 Vilnae,
612 2210 687 2256 ipso
702 2220 822 2244 mense
838 2207 974 2249 sextili3
992 2207 1076 2242 alibi
1096 2206 1173 2242 aliis
1192 2207 1369 2242 mensibus
1389 2206 1449 2241 alii
1466 2206 1602 2241 animas
1622 2218 1702 2242 suas
1720 2207 1756 2242 in
1775 2207 1907 2243 eisdem
1927 2207 2092 2254 periculis

285 2261 427 2328 {fflsssffiae’
462 2276 496 2307 et
514 2272 694 2307 laboribus
725 2270 980 2317 profunderunt
1003 2283 1009 2305 :
1032 2270 1217 2305 Varsaviae
1237 2271 1280 2305 P.
1311 2268 1475 2305 Nicolaus
1496 2270 1722 2305 Trzcinskius
1755 2282 1832 2305 cum
1852 2270 1890 2306 C.
1914 2270 2094 2307 Michaele

286 2325 390 2386 molita
463 2335 693 2375 Kuszevsliio,
717 2345 835 2369 mense
867 2333 1020 2369 octobris
1045 2333 1297 2380 :Regionionti
1320 2333 1354 2367 in
1385 2333 1530 2368 Prussia
1559 2333 1601 2368 P.
1620 2334 1776 2369 Joannes
1807 2333 1963 2374 Kihnus‚
1996 2334 2088 2368 Var-

286 2381 424 2408 Pultoviae.
461 2398 616 2438 miensis‚
650 2397 722 2432 XII
754 2397 925 2432 kalendas
944 2397 1150 2432 novembres
1174 2409 1180 2431 2
1203 2396 1377 2431 Pultoviae
1401 2396 1443 2431 P.
1467 2395 1623 2431 Thomas
1655 2396 1884 2436 Porzeckius,
1914 2396 2095 2432 Lituanus

462 2471 539 2495 cum
553 2459 699 2494 illustris
718 2471 850 2505 genere
869 2463 942 2494 tum
962 2459 1195 2494 sanctimonia
1213 2458 1295 2493 vitoe
1314 2461 1348 2493 et
1371 2458 1541 2500 doctrina,
1564 2462 1678 2495 rector
1696 2459 1731 2494 in
1745 2458 1809 2494 hac
1823 2458 1908 2494 urbe
1925 2458 2086 2505 Collegit,

462 2534 554 2557 anno
574 2522 689 2557 aetatis
708 2522 770 2563 44,
792 2522 859 2556 VII
876 2521 954 2556 idus
974 2521 1150 2568 quintiles.
