2184 2953
354 415 418 441 1580

263 1591 382 1618 Primum

270 1630 410 1657 Sooietatis

264 1671 391 1705 templum

264 1709 371 1737 ibidem.

442 314 481 344 86
810 316 1085 346 LlTUANlCARUM
1109 317 1317 346 SOCIETATIS
1340 316 1423 344 JEsU
1449 315 1698 344 HISTORIARUM

493 404 547 439 Ex
577 415 619 439 ea
648 405 798 441 statione
830 406 958 441 Petrus
988 406 1128 452 Skarga
1159 418 1232 441 rem
1265 417 1344 441 cum
1370 404 1504 439 infenso
1537 403 1700 438 Palatino
1728 404 1908 449 agitabat;
1940 403 2069 438 oblatis

443 467 549 502 etiam
576 467 685 513 regiis
716 467 766 501 illi
794 467 932 508 litteris,
955 468 1078 514 quibus
1111 469 1346 503 monebatur:
1373 481 1387 495 -⁴
1417 469 1602 512 praestaret
1636 466 1839 506 maximam,
1877 478 1993 512 quam,
2032 478 2070 501 se

446 546 461 560 a
478 530 610 577 judice,
649 536 877 573 mererentur,
913 532 1193 567 benevolentiam
1221 531 1417 577 hospitibus
1455 540 1462 562 1
1496 527 1651 562 traderet
1682 527 1750 562 illis
1786 528 1898 573 primo
1932 540 2069 574 quoque

446 608 460 622 a
482 596 638 638 tempore
657 596 691 627 et
720 593 836 627 fanum
855 593 890 627 in
907 605 988 629 arce
1016 595 1242 635 Rutenicum‚
1273 597 1307 629 et
1335 594 1488 633 domum,
1511 604 1615 639 quam
1642 593 1707 628 sibi
1726 594 1792 640 ipsi
1812 593 2020 639 delegerint.
2051 612 2066 626 2,

442 657 591 692 Plenum
607 657 642 691 id
670 657 801 692 homini
818 658 1031 704 implacabili
1050 661 1126 694 erat
1144 656 1285 692 invidiae
1308 669 1314 690 :
1337 655 1628 702 ecquid'Jesuitae
1645 655 1704 690 isti
1723 656 1943 702 requirerent
1963 657 2070 691 etiam

443 719 624 754 Polociaez
647 734 662 748 a
686 719 851 765 Nunquid
878 725 956 766 post
983 721 1307 765 Brunsbergenses,
1329 718 1531 758 VilnenseS,
1553 718 1710 764 aliasque
1737 718 1774 752 in
1801 718 1967 753 Lituania
1993 731 2070 754 cum

444 797 459 811 κ
481 781 693 822 hominibus,
723 781 889 827 dogmata
922 782 1167 828 profitentibus
1202 793 1273 815 non
1305 780 1481 821 Romana,
1511 780 1645 820 turbas,
1680 780 1715 814 in
1744 780 1876 815 Russia
1914 780 2069 816 vellent?

445 860 460 874 α
484 845 608 891 quibus
636 844 772 890 quantis
805 856 842 879 se
875 844 1033 880 artificiis
1065 845 1102 879 in
1132 844 1288 878 animum
1324 843 1419 888 regis
1454 846 1555 888 atque
1595 842 1632 876 in
1671 853 1748 877 eam
1778 843 1891 889 ipsam
1928 853 2070 877 causam

444 907 701 945 «insinuarint,
733 910 806 940 tum
840 918 902 952 per
938 911 1078 942 coactos
1111 917 1132 940 a
1168 917 1205 941 se
1236 909 1359 945 coetus,
1391 908 1464 938 tum
1501 904 1535 938 in
1569 904 1795 939 conventibus
1835 904 1963 939 civium
1995 905 2070 951 ejus

444 984 459 998 a
481 969 692 1015 provinciae,
732 972 838 1014 atque
881 969 916 1003 in
955 969 1040 1015 ipsis
1078 969 1184 1004 etiam
1220 967 1445 1015 generalibus
1490 967 1592 1012 regni
1631 967 1797 1008 comitiis,
1829 967 2069 1013 queribundus

445 1045 460 1059 α
481 1031 671 1076 rogitabat.
700 1047 715 1061 >s
746 1030 1058 1076 Tergiversantem
1086 1035 1210 1066 contra
1238 1031 1352 1065 edicta
1383 1029 1484 1075 regia
1508 1029 1703 1075 palatinum
1729 1029 1815 1064 nihil
1845 1029 1972 1063 morati
1999 1030 2069 1064 Pa-

440 1098 524 1135 tres,
546 1094 611 1139 ipsi
630 1093 752 1128 urbem
773 1093 1053 1139 circumspicere,
1077 1097 1122 1135 et,
1146 1105 1214 1139 quo
1233 1093 1309 1127 loco
1328 1092 1438 1138 possit
1457 1092 1636 1126 commode
1660 1091 1823 1126 collocari
1842 1091 2066 1132 domicilium,

439 1158 638 1193 observare.
675 1158 781 1193 Festo
817 1158 977 1192 divorum
1006 1156 1104 1192 Petri
1139 1160 1174 1191 et
1210 1154 1313 1190 Pauli
1346 1153 1586 1200 apostolorum
1625 1154 1694 1195 die,
1729 1166 1771 1189 ex
1806 1166 1887 1189 aree
1919 1155 2070 1201 compita

439 1220 534 1254 urbis
563 1223 723 1266 tectaque
752 1219 862 1254 oculis
889 1220 1121 1266 perlustrans,
1144 1218 1271 1252 Petrus
1299 1216 1440 1261 Skarga
1470 1216 1719 1251 animadvertit
1748 1227 1880 1256 aream,
1901 1220 2007 1262 atque
2034 1217 2070 1252 in

438 1293 479 1316 ea
498 1281 665 1327 templum
692 1282 865 1316 Photiano
893 1283 961 1317 ritu
991 1282 1102 1316 beatis
1127 1281 1234 1316 Petro
1267 1284 1301 1314 et
1332 1279 1444 1313 Paulo
1472 1279 1641 1325 apostolis
1673 1279 1884 1319 dedicatum,
1906 1279 2070 1326 aedesque

437 1344 639 1389 proximas;
669 1356 711 1379 ex
738 1345 862 1390 quibus
898 1344 1023 1378 incolae
1044 1344 1120 1390 jam
1156 1348 1242 1382 tum,
1282 1342 1381 1388 quasi
1417 1341 1600 1381 admoniti,
1630 1352 1672 1376 ac
1711 1346 1804 1376 metu
1843 1342 1961 1376 nescio
2001 1354 2069 1388 quo

435 1405 599 1450 perculsi,
633 1405 900 1440 succedentibus
928 1405 977 1439 uti
1004 1405 1170 1439 cederent
1204 1404 1413 1450 hospitibus,
1448 1402 1517 1436 alio
1549 1413 1586 1437 se
1618 1402 1766 1448 impigre
1793 1403 2065 1439 transferebant.

436 1468 568 1502 Locum
600 1468 649 1502 ita
679 1472 824 1514 repente
850 1479 871 1502 a
906 1468 979 1502 suis
1019 1467 1197 1502 desertum
1244 1465 1502 1501 habitatoribus
1528 1464 1642 1499 visum
1680 1468 1734 1499 est
1767 1465 1882 1511 ipsum
1911 1465 2068 1501 divinum

436 1538 564 1562 numen
601 1527 714 1562 Sociis
749 1528 963 1574 assignasse.
1004 1529 1297 1576 Quandoquidem
1337 1530 1446 1576 igitur
1477 1528 1661 1563 Palatinus
1702 1530 1935 1565 certissimum
1966 1530 2060 1576 regis

436 1590 618 1635 imperium
646 1601 707 1635 per
726 1590 981 1624 contumaciam
1001 1591 1210 1637 negligeret,
1232 1592 1297 1638 ipsi
1325 1593 1567 1639 exequendum
1598 1605 1659 1639 per
1691 1605 1768 1629 sese
1793 1594 1887 1630 Socii
1919 1606 2065 1631 censue-

435 1659 544 1686 runt:
570 1653 622 1686 usi
649 1652 799 1686 maxime
826 1653 861 1686 in
888 1652 1030 1697 negotio
1059 1665 1166 1698 opera
1193 1654 1268 1699 ejus
1287 1655 1342 1688 sui
1369 1655 1562 1696 Francisci‚
1600 1655 1752 1690 Castello
1784 1656 1960 1691 Praefecti.
1985 1657 2065 1703 Ipse

436 1717 574 1748 nostros
600 1713 635 1747 in
664 1713 830 1748 aedieulas
852 1725 874 1748 a
892 1714 1024 1748 civibus
1051 1714 1191 1749 relictas
1228 1715 1421 1750 introduxit
1446 1716 1615 1762 hospites,
1638 1717 1826 1763 fanumque
1857 1717 1946 1751 illud
1972 1717 2068 1752 divo-

435 1787 512 1809 rum
526 1775 775 1822 Apostolorum
795 1776 845 1810 eis
864 1776 1016 1822 aperuit,
1036 1777 1267 1823 nequicquam
1286 1777 1471 1812 Photianis
1490 1789 1567 1812 cum
1587 1778 1750 1813 Palatino
1769 1779 2061 1825 repugnantibus.

436 1839 593 1885 Purgato
622 1840 781 1880 delubro,
805 1840 939 1885 riteque
966 1840 1118 1886 expiato,
1149 1840 1269 1886 primis
1297 1840 1333 1874 in
1363 1851 1404 1875 eo
1433 1839 1556 1874 hostiis
1576 1840 1650 1874 Deo
1669 1840 1718 1875 VI
1748 1852 1858 1876 nonas
1886 1841 2063 1887 quintiles,

438 1900 493 1936 die
523 1902 747 1937 Beatissimae
777 1902 919 1948 Virgini
946 1913 1059 1943 sacro,
1082 1902 1296 1947 perlitatum.

483 1963 618 1998 Aderat
649 1963 846 1998 celebritati
877 1975 987 1998 sacrae
1014 1968 1144 2010 praeter
1176 1964 1264 1998 alios
1296 1962 1450 1998 Palatini
1478 1964 1617 2010 conjnx,
1648 1969 1804 2000 materna
1830 1976 1874 2000 ex
1900 1965 2063 2000 illustris-

434 2026 521 2061 sima
551 2026 775 2074 VVoynarum
793 2026 939 2067 familia,
962 2026 1089 2061 cultrix
1108 2026 1288 2072 religionis
1307 2025 1489 2061 catholicae
1507 2026 1815 2068 constantissiina;
1839 2027 1914 2061 haec
1934 2026 2061 2062 deinde

434 2089 523 2123 clam
555 2101 618 2124 suo
646 2089 771 2124 marito
799 2089 871 2123 suis
890 2089 963 2135 ipsa
991 2089 1114 2134 opibus
1140 2088 1316 2134 hospitum
1342 2088 1495 2133 inopiam
1514 2089 1746 2124 sustentabat.
1768 2089 1881 2134 AEgre
1908 2089 2062 2124 malevo-

433 2151 574 2185 lentiam
609 2151 773 2186 Palatino
801 2159 835 2186 et
862 2150 1085 2185 Rutenorum
1116 2151 1277 2196 episcopo
1305 2149 1617 2189 dissimulantibus,
1655 2150 1851 2196 complures
1886 2163 1967 2186 mox
2001 2150 2061 2185 alii

433 2225 475 2248 ex
495 2212 616 2247 eadem
642 2212 823 2259 provincia
842 2212 963 2252 coorti,
985 2216 1097 2246 coetus
1125 2224 1206 2246 suos
1233 2211 1401 2246 adversus
1420 2212 1576 2246 Jesuitas
1603 2212 1798 2258 cogebant;
1833 2213 2063 2259 omnibusque

434 2276 525 2310 inter
551 2286 588 2309 se
619 2274 934 2309 consultationibus
962 2274 1062 2308 novis
1094 2274 1218 2309 incolis
1253 2273 1448 2320 coquebant
1482 2273 1694 2319 perniciem;
1732 2286 1776 2308 ne
1807 2274 1889 2320 quid
1920 2275 2060 2310 interim

433 2337 616 2377 auderent,
640 2336 916 2383 prohibebantur
945 2336 1116 2382 tantisper
1143 2342 1235 2371 metu
1263 2336 1441 2383 principis,
1459 2347 1537 2369 eum
1565 2335 1655 2370 inter
1687 2336 1761 2370 inec
1787 2348 1867 2371 ecce
1887 2337 1949 2371 tibi
1971 2337 2064 2373 dele-

434 2406 554 2450 gatum
589 2413 610 2436 a
646 2412 728 2446 rege
765 2405 1040 2446 proquaestorem
1081 2399 1267 2439 Limaniae,
1305 2399 1528 2433 Theodorum
1559 2399 1788 2441 Skuminum;
1822 2401 1880 2445 qui
1920 2405 2058 2436 nostros

435 2464 634 2511 inspiceret,
656 2474 722 2509 quo
750 2463 824 2497 loco
845 2463 1056 2497 domicilium
1085 2462 1120 2496 in
1151 2461 1278 2507 oppido
1310 2466 1578 2507 compararent:
1602 2462 1700 2507 cujus
1730 2462 1803 2507 opis
1822 2466 1969 2507 egerent
1991 2475 1996 2497 :
2033 2463 2062 2497 si

437 2526 619 2573 quicquam
657 2525 780 2570 coeptis
815 2525 888 2559 suis
922 2525 1087 2560 officeret.
1126 2523 1333 2569 Assignatur
1366 2535 1427 2568 per
1463 2523 1610 2558 eundem
1648 2523 1847 2569 peramplus
1883 2524 2057 2559 domicilio
