2184 2953
272 405 333 433 1617

269 791 395 818 Malevoli

270 832 404 866 scriptoris

269 870 413 897 calumniae.

319 1709 350 1735 313

270 1749 376 1775 Sincera

269 1788 327 1814 laus
340 1788 398 1814 viri.

271 2423 349 2449 Pueri
361 2423 388 2448 et

267 2461 413 2487 adolescen-

267 2501 313 2526 tis.

442 310 501 341 250
828 309 1101 339 LITUANICARUM
1126 308 1337 337 SOCIETATIS
1358 308 1442 337 JESU
1467 309 1715 338 HISTORIARUM

441 401 620 440 historico,
660 412 728 435 non
760 401 919 435 omnibus
949 399 1160 446 aequissimo,
1192 410 1270 444 quae
1305 410 1347 434 ex
1378 399 1491 434 animo
1521 411 1582 434 suo
1618 400 1652 434 in
1689 400 1745 435 his
1781 400 1853 435 suis
1881 400 2061 447 praeclaris

439 462 718 509 hypomnematis
749 463 915 498 Societati
946 466 1075 496 nostrae
1105 461 1254 507 aspersit
1286 462 1379 507 (pag.
1410 462 1511 508 358),
1538 461 1687 496 libenter
1714 462 1979 497 condonamus:
2003 463 2064 498 sed

439 530 560 559 nostra
594 537 701 560 causa
735 525 830 571 carpi
865 524 965 564 alios,
999 535 1125 569 eosque
1158 523 1252 558 viros
1292 523 1540 565 sanctissimos,
1583 524 1673 569 quis,
1704 524 1821 570 justus
1853 524 2060 565 aestimator,

440 587 611 622 sustineat
629 587 642 621 *2
662 587 825 621 Morosus
853 587 932 620 huic
951 586 1041 620 bono
1062 585 1222 631 scriptori
1241 585 1388 626 Bobola,
1412 588 1591 631 promotus
1623 586 1667 620 ad
1686 585 1772 620 illud
1791 585 1940 620 officium
1960 585 2065 633 (regii

440 649 683 695 praefecturam
713 647 872 693 cubiculi)
891 647 1084 693 patrocinio
1105 647 1324 682 sacerdotum
1356 647 1541 682 Societatis
1573 647 1660 682 Jesu
1684 660 1690 681 ι
1713 647 1803 692 quod
1830 647 1900 682 illis
1926 648 1962 682 in
1981 659 2052 682 om-

441 711 544 745 nibus
572 711 784 746 consentiret
803 723 809 751 ;
832 710 923 744 unde
943 710 1079 755 utrique
1099 709 1284 755 conjuncta
1303 720 1410 755 opera
1433 709 1467 742 in
1486 709 1631 755 privatis
1660 708 1857 755 colloquiis,
1879 709 2062 755 quaeipsis

443 784 580 819 semper
610 773 805 819 patebant:
835 772 1063 806 sollicitantes
1098 782 1218 817 regem
1245 771 1334 805 adeo
1363 771 1656 810 constrinxerant,
1696 776 1732 805 ut
1765 771 1881 805 omnia
1906 771 2061 816 ipsorum

441 835 595 870 consiliis
615 838 748 881 ageret,
769 838 803 868 et
821 834 1011 868 aulicorum
1031 845 1111 880 spes
1139 837 1174 868 et
1191 844 1286 867 curae
1304 843 1374 867 non
1394 832 1460 866 nisi
1490 832 1534 867 ab
1553 844 1674 867 eorum
1700 832 1820 867 favore
1845 833 2059 879 penderent;

441 898 522 943 quin
551 902 585 933 et
613 898 648 932 in
670 896 817 943 publicis
836 896 986 942 negotiis
1004 895 1061 930 isti
1090 895 1339 940 suggerebant,
1362 894 1445 940 quid
1476 906 1538 929 rex
1565 895 1780 936 decerneret,
1808 899 1905 930 tanto
1940 895 2063 942 majori

440 959 644 1005 reipublicae
691 958 858 1005 periculo,
898 957 990 1003 quod
1028 957 1074 991 ad
1108 956 1307 1003 hujusmodi
1347 956 1620 992 familiaritatem
1655 957 1749 1002 regis
1784 957 2054 992 assumebantur

440 1022 646 1068 (praesertim
685 1021 863 1056 confessor
898 1025 931 1055 et
968 1019 1202 1064 concionator)
1233 1029 1254 1052 a
1290 1018 1419 1052 scholis
1449 1018 1504 1053 vel
1539 1030 1560 1053 a
1594 1019 1807 1064 magisteriis
1849 1019 2058 1054 novitiorum

439 1085 681 1130 religiosorum
696 1082 828 1129 (quales
843 1082 975 1117 scilicet
989 1086 1090 1116 erant
1111 1081 1250 1126 Skarga
1274 1084 1307 1114 et
1333 1080 1634 1127 Varszevickiusl)
1650 1092 1765 1115 rerum
1787 1088 1821 1116 et
1841 1085 1952 1116 status
1971 1081 2058 1127 poli-

439 1147 497 1181 tiae
516 1157 658 1192 prorsus
678 1148 859 1190 expertes:
877 1144 1022 1189 haecque
1035 1154 1141 1178 causa
1161 1142 1263 1176 unica
1282 1142 1345 1176 suit
1374 1153 1546 1182 errorum,
1577 1154 1647 1177 non
1665 1143 1698 1176 in
1720 1142 1920 1178 domesticis
1951 1143 2063 1177 solum

439 1208 500 1243 sed
519 1212 552 1242 et
579 1207 613 1241 in
632 1206 778 1253 publicis
794 1219 800 1240 :
819 1205 1068 1246 111111050111015,
1086 1205 1230 1239 sueticis
1248 1204 1479 1249 livonicisque
1498 1205 1592 1250 regis
1611 1204 1683 1251 (cur
1702 1216 1769 1239 non
1789 1205 1895 1239 etiam
1911 1205 2011 1251 regni
2027 1208 2061 1239 et

439 1269 620 1315 religionis
640 1273 673 1304 et
692 1268 814 1303 salutis
833 1268 971 1308 civium,
995 1267 1123 1301 addere
1141 1266 1221 1300 huic
1240 1266 1366 1312 placuit
1376 1266 1401 1311 ἲ)
1412 1265 1629 1307 rationibus3
1652 1270 1686 1301 et
1706 1271 1822 1301 tamen
1850 1278 1938 1313 pene
1957 1267 2063 1301 sacri-

438 1332 520 1378 legii
541 1332 668 1366 crimen
688 1330 888 1376 putabatur,
911 1330 939 1364 si
958 1330 1034 1376 quis
1054 1341 1173 1364 eorum
1192 1329 1284 1363 dicta
1302 1328 1460 1374 factaque
1482 1328 1778 1374 reprehendisset,
1801 1333 1835 1363 et
1850 1329 1990 1369 nemini,
2004 1328 2062 1375 qui

440 1407 508 1429 non
523 1394 607 1440 ipsis
623 1393 864 1440 applauderet,
883 1392 993 1426 facilis
1004 1391 1049 1425 ad
1067 1390 1274 1436 dignitatem
1290 1389 1405 1423 aditus
1420 1390 1575 1436 patebat.
1599 1391 1668 1425 Sed
1680 1391 1888 1425 remiserant
1901 1390 2060 1436 aliquan-

438 1462 511 1492 tum
531 1457 615 1490 illud
646 1455 881 1501 supercilium,
904 1454 1033 1489 amisso
1054 1454 1120 1488 isto
1140 1453 1288 1492 Bobola,
1310 1452 1399 1487 tanti
1419 1452 1557 1487 artificii
1577 1453 1703 1498 aptiori
1730 1453 1974 1487 instrumento.

488 1519 542 1553 lta
561 1518 691 1552 scilicet
709 1517 766 1563 pio
785 1517 866 1551 huic
885 1516 1055 1551 sacerdoti
1075 1520 1109 1550 ct
1132 1515 1290 1550 studioso
1309 1514 1467 1549 veritatis
1481 1513 1660 1552 historico,
1682 1517 1715 1547 et
1734 1525 1796 1548 rex
1810 1512 2056 1559 Sigismundus

438 1581 654 1627 imprudens,
685 1580 783 1626 cujus
806 1583 921 1614 tamen
946 1579 1153 1625 sapientiam
1182 1578 1293 1612 omnis
1322 1577 1442 1611 laudat
1473 1575 1695 1622 laudabitque
1714 1576 1916 1621 posteritas;
1943 1580 1977 1610 et
1991 1576 2057 1610 iste

439 1642 586 1683 Bobola,
613 1642 715 1676 homo
734 1642 841 1675 rudis.
858 1652 1030 1681 morosus,
1043 1641 1258 1675 Jesuitarum
1276 1640 1411 1685 (nempe
1432 1637 1654 1677 confessoris,
1672 1638 1787 1672 nescio
1807 1639 1918 1684 cujus,
1932 1642 2057 1672 010011-

439 1703 627 1738 cionatoris
648 1703 744 1738 Petri
763 1703 895 1737 scilicet
914 1702 1065 1747 Skarga,
1087 1701 1239 1736 hominis
1254 1705 1290 1735 ut
1308 1701 1483 1736 haereticis
1503 1702 1551 1736 sic
1568 1701 1753 1736 Piaseckio
1768 1702 1879 1745 invisi)
1908 1714 1968 1737 seu
1995 1713 2057 1736 au-

443 1767 603 1801 ctoritate
622 1765 695 1800 sive
713 1765 841 1799 astutia
861 1764 1013 1810 adjutus,
1036 1763 1173 1797 efficere
1191 1766 1325 1797 tantum
1345 1764 1468 1809 potuit,
1496 1768 1664 1809 quantum
1684 1763 1814 1804 damni,
1838 1775 1920 1809 rege
1948 1764 2057 1809 Sigis-

441 1828 585 1867 mundo,
605 1827 640 1861 in
673 1826 776 1861 rebus
807 1825 961 1864 sueticis,
992 1825 1186 1864 moschicis‚
1214 1825 1373 1860 livonicis
1398 1824 1519 1860 fecerit
1539 1825 1699 1860 Polonia.
1734 1825 1805 1861 Sed
1832 1826 2055 1860 Piaseckium

438 1890 558 1924 malim
584 1901 626 1924 ex
656 1889 749 1928 aliis,
779 1900 883 1934 quam
913 1899 956 1922 ex
982 1888 1058 1922 istis
1085 1887 1222 1933 scriptis
1256 1888 1327 1922 suis
1354 1891 1447 1922 amet
1466 1887 1607 1927 veritas,
1634 1887 1823 1933 laudetque
1852 1888 2053 1934 posteritas.

439 1951 596 1987 Certiora
616 1954 696 1985 sunt
722 1950 843 1991 multo,
873 1962 951 1995 quae
982 1950 1057 1984 sine
1089 1949 1160 1984 ulla
1190 1961 1299 1995 prava
1327 1950 1433 1984 animi
1466 1949 1663 1990 affectione,
1686 1954 1816 1996 praeter
1847 1950 1935 1985 alios
1967 1950 2055 1985 bene

438 2013 577 2054 multos,
600 2013 643 2048 de
662 2013 727 2047 hoc
743 2013 817 2047 viro
838 2011 987 2058 inclytus
1006 2011 1065 2046 ille
1084 2012 1241 2046 veritatis
1261 2011 1385 2052 cultor,
1412 2023 1431 2046 e
1475 2011 1651 2046 Societate
1684 2016 1804 2046 nostra
1832 2012 2055 2047 concionator

438 2075 631 2110 Matthaeus
650 2074 803 2109 Bembus
822 2074 868 2120 (1),
890 2077 924 2108 et
942 2073 1053 2107 civilis
1073 2078 1191 2107 orator
1209 2073 1359 2119 politicae
1379 2073 1630 2108 scientissimus
1650 2073 1747 2114 civis,
1761 2073 1916 2108 Jacobus
1936 2073 2055 2108 Szcza-

438 2137 609 2177 vinskius,
632 2148 721 2171 anno
749 2137 841 2172 1616
872 2147 1003 2182 praeses
1035 2135 1254 2170 comitiorum
1287 2135 1387 2180 regni
1421 2135 1651 2181 generalium,
1682 2146 1763 2169 mox
1795 2135 2056 2181 Cujaviensium

438 2200 627 2246 palatinus,
649 2200 685 2234 in
711 2200 832 2234 sunere
861 2198 935 2244 ejus
962 2198 1187 2233 celeberrimo
1218 2197 1463 2243 praedicarunt.
1497 2198 1536 2231 In
1567 2197 1649 2231 aula
1675 2197 1825 2231 <Ioannis
1857 2197 2055 2232 Tarnovski

440 2261 722 2295 Cracoviensium
741 2260 898 2306 praefecti
916 2259 1111 2300 castellani,
1134 2260 1347 2294 exercituum
1372 2259 1530 2294 Poloniae
1558 2259 1668 2299 ducis,
1691 2259 1850 2293 Andreas
1870 2259 2055 2304 pueritiam

434 2324 654 2369 juventutem
669 2324 704 2358 in
718 2324 810 2358 3111ῐο
824 2323 932 2369 regiae
948 2322 1069 2357 officiis
1083 2323 1176 2369 apud
1192 2322 1454 2368 Sigismundum
1473 2321 1673 2367 Augustum
1687 2321 1855 2355 exercuit.
1876 2320 2056 2366 Stephano

438 2386 609 2421 Bathorio
629 2386 795 2420 adversus
814 2389 887 2419 tum
906 2385 1121 2419 Moscovitas
1139 2388 1212 2418 tum
1230 2383 1426 2430 perduelles
1446 2382 1582 2418 Gedani
1600 2383 1787 2417 haereticos
1820 2381 1985 2417 ductabat
1999 2394 2054 2417 co-

438 2448 514 2495 pias
533 2446 688 2493 signifer.
721 2447 944 2492 Sigismundo
961 2448 1010 2481 Ill
1031 2447 1142 2481 virum
1168 2447 1293 2492 pietaS,
1325 2445 1478 2480 charitas
1509 2445 1646 2491 patriae,
1672 2445 1870 2490 prudentia,
1902 2445 2049 2490 aequitas

479 2517 516 2554 (1)
540 2517 572 2544 V.
592 2517 757 2545 concionem
774 2517 865 2550 hujus,
884 2525 943 2551 (111ae
956 2516 1120 2544 inscribitur
1139 2525 1143 2541 z
1170 2514 1318 2541 Vizernnck
1333 2510 1488 2542 Sztaclzcica
1504 2513 1660 2548 Polskieyo.
