2184 2953
663 297 768 325 LIBER
794 297 926 325 PRIMUS
948 297 1156 333 <mezi-1570).
1679 295 1716 325 41

116 389 191 435 ipse
206 391 281 423 erat
295 398 386 422 anno
406 387 497 423 1555
510 387 712 422 translatus.
730 388 867 422 Primus
877 387 1031 432 Collegio
1047 387 1230 432 praefectus
1245 386 1440 421 Stanislaus
1461 386 1720 421 Varszevickius

115 449 205 485 idem
223 449 280 484 hic
300 450 421 484 domus
441 453 567 490 rector,
589 449 679 483 idem
694 450 915 484 concionator
934 449 968 482 in
983 449 1110 494 templo
1127 449 1206 483 Divi
1217 449 1365 483 Joannis
1382 448 1514 483 curiali.
1530 448 1721 494 Collegium

110 512 184 558 jam
197 515 270 546 tum
288 511 465 546 constabat
480 522 498 545 e
515 511 625 545 Sociis
653 523 713 546 sex
732 522 835 556 supra
849 510 987 555 viginti.
1008 510 1150 545 Menses
1170 522 1274 556 prope
1294 510 1379 544 duos
1399 514 1628 544 commoratus
1647 510 1721 544 Vil-

116 585 171 607 nae
189 573 347 618 Magius;
370 573 536 606 institutis
552 573 616 607 rite
632 572 758 607 novelli
777 572 879 606 rebus
899 571 1058 616 Collegii,
1080 571 1219 613 ibidem,
1238 571 1399 617 quamdiu
1417 575 1584 612 maneret,
1602 571 1722 605 diebus

117 638 198 680 quot
215 634 311 670 festis
332 635 376 668 ad
396 634 515 673 Italos,
537 635 632 669 urbis
664 635 765 680 hujus
782 633 927 674 incolas,
954 633 1178 668 concionatus
1196 646 1203 674 ;
1240 633 1363 668 Sextili
1381 637 1541 673 exeunte,
1574 633 1610 666 in
1628 633 1724 667 Var-

116 696 232 736 miam‚
254 696 332 730 inde
352 696 546 742 Augustam
565 696 827 731 Vindelicorum
846 695 949 729 rediit
967 707 974 735 ;
1005 706 1045 729 eo
1069 706 1178 740 usque
1204 699 1382 740 carpento,
1404 694 1494 740 quod
1512 694 1639 728 viatori
1665 695 1724 728 do-

115 761 216 792 narat
235 757 430 803 episcopus,
452 761 582 799 vectus,
605 770 625 792 a
645 769 681 792 re
700 757 824 791 viatica
842 756 987 801 largiter
1005 756 1048 790 ab
1067 757 1187 791 eodem
1214 757 1367 791 munitus
1389 769 1396 798 ;
1418 760 1545 802 praeter
1562 756 1722 795 famulos,

116 830 184 853 uno
204 830 246 853 ex
266 819 462 853 honorariis
479 819 569 853 aulae
578 819 765 864 pontificiae
784 818 923 853 asseclis
943 817 1228 853 comitante.Non
1247 818 1374 859 omnia,
1387 829 1464 864 quae
1481 818 1584 858 domi,
1598 829 1675 863 quae
1690 818 1726 851 in

116 880 256 926 templo,
278 884 312 915 et
329 892 407 926 quae
427 881 462 915 in
480 881 608 915 scholis
628 881 840 916 instituenda
859 885 988 923 essent,
1009 881 1161 926 hospites
1180 880 1366 914 Vilnenses
1385 879 1620 925 dispexerant,
1649 890 1726 913 cum

117 942 160 977 ab
175 942 362 982 haereticis,
381 942 463 988 quid
478 943 535 977 isti
548 942 715 977 doctrinae
734 947 766 976 et
781 943 907 977 artium
926 943 1085 977 Lituanis
1099 941 1297 976 attulissent
1315 941 1459 975 advenae
1473 943 1724 986 pertentantur.

166 1004 307 1038 Primus
326 1004 361 1037 id
375 1004 608 1049 periclitatum
626 1004 732 1044 venit,
755 1004 856 1039 homo
872 1005 1084 1045 cerebrosus,
1106 1014 1259 1050 pugnax,
1281 1006 1432 1037 sectator
1451 1002 1586 1036 Calvini
1612 1002 1725 1047 perdi-

124 1068 191 1106 tus,
221 1064 376 1100 Andreas
408 1065 584 1107 Volanus;
615 1078 681 1111 quo
711 1066 885 1112 palatinus
910 1066 1128 1101 Vilnensium
1146 1076 1277 1111 praeses
1295 1065 1330 1098 in
1348 1064 1429 1098 aula
1442 1075 1506 1098 sua
1523 1063 1727 1098 familiarius

120 1126 293 1161 utebatur.
315 1126 382 1161 Hic
402 1138 479 1161 cum
505 1126 647 1162 Andrea
675 1127 843 1167 Tricesio‚
863 1128 985 1163 audaci
1008 1139 1105 1173 aeque
1124 1131 1332 1172 versutoque
1352 1125 1482 1166 rabula,
1502 1130 1536 1160 et
1555 1125 1727 1160 Calvinia-

120 1199 243 1222 norum
263 1188 586 1234 Luteranorumque
605 1189 712 1223 multo
731 1201 851 1235 grege,
880 1189 1073 1235 Collegium
1091 1189 1163 1223 adit
1183 1201 1189 1222 :
1212 1188 1359 1233 superbe
1380 1188 1496 1222 nescio
1515 1187 1596 1232 quid
1614 1187 1730 1222 statim

123 1250 159 1285 in
176 1250 294 1285 limine
309 1250 543 1296 iracundeque
566 1251 743 1296 praefatus,
766 1251 921 1296 hospites
949 1255 1111 1296 provocat
1137 1250 1182 1284 ad
1212 1248 1457 1283 scholasticum
1486 1252 1662 1284 certamen
1687 1248 1729 1282 de

123 1312 301 1358 religionis
321 1312 502 1347 catholicae
520 1312 686 1353 veritate;
708 1312 849 1358 objectis
867 1312 983 1351 certis,
1000 1312 1034 1345 in
1056 1311 1176 1357 primis
1195 1310 1237 1345 de
1257 1315 1472 1345 sacramento
1496 1310 1618 1344 altaris
1636 1321 1730 1355 quae-

122 1373 303 1408 stionibus.
321 1374 402 1409 Non
420 1374 567 1419 ignavos
587 1374 730 1408 offendit
743 1373 814 1414 ille,
838 1384 949 1419 neque
968 1373 1012 1407 ab
1031 1373 1136 1407 armis
1159 1373 1360 1418 imparatos.
1383 1372 1425 1406 In
1443 1372 1563 1406 eodem
1584 1371 1731 1417 vestigio

122 1435 306 1481 quaerimus
326 1448 331 1470 :
359 1451 373 1464 a
396 1446 441 1470 an
459 1435 539 1469 boni
557 1447 658 1469 novae
672 1434 859 1479 theologia}
878 1434 1049 1479 magistri,
1071 1434 1107 1468 in
1120 1433 1175 1468 his
1193 1434 1325 1480 utique,
1344 1445 1421 1479 quae
1438 1432 1548 1467 sancti
1565 1431 1732 1467 Ecclesiae

126 1511 140 1525 a
160 1497 283 1532 Patres
302 1498 476 1537 docerent,
494 1497 597 1532 fidem
614 1497 811 1531 habendam
830 1499 990 1542 putarent
998 1497 1011 1530 ’ἔ
1027 1495 1200 1530 affirmant
1220 1496 1350 1541 utique.
1367 1513 1382 1526 „
1401 1495 1496 1540 Ergo
1514 1494 1728 1540 proluditur;

124 1558 316 1594 afferuntur
329 1559 408 1594 libri
423 1572 430 1600 3
453 1559 634 1594 sententiae
653 1562 802 1604 patrum,
824 1557 1013 1603 Augustini
1031 1558 1067 1592 in
1081 1558 1200 1603 primis
1220 1562 1254 1593 et
1270 1556 1459 1597 Ambrosii,
1476 1560 1727 1602 proponuntur.

125 1621 265 1667 Objecta
283 1632 340 1655 res
355 1621 538 1666 argutulis,
559 1631 660 1666 quam
680 1620 746 1666 ipsi
763 1619 904 1659 vellent,
925 1619 1152 1660 luculentior;
1177 1619 1297 1653 eadem
1315 1619 1528 1664 argumentis
1549 1618 1731 1652 confirma-

123 1686 191 1718 tur.
214 1683 361 1729 Obloqui
382 1684 540 1729 quaedam
554 1683 606 1716 illi
620 1694 715 1717 more
730 1694 803 1722 SUO,
822 1685 856 1716 et
874 1693 916 1716 ex
932 1681 996 1715 alio
1013 1681 1048 1715 in
1070 1680 1165 1715 aliud
1193 1680 1362 1714 saltitare.
1392 1680 1555 1719 Confusa,
1585 1684 1619 1714 et
1647 1679 1730 1724 ipsis

124 1744 435 1790 versutiloquoruin
468 1743 620 1790 strophis
650 1743 826 1789 perplexa,
859 1754 899 1777 ac
926 1743 998 1777 sine
1026 1742 1165 1776 arbitris
1192 1741 1360 1776 velitatio.
1388 1741 1634 1776 Provocandos
1652 1740 1732 1774 inde

125 1807 261 1841 omnino
289 1807 476 1841 censebant
507 1806 590 1840 socii
608 1805 821 1850 gladiatores
840 1805 922 1839 istos
949 1805 984 1838 in
1010 1814 1174 1844 arenam;
1199 1807 1272 1837 tum
1299 1802 1532 1848 infringendae
1558 1802 1632 1847 ejus
1660 1813 1733 1836 suae

126 1867 278 1902 audaeiae
305 1879 422 1907 causa,
455 1871 527 1902 tum
559 1866 679 1912 populi
709 1865 834 1907 fidelis,
869 1878 969 1911 quem
989 1865 1045 1900 isti
1068 1865 1291 1905 lacesserent,
1319 1863 1556 1898 confirmandi.
1580 1863 1734 1898 Selectas

126 1928 242 1975 itaque
260 1941 302 1964 ex
321 1930 482 1964 universa
500 1929 690 1974 theologia,
712 1927 869 1973 interque
897 1939 956 1962 eas
986 1928 1028 1962 de
1057 1938 1140 1962 vera
1167 1925 1321 1972 corporis
1347 1929 1381 1960 et
1409 1925 1589 1970 sanguinis
1608 1924 1735 1959 Christi

127 1992 190 2026 sub
211 1992 388 2038 speciebus
403 1991 503 2038 panis
523 1995 556 2026 et
581 1991 651 2025 vini
677 1991 713 2025 in
742 1994 957 2025 sacramento
977 1989 1097 2024 altaris
1115 1989 1312 2035 praesentia,
1344 1987 1546 2029 sententias,
1578 1987 1736 2022 omnibus

127 2052 241 2099 palam
272 2053 555 2099 propugnandas,
589 2064 607 2088 e
638 2053 768 2087 foribus
796 2052 914 2097 templi
945 2062 1130 2097 appensas,
1158 2051 1422 2085 invitamentum
1444 2049 1736 2095 praetereuntibus

131 2113 306 2158 objiciunt.
328 2114 380 2148 Ea
402 2114 580 2160 provocati
603 2114 691 2154 dica,
721 2117 842 2148 octavo
865 2113 920 2147 die
940 2112 1019 2146 inde
1050 2123 1086 2146 se
1117 2116 1332 2147 commovent
1359 2111 1529 2152 haeretici,
1559 2115 1660 2156 atque
1693 2111 1737 2145 ad

130 2177 353 2222 pugnandum
375 2178 445 2212 suis
464 2177 627 2212 succincti
654 2177 760 2212 armis
790 2174 1054 2220 conglobantur.
1077 2174 1206 2208 Joanni
1238 2173 1343 2214 Haio,
1371 2177 1475 2218 gente
1508 2172 1623 2213 Scoto,
1652 2173 1736 2207 artis

132 2238 313 2273 rhetoricze
343 2240 524 2285 magistro,
554 2238 886 2285 propugnandarum
912 2236 1063 2271 thesium
1089 2235 1207 2270 datum
1233 2236 1423 2281 negotium,
1447 2234 1620 2270 Stanislao
1646 2234 1735 2268 Var-

131 2299 255 2334 sevicio
283 2304 317 2335 et
335 2300 532 2335 Baltassare
560 2300 752 2334 Hostovino
772 2299 989 2346 prassidibus.
1012 2297 1066 2331 Ad
1090 2298 1303 2343 propositum
1334 2301 1508 2332 certamen
1534 2296 1739 2342 frequentis-

134 2360 210 2394 simi
228 2360 334 2400 cives,
357 2361 550 2406 complures
565 2360 734 2400 haeretici,
757 2359 855 2405 quasi
874 2359 947 2394 dies
966 2359 993 2393 si
1012 2359 1103 2392 dicta
1122 2359 1209 2393 foret
1228 2359 1399 2400 omnibus,
1417 2358 1654 2393 convolarunt.
1674 2357 1740 2392 Sed

136 2421 371 2456 controversia
388 2422 500 2456 omnis
511 2422 601 2456 inter
615 2420 708 2466 ipsos
719 2420 850 2460 Socios,
864 2420 927 2454 hos
942 2424 1198 2465 oppugnantes,
1213 2420 1437 2455 defendentes
1448 2419 1539 2460 illos,
1552 2423 1740 2457 transacta;

134 2492 233 2516 nemo
246 2482 494 2518 haereticorum
513 2494 602 2517 unus
617 2493 652 2517 se
668 2482 843 2527 ingerere.
865 2493 905 2515 ac
927 2493 970 2516 ne
990 2481 1122 2515 hiscere
1140 2481 1278 2526 quidem
1297 2486 1349 2516 est
1371 2492 1477 2516 ausus
1499 2492 1505 2514 :
1532 2480 1580 2516 ita
1598 2493 1661 2515 sua
1680 2491 1740 2514 au—

1621 2544 1635 2565 (j

1748 392 1813 418 1570

1747 454 1837 480 Primu

1748 493 1860 527 Collegii

1750 533 1833 558 rector

1751 573 1868 599 Varsevi-

1749 612 1813 638 cius.

1751 742 1854 776 Magius

1751 781 1820 807 redit
1842 782 1867 807 in

1750 820 1855 846 Germa-

1753 866 1833 885 mam.
1854 893 1856 915 ι

1848 909 1859 950 ῚῚ1

1813 1004 1852 1030 23.

1755 1036 1838 1063 Vilnae
1851 1045 1902 1063 cer-

1753 1082 1842 1104 tamen
1849 1078 1901 1111 pri*

1754 1125 1824 1143 mum
1843 1126 1900 1143 cum

1754 1157 1890 1183 haereticis
