2184 2953
209 396 269 421 1581

208 435 290 460 Locus
300 434 343 459 do-

207 473 302 499 micilio
314 482 355 499 as—

208 519 337 552 signatur.

207 749 333 777 Possevi-

208 797 258 814 nus
275 788 332 813 adit

206 827 331 854 Moscovi-

206 875 258 893 am.

208 906 355 932 Difficultas

206 946 319 972 itineris

206 1375 354 1402 Difficultas

207 1415 311 1442 itineris

207 1454 355 1480 Moseoviti-

206 1503 237 1521 ci.

218 2173 354 2208 Magnifice

215 2216 331 2249 Legatus

217 2261 355 2288 excipitur.

380 296 419 327 94
750 295 1023 325 LITUANICARUM
1049 295 1258 323 sorJETiles
1280 295 1365 324 JESU
1390 293 1640 322 flisTonlfflun

383 390 479 435 rique
499 391 767 435 oppugnarent:
790 391 893 433 atque
922 389 1114 432 opportune
1146 384 1297 430 quidem,
1323 384 1425 418 Duna
1452 383 1613 417 videlicet
1640 393 1754 416 arcem
1781 382 2002 420 interfluente

382 455 416 486 et
440 463 515 485 eam
544 450 719 489 insulam;
754 454 886 484 mutato
917 451 1105 494 propterea
1132 447 1287 486 consilio,
1310 450 1459 481 castrum
1492 445 1582 479 inter
1609 449 1643 479 et
1674 444 1800 484 forum,
1823 446 2000 491 regionem

382 513 498 559 oppidi
519 523 607 546 novo
631 511 804 545 domicilio
831 510 992 556 princeps
1020 508 1226 543 determinat
1246 522 1253 549 ;
1278 507 1496 552 aedilemque,
1520 506 1577 552 qui
1597 517 1669 540 rem
1696 506 1876 540 Sociorum
1899 518 2003 553 quam

383 573 650 620 diligentissime
676 575 850 619 procuret,
873 570 1099 605 Franciscum
1118 571 1204 610 Zuk,
1226 572 1317 606 arcis
1337 581 1410 604 sure
1431 570 1622 609 custodem,
1639 569 1749 614 jubet.

432 638 643 674 possevinus
664 638 756 677 inde,
778 635 977 682 perlaturus
997 645 1039 669 ea
1067 633 1103 666 in
1122 632 1352 673 Moscoviam,
1374 645 1452 679 quae
1480 633 1545 667 sibi
1571 632 1736 667 Pontifex
1766 633 2001 673 commiserat,

383 701 598 747 propositum
622 711 699 734 cum
719 698 830 733 Sociis
857 698 1038 743 ingressus
1056 699 1109 730 est
1129 695 1212 736 item
1241 696 1393 741 acceptis
1410 707 1431 730 a
1448 707 1532 741 rege
1560 696 1603 730 ad
1632 696 1817 742 praefectos
1845 695 1946 730 Orsae
1971 699 2006 731 et

385 763 618 797 Dombrovnae
647 760 870 796 castellorum
897 757 1190 794 commendatitiis
1224 756 1361 794 litteris,
1382 762 1415 792 et
1443 758 1629 803 prodromo
1660 769 1721 803 per
1753 769 1810 792 eas
1842 758 2005 803 regiones

383 825 525 865 Basilio,
560 824 769 859 Cosacorum
800 821 1023 862 nostratium,
1058 819 1336 854 voluntariorum
1372 821 1533 859 militum,
1570 820 1758 866 primipilo.
1794 821 1899 855 Haud
1933 821 2007 856 sine

383 899 499 934 operae
526 886 637 933 pretio
665 885 751 919 illud
780 884 842 918 fuit
870 895 969 918 suum
997 883 1130 918 homini
1157 883 1331 924 officium;
1354 895 1375 918 a
1395 883 1580 918 photianis
1607 894 1730 929 nempe
1758 883 1949 923 erroribus,
1973 884 2008 918 in

383 949 506 994 quibus
534 947 645 982 adhuc
672 946 815 992 ignarus
846 945 1067 992 versabatur,
1105 945 1148 979 ad
1184 944 1387 990 religionem
1421 944 1629 979 catholicam
1668 956 1728 990 per
1760 945 2005 987 Possevinum,

382 1011 463 1045 dum
499 1010 564 1045 iter
591 1010 756 1049 facerent,
792 1011 966 1042 revocato.
1001 1007 1225 1042 Transmisso
1260 1007 1304 1041 ab
1341 1008 1430 1042 Orsa
1459 1007 1695 1053 Borysthene,
1731 1007 2006 1048 Dombrovnam,

381 1075 461 1109 inde
488 1073 531 1107 ad
560 1073 667 1118 ipsos,
702 1071 827 1117 quibus
858 1070 1024 1115 regiones
1052 1070 1293 1104 Moscoviticae
1322 1081 1343 1104 a
1371 1070 1566 1104 Lituanicis
1602 1069 1849 1115 sejunguntur,
1879 1069 2009 1104 limites

381 1139 534 1171 ventum.
557 1134 704 1169 Relictis
734 1133 795 1173 ibi,
813 1132 872 1178 qui
903 1132 998 1178 ipsos
1030 1131 1185 1177 praesidii
1212 1142 1318 1165 causa
1348 1141 1388 1165 eo
1421 1130 1663 1169 deduxerant,
1697 1130 1872 1175 equitibus
1894 1129 2003 1176 (quod

383 1198 603 1238 verebantur,
624 1209 667 1232 ne
686 1209 707 1231 a
734 1195 904 1235 Moschis,
928 1194 1123 1229 continenti
1151 1192 1376 1239 populatione
1405 1203 1511 1237 agros
1537 1191 1752 1226 Polonorum
1772 1192 2004 1233 vastantibus,

383 1258 631 1305 caederentur),
663 1258 754 1292 viam
774 1269 878 1304 porro
907 1257 1062 1292 inierunt
1089 1254 1313 1290 deterrimam
1340 1257 1373 1289 et
1391 1252 1600 1288 lutulentam
1628 1253 1768 1299 oppido,
1796 1265 1859 1299 per
1890 1253 2009 1300 sylvas

382 1320 653 1360 inextricabiles,
670 1319 781 1370 *ramis
800 1322 967 1365 perpetuo
987 1318 1137 1364 quodam
1158 1328 1249 1351 nexu
1269 1316 1359 1350 inter
1386 1326 1423 1349 se
1452 1314 1501 1349 ita
1528 1314 1716 1361 colligatis,
1739 1319 1776 1349 ut
1794 1315 1851 1349 via
1878 1315 2008 1361 passim

382 1383 571 1430 aperienda
589 1385 683 1417 esset
701 1381 893 1421 securibus,
911 1392 1103 1426 currusque
1123 1390 1216 1425 saepe
1235 1377 1397 1412 manibus
1416 1388 1478 1423 per
1500 1376 1669 1423 uliginem
1689 1377 1895 1417 trahendus,
1915 1388 2008 1423 saepe

383 1446 537 1482 humeris
556 1445 659 1480 etiam
684 1442 960 1478 transferendus.
980 1443 1020 1476 In
1041 1454 1082 1477 ea
1102 1440 1238 1476 itineris
1271 1438 1473 1473 difficultate
1491 1438 1718 1479 luctantibus,
1741 1441 2009 1484 vesperascente

378 1509 451 1555 jam
482 1507 583 1548 coelo,
623 1517 732 1552 eoque
764 1505 917 1545 turbido,
947 1505 1024 1539 loco
1052 1503 1199 1550 palustri
1232 1506 1335 1548 atque
1363 1501 1506 1547 insuper
1533 1501 1658 1541 obsito,
1680 1501 1714 1534 in
1744 1500 1830 1546 ipsis
1857 1500 2009 1534 ferarum

385 1571 556 1608 cubilibus
583 1571 680 1616 quies
707 1569 912 1614 defatigatis
931 1568 1135 1614 corporibus
1154 1570 1230 1602 erat
1248 1564 1450 1612 quaerenda,
1473 1563 1633 1608 quodque
1661 1562 1936 1602 formidolosius,
1958 1561 2010 1595 in-

383 1640 436 1671 ter
463 1635 556 1681 ipsos
582 1633 757 1673 latrone&
788 1631 1077 1667 concursantibus
1097 1630 1187 1664 ultro
1207 1629 1363 1673 citroque
1385 1629 1420 1660 et
1438 1624 1706 1659 vociferantibus
1736 1624 1890 1664 Cosacis,
1918 1635 2010 1669 prae-

384 1697 532 1733 donibus
552 1694 821 1729 immanissimis.
840 1694 1087 1729 pernoctatum
1108 1692 1224 1736 itaque
1245 1690 1334 1724 inter
1348 1700 1389 1724 ea
1403 1689 1471 1723 loci
1487 1700 1555 1723 non
1571 1687 1871 1734 tranquillissime.
1890 1687 2010 1722 Primo

385 1760 500 1795 statim
521 1757 686 1797 diluculO,
699 1756 915 1790 insomnibus
934 1755 1075 1790 omnino
1096 1752 1349 1798 complutisque
1369 1751 1521 1786 occurrit
1535 1762 1613 1785 cum
1632 1750 1807 1795 equitibus
1827 1750 2012 1795 sexaginta

386 1826 419 1858 ot
438 1820 637 1869 patentibus
656 1818 738 1853 fidei
761 1818 910 1864 publicae
934 1817 1061 1852 litteris
1088 1815 1297 1850 Theodorus
1326 1812 1610 1848 Pachionleimus
1628 1812 1781 1857 legionis
1809 1812 2007 1857 praefectus,

385 1896 406 1919 a
424 1883 604 1918 Moscovia
624 1881 748 1915 missus
766 1880 918 1914 obviam.
948 1879 1167 1914 Intellectum
1187 1880 1240 1911 est
1259 1876 1409 1916 demum,
1431 1874 1536 1909 certis
1556 1874 1657 1908 Orsae
1687 1878 1748 1908 aut
1775 1874 2010 1909 Dombrovnae

385 1944 657 1992 praestolandum
676 1942 781 1976 fuisse
800 1941 931 1975 nuntiis
951 1941 992 1975 de
1012 1941 1164 1975 adventu
1184 1938 1258 1983 ejus
1289 1936 1466 1982 praesidii;
1502 1936 1537 1970 id
1565 1935 1657 1981 quod
1685 1935 1729 1969 ad
1762 1935 1913 1969 confinia
1941 1935 2011 1969 dux

386 2008 458 2054 ipse
478 2010 605 2052 priesto
630 2005 783 2039 futurum
809 2002 1029 2049 promiserat.
1052 2001 1128 2035 Hoc
1152 1998 1259 2044 septis
1291 1997 1470 2037 comitam,
1493 2000 1617 2031 octavo
1646 1996 1723 2031 idus
1752 1996 1906 2037 sextiles,
1930 2007 2006 2030 cum

385 2083 406 2106 a
425 2070 597 2105 moenibus
616 2067 808 2103 Smolensci
826 2066 965 2112 longius
992 2066 1159 2100 abessent
1186 2062 1313 2100 adhuc,
1334 2071 1396 2105 per
1421 2058 1633 2092 subornatos
1666 2057 1906 2104 exploratores
1937 2069 2009 2091 mo-

386 2133 462 2172 niti,
484 2131 666 2166 effundunt
689 2140 725 2163 se
750 2128 888 2162 obviam
918 2139 960 2162 ex
985 2126 1071 2160 urbe
1098 2124 1232 2170 equites
1258 2120 1438 2156 honorarii
1466 2120 1698 2165 quadrageni,
1721 2119 1859 2154 seriscis
1890 2130 2010 2154 omnes

387 2194 561 2239 fulgentes
589 2195 623 2226 et
658 2202 763 2229 auro,
807 2190 893 2223 duce
928 2188 1064 2222 Joanne
1103 2184 1359 2222 AbramowicZ,
1393 2182 1465 2216 filio
1498 2181 1658 2227 praesidis
1694 2180 2011 2216 Smolenscensium

389 2255 556 2291 Palatini.
575 2255 620 2294 Is,
642 2257 679 2287 ut
699 2253 739 2286 ad
768 2263 893 2297 equum
923 2249 1226 2284 conscendendum
1246 2245 1406 2281 invitavit
1422 2241 1618 2278 Romanuin
1639 2243 1823 2289 Legatum,
1846 2241 2010 2276 continuo

389 2321 566 2366 parentem
594 2318 734 2350 excusat
754 2325 866 2353 suum,
888 2312 980 2358 quod
1010 2322 1078 2344 non
1105 2314 1139 2345 et
1159 2310 1232 2355 ipse
1252 2308 1389 2342 obviam
1410 2305 1591 2352 prodierit,
1614 2316 1726 2350 neque
1753 2304 1844 2339 enim
1872 2303 1937 2337 sibi
1957 2303 2012 2337 vel

388 2381 510 2427 pedem
539 2390 580 2413 ex
608 2388 687 2411 arce
716 2375 854 2415 efferre,
885 2385 961 2408 esse
989 2373 1178 2419 integrum.
1202 2372 1291 2406 Tum
1320 2371 1361 2404 de
1390 2371 1555 2416 Gregorii
1587 2370 1768 2405 Pontificis
1794 2368 2009 2409 valetudine,

388 2447 499 2491 deque
535 2443 671 2479 itinere,
706 2444 743 2475 ut
767 2439 949 2474 habuisset
975 2438 1207 2477 commodum,
1243 2436 1455 2474 sciscitatus,
1490 2434 1525 2468 in
1551 2433 1673 2468 urbem
1700 2438 1802 2479 atque
1832 2433 1868 2466 in
1896 2444 2012 2467 arcem

390 2510 493 2545 etiam
521 2508 600 2553 (quo
627 2505 742 2540 aditus
772 2502 872 2542 nulli,
907 2514 952 2536 ne
979 2500 1132 2536 Romani
1165 2498 1301 2545 quidem
1345 2496 1585 2542 Imperatoris,
1619 2495 1756 2541 quicum
1783 2495 1935 2530 sanctior
1961 2497 2013 2529 est
