2184 2953
276 904 339 932 1561

275 1088 368 1154 Turblae
387 1127 422 1154 ci-

274 1167 347 1196 viles.

276 1991 363 2028 Nexus
386 2001 421 2028 ci-

276 2038 345 2065 vilis.

563 609 781 649 RELIQUA
805 609 1035 650 RELIQUIS
1053 611 1209 648 HUJUS
1229 611 1417 648 SAECULI
1437 613 1617 650 NOSTRI
1638 614 1787 652 ANNIS
1806 616 1972 652 GESTA.

1077 761 1500 787 wma—

529 934 644 959 ATALE
663 923 707 958 ad
727 922 876 958 salutem
907 922 1110 969 reipublicae
1142 934 1291 969 regnum
1322 924 1472 959 Joannis
1492 925 1653 961 Casimiri
1684 929 1820 974 tempus
1851 929 1991 964 omnino
2015 941 2072 965 ex-

555 986 653 1033 plere
677 997 777 1020 suum
808 986 940 1027 debuit,
968 986 1061 1020 vices
1094 986 1219 1021 deindo
1238 998 1320 1022 suas
1344 988 1483 1022 fortuna
1502 988 1706 1024 clementius
1725 990 1897 1026 variante.
1931 992 2011 1026 Jam
2030 1004 2072 1027 ex

554 1050 645 1085 omni
664 1050 818 1084 hostium
844 1060 989 1084 numero
1009 1049 1075 1095 ipsi
1093 1050 1166 1085 fere
1184 1049 1410 1085 Moschorum
1431 1051 1603 1086 exercitus
1624 1052 1848 1098 superabant,
1870 1064 1889 1088 e
1908 1053 2071 1088 Lituania

450 1115 484 1148 et
503 1112 635 1147 Russia
662 1112 833 1147 Polonica
859 1111 1055 1147 emovendi.
1077 1111 1191 1158 Atque
1210 1124 1288 1147 cum
1306 1113 1360 1148 his
1384 1113 1525 1160 quidem
1544 1124 1638 1159 saepe
1665 1118 1860 1160 pugnatum
1877 1127 2044 1162 prospere
2061 1129 2069 1157 ;

449 1175 729 1221 debellatumque
741 1175 817 1221 jam
834 1174 940 1209 hodie
962 1175 1099 1216 fuisset,
1127 1175 1196 1210 nisi
1216 1174 1402 1216 discordia,
1424 1180 1569 1222 repento
1589 1177 1680 1212 inter
1700 1178 1793 1212 cives
1809 1181 1942 1219 coorta,
1963 1178 2072 1214 facta-

448 1249 516 1285 que
545 1249 567 1273 a
601 1249 685 1284 rege
705 1237 869 1276 secessio,
891 1237 1063 1271 bonorum
1081 1237 1227 1272 consilia
1255 1237 1380 1272 ducum
1399 1243 1614 1285 conatusque
1632 1239 1786 1286 reliquos
1812 1240 2066 1286 praecidissent.

448 1300 573 1336 Causae
593 1299 706 1335 civilis
736 1299 882 1340 dissidii,
905 1310 992 1345 quas
1014 1299 1086 1334 suis
1101 1299 1138 1334 in
1164 1300 1349 1335 annalibus
1377 1306 1624 1337 commemorat
1641 1302 1844 1338 Kochovius
1875 1303 1921 1350 (1),
1944 1307 2067 1339 erant:

447 1364 630 1400 consilium
648 1363 757 1409 regis,
788 1363 825 1397 in
843 1362 993 1398 comitiis
1012 1363 1117 1398 etiam
1149 1363 1374 1408 generalibus
1393 1365 1620 1410 propositum,
1651 1365 1694 1400 de
1720 1365 1874 1400 muneris
1898 1365 1951 1400 sui
1982 1366 2071 1412 regii

449 1427 620 1474 adjutore,
643 1427 781 1473 quicum
800 1436 1001 1461 communes
1020 1425 1086 1460 sibi
1104 1424 1218 1461 forent
1248 1426 1398 1472 publicae
1425 1427 1475 1462 rei
1495 1439 1601 1469 curte,
1631 1427 1712 1462 dum
1730 1428 1805 1474 ipse
1823 1427 1957 1463 viveret
1973 1427 2070 1473 vige-

447 1494 580 1538 retque,
602 1491 762 1536 idemque
780 1492 917 1524 mortuo
937 1488 1003 1523 sibi
1022 1488 1056 1522 in
1071 1487 1185 1523 locum
1205 1489 1420 1529 succederet,
1454 1490 1680 1536 providenter
1698 1490 1758 1525 illo
1777 1494 1981 1536 matureque
2004 1490 2068 1525 eli-

447 1553 584 1599 gendo,
621 1564 657 1587 se
686 1551 858 1598 tantisper
888 1550 1093 1585 inclinatam
1125 1551 1318 1586 sustinente
1348 1551 1619 1598 rempublicam:
1654 1555 1826 1598 praeterea
1857 1553 2068 1588 exhaustum

446 1616 553 1662 regiis
571 1614 820 1661 largitionibus
840 1617 873 1648 et
901 1612 1076 1648 solvendis
1104 1612 1285 1658 stipendiis
1316 1614 1500 1655 zerarium3
1522 1613 1672 1660 indeque
1699 1614 1889 1649 adulterini
1919 1627 1962 1650 ex
1979 1626 2070 1650 nova

447 1681 588 1713 moneta
603 1677 734 1712 nummi
749 1677 797 1723 (2),
821 1675 941 1722 cuprci
955 1674 1018 1715 illi,
1036 1675 1140 1710 invisi
1155 1675 1269 1710 adhuc
1288 1675 1384 1721 genti
1404 1687 1490 1717 suae,
1512 1676 1678 1711 trientes:
1702 1677 1837 1712 dirutus
1857 1688 1928 1712 aere
1946 1677 2067 1712 miles:

446 1741 581 1787 reginae
617 1739 766 1785 denique
800 1738 958 1779 ambitio,
993 1741 1028 1772 et
1063 1737 1180 1772 nescio
1213 1750 1290 1783 quae
1313 1737 1526 1772 machinatio
1557 1738 1755 1784 perniciosa
1784 1740 1924 1786 juribus
1956 1739 2070 1785 gentis

446 1803 580 1839 liberae.
615 1803 681 1837 His
714 1802 815 1848 quasi
844 1801 978 1835 facibus
1009 1800 1183 1846 principes
1214 1800 1376 1835 factionis
1407 1803 1441 1835 et
1467 1804 1637 1846 pertaesos
1668 1801 1843 1836 diuturnae
1862 1801 2071 1836 calamitatis

448 1865 553 1907 cives,
576 1868 832 1912 proptereaque
865 1874 991 1898 exosos
1018 1862 1194 1896 fortunam
1221 1862 1329 1908 regis,
1352 1865 1385 1896 et
1403 1861 1525 1898 fideles
1557 1863 1688 1909 pariter
1706 1864 1886 1899 ministros
1905 1864 2072 1911 principis

447 1926 493 1961 ad
525 1926 756 1962 secessionem
791 1929 826 1960 et
848 1925 970 1960 turbas
1003 1923 1278 1959 inflammarunt.
1320 1923 1432 1961 Quam
1465 1914 1758 1969 conspirationem
1789 1924 1929 1959 nomine
1960 1923 2072 1959 civilis

447 2000 559 2025 nexus
588 1990 778 2024 honestant
807 1986 978 2022 historici.
1012 1985 1068 2021 Ad
1099 1985 1284 2031 sexaginta
1307 1985 1456 2031 amplius
1475 1984 1584 2019 millia
1608 1985 1705 2020 brevi
1723 1986 1894 2021 conflatus
1912 1986 2071 2032 conjura-

450 2056 565 2088 torum
584 2052 769 2093 exercitus,
792 2050 890 2096 isque
910 2049 1092 2096 geminus:
1115 2048 1205 2083 alter
1222 2048 1258 2082 in
1286 2047 1447 2088 Polonia,
1477 2047 1513 2081 in
1532 2047 1697 2082 Lituania
1716 2047 1824 2088 altcr;
1846 2060 1924 2083 cum
1950 2060 2071 2094 regem

450 2116 649 2164 Stephanus
685 2112 918 2150 Czarneckius
945 2111 1100 2152 Russiae,
1138 2114 1172 2146 et
1203 2110 1335 2145 Paulus
1366 2109 1517 2156 Sapieha
1550 2110 1785 2153 Vilnensium,
1815 2111 1972 2157 palatini,
2002 2123 2070 2146 non

446 2180 597 2215 inaximo
617 2178 756 2225 quidem
771 2176 821 2211 illi
843 2174 1020 2222 praesidio,
1039 2173 1231 2209 satellitum
1259 2172 1390 2208 scilicet
1418 2172 1531 2208 minus
1549 2178 1697 2219 quatuor
1711 2173 1879 2215 millibus,
1902 2173 1965 2208 sed
1994 2173 2071 2208 vir-

446 2246 521 2278 tute
536 2246 570 2278 et
588 2241 656 2277 fidc
675 2240 854 2288 praecipua
868 2241 1064 2273 tuerentur.
1084 2236 1150 2271 His
1170 2235 1355 2271 comitatus
1374 2247 1447 2277 rex,
1473 2235 1606 2281 aliquot
1632 2237 1758 2272 deinde
1777 2240 1901 2272 auctus
1920 2236 2070 2271 cohorti-

446 2307 525 2349 bus,
548 2305 735 2341 exturbare
753 2303 890 2338 hostem
912 2313 955 2337 ex
974 2298 1123 2347 oppidis,
1141 2302 1175 2334 et
1195 2299 1429 2333 intermissam
1454 2300 1617 2346 persequi
1635 2300 1828 2335 victoriam.
1850 2299 2072 2346 Resipiscere

449 2368 596 2408 subinde
626 2366 812 2413 conjurati,
835 2368 869 2400 et
892 2364 927 2398 in
960 2363 1111 2409 gratiam
1136 2362 1301 2409 principis
1332 2361 1504 2408 fidemque
1530 2362 1658 2398 redire.
1690 2363 1802 2402 Quam
1833 2362 1891 2398 diu
1919 2375 1975 2398 res
1994 2375 2070 2398 cum

446 2434 561 2473 hoste,
580 2431 616 2465 in
636 2429 711 2465 acie
732 2427 894 2468 maxime,
916 2430 989 2460 tam
1007 2425 1068 2460 diu
1086 2424 1137 2459 illi
1156 2424 1300 2459 ducibus
1327 2425 1400 2459 suis
1416 2425 1666 2471 obsequentes:
1689 2425 1777 2460 alias
1795 2437 1817 2460 a
1834 2437 1919 2472 rege
1937 2424 2066 2467 aversi,

445 2506 557 2542 neque
574 2494 667 2529 inter
685 2503 722 2527 se
739 2488 1016 2526 concordissimi.
1034 2488 1203 2535 Recepta}
1218 2488 1307 2523 inter
1322 2487 1397 2523 haec
1414 2488 1519 2523 urbes
1534 2488 1742 2530 Lituanicae‚
1760 2488 1795 2523 in
1811 2487 1930 2534 primis
1947 2486 2065 2523 Vilna.

485 2563 532 2605 (1)
555 2564 683 2593 Climact.
702 2561 730 2595 2,
744 2559 795 2591 lib.
811 2558 870 2588 vu.
890 2574 930 2579 -
944 2555 991 2596 (9)
1018 2554 1144 2586 Auctore
1161 2557 1296 2593 Tymphio
1313 2561 1430 2588 monetae
1447 2559 1587 2594 praerecto.
