2184 2953
436 291 496 323 346
800 290 1071 319 LITUANICARUM
1096 289 1309 319 SOCIETATIS
1331 290 1415 320 JESU
1439 290 1691 321 HISTORIARUM

264 398 327 425 1649
435 383 558 418 matris
574 394 647 418 suae
667 383 852 418 Societatis
871 383 892 418 J
897 394 971 423 6611,
990 382 1081 429 quod
1099 382 1283 429 religionis
1306 382 1490 417 catholicae
1508 394 1616 418 causa
1635 383 1784 419 extorris
1803 383 1931 430 patria,
1942 383 2058 430 Baby-

263 438 410 504 Mrgfiffissus
435 446 515 480 lone
534 445 595 479 illa
614 445 793 485 haeretica,
816 445 940 479 salutis
960 448 1103 479 aeternae
1128 456 1269 479 securus
1288 448 1495 480 moreretur.

263 487 375 544 fimi-ime
494 507 773 553 Regiomontum
789 507 904 541 aditus
915 507 1361 546 nostris‚lutheranicorum
1371 507 1521 541 maxime
1529 506 1710 541 fraudibus
1725 506 1976 547 ministrorum,
1987 510 2063 542 erat

261 556 392 624 ἓξὲξ-μ’
436 569 649 604 obstructus.
672 569 874 604 Patefactus
894 573 946 603 est
965 569 1101 603 demum
1121 569 1266 603 consilio
1285 569 1435 604 maxime
1455 569 1588 614 reginae
1621 568 1834 603 Polonorum
1855 568 2055 604 Ludovicae.

322 637 359 684 '36
435 631 537 666 Missi
551 632 596 666 ad
615 643 691 667 eam
715 632 891 666 civitatem
911 631 1110 665 sacerdotes
1129 631 1280 676 quinque
1296 643 1314 666 e
1334 631 1488 676 Collegio
1507 631 1791 678 Brunsbergensi
1812 643 1818 665 2
1848 631 1950 677 primi
1969 631 2059 666 inter

261 681 400 744 ξῖξζῗὸο,
435 706 495 729 606
514 695 668 730 Michael
684 696 811 730 Radau
834 700 867 730 et
880 695 1038 729 Andreas
1053 695 1260 729 ZienievicZ.
1280 696 1359 741 Ipso
1375 695 1441 729 1100
1456 696 1622 741 temporis
1638 680 1750 740 spatio
1766 697 1833 740 (an.
1857 696 1958 741 1649)
1974 696 2058 731 isto-

261 759 359 784 010111111
388 793 393 799 ,
434 769 604 792 rumcura
614 758 658 792 ad
667 758 863 793 Ecclesiam
882 769 903 792 a
915 761 1009 792 secta
1020 757 1241 792 lutheranica
1255 757 1515 792 revocatimille
1526 756 1794 803 amplius.Inter
1808 769 1949 803 ea,quae
1968 758 2061 793 domi

260 804 339 863 pig-era
354 795 406 820 uti·
433 824 532 855 erant
562 820 687 860 tristia,
722 820 914 866 jucundum
944 820 1091 859 accedit,
1118 819 1210 865 quod
1237 831 1258 853 a
1299 819 1444 854 Perside
1476 831 1538 865 per
1570 819 1770 854 Lituaniam
1797 820 1981 855 reveniens
2012 820 2058 855 ad

433 882 595 928 patriam,
618 882 904 917 Nesvisiensibus
920 882 1049 916 nostris
1070 882 1225 916 narravit
1246 882 1487 916 missionarius
1507 894 1525 917 e
1545 882 1719 917 Societate
1744 882 1913 923 Gallicus,
1944 883 2056 918 Fran-

324 954 355 979 37
432 944 544 978 ciscus
560 944 760 979 Ricardius.
783 945 954 990 Legatum
974 955 995 978 a
1016 943 1196 989 republica
1211 943 1370 978 Poloniae
1390 944 1436 990 (1),
1459 943 1654 990 Hispahani
1674 944 1708 977 in
1739 944 1894 990 principe
1922 945 2057 980 Persiae

257 995 390 1066 Νέἲξὲῗέθ
431 1007 529 1047 urbe,
551 1011 731 1053 acceptum
747 1018 824 1042 esse
843 1018 906 1052 pro
926 1006 1041 1052 gentis
1060 1005 1240 1052 utriusque
1260 1006 1446 1052 dignitate.
1470 1006 1669 1041 Secundum
1688 1006 1830 1052 publica
1857 1018 1920 1042 sua
1948 1019 2056 1053 nego-

256 1050 333 1107 16103
430 1068 492 1109 tia,
510 1080 643 1110 orasse,
663 1069 852 1103 catholicos
868 1068 1082 1107 sacerdotes,
1103 1068 1308 1103 nominatim
1323 1068 1492 1109 Jesuitas,
1513 1068 1634 1103 inferri
1650 1072 1687 1103 111
1701 1068 1823 1104 liceret
1833 1069 1869 1103 in
1881 1069 2053 1111 Persiam,

256 1120 380 1146 Nesvisii.
429 1135 532 1176 atque
552 1131 751 1177 Hispahani
770 1131 876 1166 etiam
895 1143 901 1165 2
923 1130 1022 1176 regia
1043 1141 1107 1164 sua
1126 1130 1345 1176 benignitate
1377 1143 1517 1166 securos
1544 1131 1704 1167 habitare
1724 1145 1729 1166 :
1766 1131 1916 1166 donasse
1934 1132 1969 1166 id
1987 1132 2054 1166 Po-

426 1192 520 1227 lonae
546 1193 749 1239 reipublicae
777 1204 898 1239 regem
931 1192 1115 1227 Persicum
1144 1204 1212 1226 non
1240 1196 1408 1238 gravate:
1443 1193 1563 1228 datum
1594 1193 1712 1239 legato
1736 1194 1902 1240 diploma,
1932 1194 1966 1228 in
1987 1205 2054 1240 quo

425 1254 553 1289 fundus
574 1256 678 1289 etiam
698 1255 901 1301 assignatus
922 1258 1014 1289 esset
1033 1254 1229 1300 Hispaliani
1249 1254 1431 1289 condendo
1456 1255 1651 1301 hospitibus
1683 1255 1870 1291 domicilio.
1903 1256 2054 1291 Habitus

426 1318 530 1352 etiam
545 1318 636 1352 inter
653 1318 731 1352 haec
750 1317 868 1351 divino
889 1317 975 1351 Jesu
996 1317 1125 1350 nomini
1140 1317 1252 1351 honos
1268 1329 1273 1351 :
1296 1317 1432 1362 quoties
1448 1318 1661 1353 nominanda
1680 1322 1753 1353 erat
1771 1319 1928 1354 Societas
1951 1319 2050 1359 Jesu,

424 1379 527 1414 toties
547 1379 633 1414 illud
653 1379 770 1414 aureis
787 1379 821 1412 in
842 1378 1032 1424 diplomate
1048 1379 1214 1424 scriptum
1233 1378 1373 1413 litteris.
1399 1379 1491 1414 Socii
1511 1391 1649 1427 quoque
1660 1381 1802 1415 novisin
1815 1380 2051 1426 eodemdiplo-

423 1445 516 1476 mate
532 1441 645 1475 ornati
664 1440 807 1475 laudum
822 1440 933 1475 titulis
948 1440 1069 1485 quales
1090 1444 1190 1475 erant
1217 1440 1267 1474 illi
1287 1453 1293 1475 ι
1316 1441 1475 1476 homines
1507 1442 1565 1476 isti
1596 1443 1794 1488 comprimis
1822 1442 1926 1483 docti,
1960 1441 2050 1477 Socii

424 1504 615 1549 majestatis
634 1503 655 1537 J
661 1514 732 1538 esu.
754 1503 787 1537 Is
804 1502 944 1548 obliquo
964 1502 1089 1537 itinere
1115 1502 1251 1537 delatus
1277 1514 1297 1537 a
1322 1503 1469 1538 Perside
1501 1504 1655 1544 nuntius,
1685 1505 1742 1550 qui
1775 1505 1908 1540 scilicet
1921 1504 2052 1539 faceret

424 1576 520 1611 spem
540 1565 654 1611 gentis
672 1565 746 1611 ejus
765 1568 836 1599 tam
852 1564 978 1610 amplae
993 1564 1038 1598 ad
1057 1564 1204 1610 populos
1224 1564 1297 1599 veri
1325 1565 1478 1600 numinis
1498 1565 1652 1601 cultores
1670 1567 1926 1613 aggregandee,
1961 1578 2051 1612 prae-

260 916 324 943 1650

317 1659 349 1684 38
425 1627 515 1662 senti
532 1627 733 1662 calamitate
748 1627 976 1661 moerentibus
998 1626 1033 1660 id
1047 1627 1199 1672 aspersit
1214 1626 1343 1661 solatii.

251 1698 280 1724 P.
291 1698 397 1725 Berenti
474 1689 712 1735 Brunsbergae
731 1690 838 1724 vitam
853 1701 931 1723 cum
945 1692 1069 1730 morte,
1088 1689 1161 1724 sive
1180 1692 1291 1723 morte
1310 1688 1425 1734 potius
1444 1700 1521 1722 cum
1549 1688 1621 1723 vita
1651 1689 1866 1734 sempiterna
1898 1701 2050 1725 commu-

251 1738 375 1772 e¹⁰gi¹¹¹¹¹'
424 1753 512 1787 tavit
532 1753 573 1786 P.
593 1753 712 1787 Simon
733 1752 920 1792 Berentus,
944 1752 1135 1791 prutenus,
1158 1762 1250 1785 anno
1270 1751 1395 1785 salutis
1411 1751 1515 1791 1649,
1537 1751 1652 1785 aetatis
1673 1752 1732 1792 44,
1758 1751 1862 1786 XVII
1879 1752 2050 1788 kalendas
2086 1769 2089 1772 ⁴

251 1827 381 1860 Magister
418 1815 520 1861 junii.
543 1814 760 1849 Adolescens
780 1825 951 1848 annorum
968 1812 1165 1858 quindecim
1178 1813 1251 1847 Deo
1263 1813 1341 1847 sein
1360 1813 1534 1847 Societate
1549 1813 1771 1859 mancipavit.
1789 1813 1884 1849 Bene
1900 1826 1949 1854 66,
1963 1814 2050 1850 bene

250 1867 398 1932 ΞΞῙῘῙΕῙἛΟΠ-
424 1888 480 1911 res
499 1876 610 1922 gessit
629 1887 709 1910 suas
728 1876 763 1910 in
783 1875 943 1910 omnibus
958 1874 1093 1915 officiis,
1116 1875 1189 1909 sive
1209 1886 1286 1909 cum
1306 1874 1444 1909 scholas
1463 1875 1674 1915 institueret,
1706 1875 1902 1910 litterarum
1926 1876 2047 1911 huma-

250 1945 375 1971 cionator.
424 1938 562 1972 niorum
581 1937 682 1977 alias,
704 1937 793 1972 alias
810 1937 1025 1972 severiorum
1045 1937 1236 1982 magister:
1259 1937 1331 1971 sive
1351 1948 1429 1971 cum
1460 1936 1625 1982 populum
1654 1937 1794 1972 doceret
1827 1937 2048 1973 concionator

251 1985 389 2050 {siffis-iona-
423 2012 534 2035 annos
558 2001 778 2035 continenter
797 1999 978 2034 duodecim
998 2011 1003 2033 :
1027 1999 1100 2034 sive
1119 2011 1197 2034 cum
1224 1998 1330 2033 saluti
1364 1999 1509 2033 aliorum
1534 1999 1680 2033 serviret
1711 2011 1823 2034 annos
1856 2000 2042 2041 sexdecim,

423 2063 458 2096 in
478 2062 613 2108 oppidis
628 2062 717 2096 alias
737 2067 770 2097 et
785 2062 899 2108 pagis,
923 2061 1012 2095 alias
1026 2061 1061 2094 in
1080 2061 1182 2101 aulis,
1206 2061 1353 2106 primum
1384 2060 1522 2106 quidem
1554 2061 1646 2106 apud
1679 2072 1844 2107 magnum
1872 2062 2046 2097 Lituaniae

250 2112 398 2179 ᾘῖῗῗὲζὲῃὲ
424 2124 672 2159 cancellarium
687 2123 926 2158 Alexandrum
947 2122 1174 2163 Radivillum,
1191 2122 1285 2168 apud
1300 2123 1434 2168 regium
1443 2123 1607 2168 deinceps
1623 2124 1827 2169 principem,
1841 2135 2044 2169 germanum

249 2193 342 2227 princi·
423 2187 567 2221 ι1011111116
600 2186 758 2220 Casimiri
789 2186 934 2219 fratrem
965 2184 1172 2219 Albertuni:
1207 2184 1287 2219 huic
1318 2184 1478 2218 nationes
1514 2185 1639 2219 visenti
1671 2190 1808 2220 exteras
1849 2197 1964 2221 comes
2001 2186 2044 2220 ab

250 2232 397 2297 HQI’HRZ
420 2249 645 2295 Sigismnndo
665 2260 750 2294 rege
766 2259 968 2294 morumque
997 2248 1166 2293 magister
1197 2247 1349 2288 additus,
1372 2252 1405 2281 et.
1424 2248 1585 2281 reductor
1604 2248 1668 2281 suit
1686 2248 1722 2282 in
1738 2249 1898 2294 patriam,
1918 2253 1951 2284 et
1963 2260 2043 2283 mox

250 2311 351 2338 Alberti
421 2323 442 2346 a
460 2310 745 2357 peregrinatione
760 2310 935 2349 morienti,
957 2309 1172 2344 adolescenti
1183 2321 1355 2343 annorum
1371 2309 1581 2354 quindecim,
1601 2314 1717 2344 custos
1731 2310 1772 2344 ad
1785 2310 1866 2344 vitae
1881 2310 2043 2345 exodium

250 2351 398 2424 ῗὲῶξέἑῖῗ
420 2376 649 2419 perattentus.
686 2374 822 2408 Praeter
853 2373 941 2407 alias
973 2376 1065 2407 artes
1098 2372 1270 2417 ingenuas
1294 2371 1434 2405 musicis
1454 2370 1518 2405 fuit
1538 2372 1694 2417 apprime
1714 2372 1882 2407 eruditus.
1906 2373 2042 2407 Lauda-

250 2430 366 2457 Musicus
420 2436 522 2470 batur
557 2434 601 2468 ab
631 2434 729 2469 Italis
761 2435 864 2469 etiam
890 2446 948 2469 ars
978 2434 1014 2468 in
1042 2434 1144 2469 editis
1175 2445 1196 2467 a
1215 2433 1356 2468 Simone
1378 2433 1477 2467 libris
1510 2434 1784 2480 symphoniacis,
1815 2435 2040 2480 carminaque

250 2471 352 2497 amfeX‘
459 2505 500 2541 (1)
516 2503 660 2539 Regnante
676 2504 765 2531 adhuc
782 2503 934 2532 Vlatlislao.
955 2503 1057 2531 Nuntio
1073 2511 1173 2532 nomen
1191 2503 1266 2531 Illicz
1284 2504 1310 2530 in
1326 2503 1448 2531 Historia
1466 2504 1564 2532 doinus
1579 2502 1781 2532 Nesvisiensis.
