2184 2953
620 293 725 320 LIBER
750 292 904 326 QUINTUS
925 292 1136 331 (tono-1610).
1667 288 1726 320 257

113 382 372 428 sempiternam.
396 383 527 419 Eodem
547 384 634 418 abiit
664 383 959 429 religiosissimus,
990 388 1025 419 et
1043 384 1078 418 in
1097 383 1216 429 primis
1236 383 1391 418 eruditus
1410 383 1475 422 vir,
1497 383 1538 416 P.
1570 382 1726 416 Lauren-

111 443 179 477 tius
198 444 358 485 Boierus‚
382 450 485 491 gente
506 446 651 487 Suecus,
682 446 795 492 patria
813 445 1118 487 Stokholmiensis,
1148 446 1293 491 poetica}
1320 444 1404 478 artis
1423 444 1544 478 laurea
1563 444 1724 489 insignis,

110 515 202 538 anno
239 506 354 540 {etatis
392 507 558 553 vigesimo
591 512 625 542 et
660 512 784 553 quarto
820 507 854 542 in
891 507 1099 542 Societatem
1134 511 1298 553 acceptus
1328 519 1335 546 ;
1370 505 1485 540 docuit
1516 506 1724 540 rhetoricam

110 569 143 600 et
181 567 354 612 poeticam
397 579 507 603 annos
552 581 690 610 novem,
730 569 1010 604 mathematicam
1046 569 1224 615 professus
1272 568 1471 609 triennium,
1511 567 1724 613 theologiam

109 627 314 673 polemicam
346 641 453 665 annos
480 631 623 677 aliquot.

159 690 342 725 Varsaviae
389 693 555 738 templum
598 694 790 736 Sociorum,
829 695 1066 741 imperfectum
1109 694 1223 728 adhuc
1259 694 1444 733 introrsus,
1476 703 1568 727 anno
1616 693 1721 732 1620,

108 751 180 785 XII
228 752 402 787 kalendas
435 754 651 796 decembres,
690 757 908 792 occasionem
939 756 1115 802 aperiendi
1147 759 1290 790 eventus
1323 755 1417 789 dedit
1464 754 1630 800 tragicus.
1670 754 1724 788 Ad

109 813 218 847 aedem
249 815 442 860 proximam
457 816 547 850 beati
566 817 586 851 J
591 818 729 857 oannis,
752 831 854 864 quam
875 822 998 853 vocant
1017 817 1261 863 collegiatam,
1283 828 1343 851 rex
1363 820 1396 851 et
1414 827 1576 862 proceres
1602 816 1724 851 diebus

108 874 203 910 festis
224 877 494 912 conventabant.
517 878 717 913 praeclusus
741 880 770 914 is
798 879 914 914 aditus
941 880 1175 915 ecclesiastico
1196 879 1394 920 interdicto,
1416 882 1558 925 propter
1575 878 1725 913 immane

108 936 250 972 crimen.
274 938 371 973 Inter
399 939 539 973 comitia
559 940 660 985 regni
679 941 872 986 generalia,
893 942 1076 976 Varsaviae
1095 941 1136 976 de
1157 941 1376 986 suscipiendo
1404 941 1572 976 adversus
1591 941 1724 975 Turcas

108 997 199 1032 bello
233 999 363 1040 habita,
398 1000 552 1035 Michael
584 1001 826 1043 Piekarskius,
857 1003 960 1037 homo
982 1003 1017 1037 in
1048 1002 1177 1037 familia
1205 1003 1315 1037 nobi]i
1345 1003 1484 1049 quidem
1503 1006 1537 1037 et
1560 1002 1725 1048 opulenta

107 1064 224 1100 natus,
247 1061 308 1095 sed
330 1073 351 1096 a
369 1062 482 1113 prima
500 1063 591 1097 idem
611 1063 761 1108 pueritia
790 1076 857 1098 non
892 1065 979 1100 bene
1011 1065 1201 1106 institutus,
1224 1065 1268 1099 ad
1296 1064 1372 1099 haec
1399 1069 1525 1099 natura
1552 1076 1673 1099 vecors
1692 1068 1726 1099 et

108 1133 264 1168 praeceps
285 1123 329 1157 ad
350 1124 478 1165 omnia,
500 1128 600 1159 atrox
627 1125 735 1160 edidit
761 1125 905 1161 facinus.
930 1127 1020 1161 Huic
1048 1127 1202 1172 regendo
1234 1126 1449 1172 fortunisque
1482 1127 1553 1161 suis
1584 1125 1727 1161 admini-

107 1184 259 1218 strandis
289 1189 424 1220 tutores
454 1186 581 1232 probos
612 1199 723 1233 nuper
751 1189 942 1234 praeposuit
968 1201 1042 1230 rex,
1064 1194 1191 1235 rogatu
1211 1200 1351 1223 suorum
1379 1189 1527 1224 maxime
1554 1189 1722 1223 affinium.

105 1245 242 1280 Acerba
276 1246 382 1281 stulto
403 1247 467 1281 suit
486 1252 520 1282 et
539 1248 657 1294 iniqua
677 1260 718 1283 ea
741 1262 855 1284 rerum
880 1262 1019 1285 suarum
1053 1261 1146 1284 cura.
1178 1250 1269 1284 Hinc
1288 1250 1415 1285 furenti
1433 1254 1629 1296 promptum
1648 1261 1727 1285 con-

105 1309 219 1344 silium
242 1323 247 1345 :
270 1311 377 1346 XVII
410 1311 581 1346 kalendas
612 1312 825 1353 decembres,
847 1312 935 1347 festo
958 1311 1025 1351 die,
1043 1312 1143 1353 hora,
1162 1323 1229 1357 qua
1248 1312 1377 1346 sciebat
1396 1312 1524 1347 iturum
1544 1324 1662 1358 regem
1683 1313 1727 1347 ad

105 1373 367 1419 supplicandum
404 1386 480 1409 cum
507 1375 648 1420 populo,
671 1375 714 1409 ad
734 1375 825 1410 fores
845 1374 964 1420 templi
991 1378 1147 1409 armatus
1175 1374 1331 1408 imminet
1358 1375 1393 1409 in
1417 1375 1634 1410 occasionem
1663 1387 1721 1411 ne-

105 1434 207 1469 candi
236 1436 426 1481 principis3
449 1437 654 1471 subeuntem
688 1437 765 1471 ferit
798 1440 960 1477 rostrata,
983 1439 1108 1482 parata
1138 1436 1183 1470 ad
1215 1436 1358 1477 caedem,
1385 1437 1504 1478 clava;
1535 1439 1596 1473 sed
1621 1438 1726 1472 ictum

103 1496 261 1539 humero,
283 1498 426 1533 fallente
450 1498 571 1545 plaga,
602 1510 704 1544 quam
728 1499 853 1534 iterata
880 1499 913 1532 vi
941 1498 1045 1544 capiti
1064 1498 1284 1533 intentasset.
1305 1498 1479 1545 Abreptus
1497 1499 1538 1533 ad
1556 1503 1723 1534 tortorem

104 1560 293 1606 parricida.
329 1561 370 1596 In
401 1562 665 1607 quaestionibus,
696 1566 823 1608 praeter
854 1561 1107 1596 confessionem
1138 1561 1233 1601 facti,
1256 1562 1405 1607 exprimi
1432 1563 1543 1608 potuit
1567 1562 1653 1597 nihil
1680 1574 1723 1597 ex

105 1622 274 1658 malefico.
315 1624 499 1659 Decretum
536 1625 741 1670 supplicium
773 1636 834 1670 per
866 1624 988 1659 eadem
1016 1623 1170 1658 comitia.
1206 1623 1324 1657 Ferali
1359 1635 1421 1670 per
1451 1624 1571 1658 urbem
1603 1628 1727 1659 vectus

105 1685 274 1732 plaustro,
297 1699 359 1733 per
378 1688 559 1722 intervalla
582 1688 812 1723 candentibus
830 1686 1001 1721 laceratus
1021 1686 1232 1733 forcipibus;
1260 1688 1417 1733 praecisa}
1438 1700 1560 1723 manus
1579 1689 1720 1735 sangui-

107 1750 237 1791 nariae;
268 1751 448 1786 concitatis
484 1751 520 1785 in
552 1752 726 1786 diversum
758 1749 854 1794 equis
885 1748 1093 1794 discerpitur
1128 1761 1133 1783 z
1172 1749 1366 1795 discerptus
1399 1750 1578 1790 exuritur;
1609 1750 1721 1785 exusti

107 1811 285 1846 cadaveris
316 1813 450 1848 cineres
468 1824 486 1847 e
506 1813 630 1848 bellico
654 1815 826 1847 tormento
859 1810 1103 1856 disploduntur
1126 1823 1132 1844 :
1154 1810 1202 1845 ita
1229 1811 1339 1857 puniti
1370 1811 1463 1846 bona
1488 1813 1521 1846 in
1546 1812 1721 1858 publicum

107 1873 258 1908 addicta.
281 1874 473 1909 Clementia
492 1875 598 1920 regis,
620 1874 755 1908 veniam
783 1884 897 1918 poena·
925 1871 1015 1905 ultro
1037 1883 1100 1906 sua
1123 1872 1239 1906 dantis
1266 1873 1447 1914 sententia,
1471 1874 1563 1919 apud
1585 1874 1722 1920 judices

108 1940 329 1982 gentemque,
351 1936 545 1982 principum
565 1947 705 1970 suorum
732 1934 1020 1974 amantissimam,
1041 1933 1136 1967 nullo
1165 1945 1242 1968 eam
1261 1933 1363 1968 simili
1387 1934 1500 1969 adhuc
1520 1934 1721 1971 infamatam

109 1997 249 2038 scelere,
270 1998 387 2033 valere
415 2010 484 2033 non
511 1999 632 2044 potuit.
669 1996 912 2032 Moderatione
943 2007 1056 2041 poena?
1086 1996 1166 2030 hinc
1193 2007 1329 2042 quoque
1356 1997 1530 2042 parricida
1558 1997 1722 2044 indignus

110 2063 196 2101 erat,
218 2059 310 2105 quod
328 2060 483 2095 remedia
502 2061 623 2095 salutis
650 2064 805 2100 aeterum,
828 2070 888 2104 per
907 2062 1085 2092 curatores
1104 2058 1178 2103 ejus
1197 2059 1397 2093 sacerdotes
1416 2059 1546 2101 oblata,
1570 2060 1723 2096 obstina-

110 2125 165 2156 tus
192 2121 250 2156 diu
277 2127 469 2168 respueret,
496 2134 684 2168 necemque
714 2121 878 2167 principis
911 2120 1030 2165 optimi
1062 2132 1164 2164 quam
1196 2121 1332 2155 veniam
1364 2122 1517 2156 criminis
1548 2123 1724 2170 vitamque

111 2194 208 2217 suam
227 2188 450 2230 praeoptaret.
474 2185 625 2219 Vocatus
644 2185 685 2218 ad
704 2184 876 2217 latronem
897 2193 915 2215 e
934 2181 1113 2215 Sociorum
1143 2181 1290 2227 collegio
1319 2183 1495 2225 sacerdos,
1523 2184 1565 2219 de
1584 2187 1724 2231 negotio

112 2243 233 2278 salutis
261 2245 482 2291 sempiternae
518 2245 828 2285 commonendum3
871 2244 963 2277 hunc
1000 2242 1058 2277 ille
1094 2248 1131 2277 ut
1170 2245 1362 2290 conspexit,
1398 2246 1580 2290 praesentis
1622 2248 1726 2281 etiam

112 2306 319 2341 conditionis
356 2319 428 2342 suge
460 2308 503 2343 ab
528 2309 580 2342 ira
608 2309 800 2347 immemor,
823 2318 927 2340 unum
956 2305 1080 2350 quaerit
1103 2319 1109 2340 ;
1133 2307 1159 2340 si
1180 2308 1312 2342 viveret
1343 2319 1384 2342 ex
1409 2308 1534 2343 afflictu
1564 2309 1727 2344 hesterno

115 2368 371 2414 Sigismundus.
391 2369 596 2405 Affirmante
616 2370 651 2404 id
670 2371 862 2409 sacerdote,
884 2368 1043 2403 frendere
1071 2369 1140 2410 ille,
1163 2382 1293 2416 suaque
1311 2376 1495 2406 concutere
1513 2384 1633 2407 amens
1655 2373 1725 2407 vin-

116 2430 190 2465 cula
213 2443 219 2465 2
243 2431 429 2472 devovere,
459 2432 690 2467 mandendam
718 2432 883 2471 Cerbero,
905 2442 1056 2470 manum,
1084 2443 1161 2476 qua>
1178 2431 1227 2465 ita
1246 2432 1299 2465 sui
1317 2432 1465 2478 impetus
1491 2433 1597 2468 animi
1620 2433 1727 2469 vires-

115 2503 179 2538 que
207 2493 239 2526 in
268 2497 407 2528 ventum
446 2494 638 2529 effudisset.
673 2494 724 2529 Ita
760 2493 922 2528 miserum
956 2492 1136 2538 occupavit
1172 2493 1347 2536 vecordia,
1382 2498 1417 2528 nt
1451 2494 1562 2529 dirum
1589 2495 1723 2530 facinus

1567 2556 1597 2580 33

1752 394 1814 420 1620

1805 679 1844 704 45.

1753 715 1885 742 Varsaviae

1752 756 1879 789 templum

1749 802 1824 820 casus
1838 802 1897 828 ape—

1750 833 1793 858 rit.

1752 1003 1841 1030 Caedes
1857 1004 1896 1030 Si·

1750 1043 1885 1076 gismundi

1750 1082 1829 1114 Regis
1843 1082 1875 1108 ab

1749 1122 1853 1146 amente

1750 1159 1851 1185 sicario.
