2184 2953
282 404 343 431 1593

278 547 380 612 Albe5rti

278 625 406 653 Radivilli

279 662 359 688 funus

277 702 370 729 Vilnae.

276 896 345 922 Laus
355 897 423 931 ejus-

278 935 347 961 dem.

275 1667 424 1699 Congrega-

274 1706 311 1732 tio
321 1707 423 1740 provin—

274 1751 348 1777 cialis
360 1751 420 1778 Pul—

273 1791 361 1817 toviae.

273 1939 420 1973 Sigismun-

273 1979 321 2005 dus
357 1979 419 2006 Sue-

273 2017 317 2042 ciae
329 2017 418 2049 haeres,

274 2057 418 2082 coronatur.

454 292 512 324 172
831 295 1101 325 LITUANICARUM
1127 296 1336 324 SOCIETATIS
1358 296 1442 325 .lESU
1469 295 1719 325 HISTORIARUM

453 399 541 427 rum,
589 387 847 429 emblematum,
886 389 1092 427 carminum,
1139 387 1394 433 propositorum
1431 399 1449 422 e
1484 387 1655 422 vestibulo
1708 387 1896 434 gymnasii,
1935 388 2074 434 quibus-

453 462 530 485 cum
567 449 766 486 domestica}
796 463 905 485 musa}
932 451 1076 501 advenis
1108 449 1289 496 prodirent
1321 449 1418 494 quasi
1446 449 1594 490 obviam,
1634 461 1760 495 easque
1800 450 2072 485 consalutarent.

501 513 616 548 Vilnae
643 513 677 547 in
705 514 834 559 templo
861 514 1061 549 academico
1090 513 1145 559 pie
1173 512 1425 558 magnificeque
1453 516 1673 557 parentatum
1693 512 1840 558 principi
1862 513 1896 547 S.
1922 513 2076 547 Romani

452 577 604 624 Imperii,
627 577 857 612 mareschallo
881 575 1066 615 Lstuaniw,
1089 576 1191 611 tertio
1219 575 1357 610 Nicolai
1385 575 1489 620 Nigri
1514 575 1692 610 Vilnensis
1725 575 1870 621 palatini
1897 575 1982 617 filio,
2013 576 2074 610 Al—

451 640 548 674 berto
569 639 760 674 Radivillo.
784 639 904 673 Funus
923 639 1105 678 Cracovia,
1128 638 1185 672 nbi
1216 638 1305 672 diem
1334 638 1389 671 hic
1418 648 1517 671 suum
1539 637 1636 676 obiit,
1659 636 1863 678 deductuin3
1885 649 2074 683 procuran-

449 702 543 737 tibus
570 702 606 736 id
633 701 740 736 fratre
759 713 821 735 suo
841 701 1018 735 cardinale
1049 700 1214 745 Georgio,
1237 704 1271 734 et
1297 699 1413 739 Anna,
1436 699 1585 744 conjuge
1613 699 1732 739 vidua,
1763 699 1908 733 Gotardi
1938 699 2075 735 Ketleri

451 763 651 799 Curlandiae
672 763 768 798 ducis
790 763 874 798 filia.
897 763 928 797 A
948 763 1082 797 Calvini
1103 765 1197 796 secta
1217 762 1380 796 reductus
1404 773 1465 808 per
1481 762 1600 797 Socios
1617 763 1661 797 ad
1681 763 1875 798 Ecclesiam
1895 764 2074 800 Albertus.

450 826 580 873 templa
598 825 791 865 catholicis,
813 825 858 859 ab
872 824 1046 859 haereticis
1062 827 1192 869 erepta,
1209 823 1362 858 restituit
1385 835 1423 858 ac
1442 823 1575 864 refecit,
1603 825 1776 870 qufedam,
1798 837 1819 859 a
1841 826 2078 861 fundamentis

451 888 614 927 excitata,
636 887 829 922 redditibus
857 886 999 921 donavit
1019 886 1156 932 amplis.
1186 885 1434 920 Academicum
1462 886 1578 920 Vilnae
1597 886 1668 920 divi
1686 887 1836 922 Joannis
1864 888 1984 923 fanum
2013 900 2076 923 ara

450 952 594 998 majore,
616 949 770 995 organis,
793 948 935 994 aliisque
958 948 1056 982 auxit
1079 949 1305 984 ornamentis.
1329 949 1465 983 Divinae
1487 949 1602 983 laudis
1622 949 1686 984 fuit
1701 961 1867 996 perquam
1884 951 2071 986 studiosus.

449 1015 531 1050 Non
549 1014 690 1061 pigebat
707 1011 882 1047 interdum
900 1011 1091 1057 principem
1110 1012 1155 1046 ad
1176 1012 1293 1046 divina
1312 1012 1434 1047 altaris
1462 1013 1628 1059 mysteria
1653 1014 1743 1048 inter
1771 1014 1921 1049 musicos
1949 1025 2076 1049 canere

448 1077 594 1118 fidibus3
617 1076 714 1121 cujus
732 1074 818 1108 artis
840 1073 996 1119 apprime
1014 1073 1080 1107 fuit
1103 1074 1228 1108 sciens.
1254 1074 1375 1109 inedia
1401 1086 1525 1121 corpus
1546 1076 1725 1122 modisque
1748 1077 1929 1123 exquisitis
1954 1077 2078 1112 salutis

449 1142 591 1173 aeternae
617 1137 732 1183 gratia
758 1135 960 1170 afflictabat.
986 1136 1174 1171 Sacrificiis
1206 1137 1361 1183 quotidie
1387 1137 1568 1173 intererat.
1597 1139 1746 1174 Munera
1774 1139 1942 1185 praeclare
1970 1140 2078 1174 obivit

448 1201 567 1235 multa.
599 1200 783 1245 Praecipua
811 1197 982 1232 industria
1010 1198 1103 1232 cives
1130 1198 1220 1233 inter
1242 1203 1276 1234 et
1295 1200 1559 1235 Moscoviticam
1579 1205 1719 1247 gentem
1738 1202 1935 1236 conciliavit
1954 1213 2074 1247 pacem

448 1261 599 1310 legatus.
617 1262 795 1297 Adversus
827 1260 979 1299 eosdem,
1002 1271 1112 1305 nuper
1134 1261 1264 1301 hostes,
1284 1266 1422 1296 secutus
1451 1274 1569 1308 regem
1589 1263 1818 1309 Stephanum,
1841 1264 1964 1310 praelia
1978 1264 2072 1310 apud

448 1327 626 1361 Polociam
649 1329 682 1360 et
697 1323 934 1358 Vielicolukos
953 1322 1082 1368 insigni
1109 1323 1238 1358 virtute
1257 1325 1433 1359 sustinuit.
1456 1325 1598 1360 Arbiter
1614 1325 1744 1361 funeris
1761 1326 1934 1372 Georgius
1966 1327 2078 1361 cardi-

449 1389 552 1429 nalis,
570 1388 676 1434 justis
696 1386 795 1421 fratri
826 1384 1033 1432 persolutis,
1064 1397 1140 1419 cum
1170 1398 1232 1421 sua
1258 1387 1389 1421 familia
1419 1387 1560 1433 lugubri
1586 1387 1679 1432 apud
1711 1388 1831 1422 Socios
1859 1389 1893 1423 in
1923 1388 2079 1435 Collegio

449 1450 611 1485 coenavit.
640 1450 679 1484 In
699 1460 739 1483 eo
765 1448 860 1482 luctu
889 1446 1136 1482 consolabatur
1164 1459 1201 1483 se
1233 1449 1446 1495 fratremque
1477 1450 1690 1485 cardinalem
1714 1451 1880 1486 Nicolaus
1900 1452 2075 1494 Sierotka,

447 1517 530 1548 tunc
553 1511 765 1547 castellanus
788 1509 989 1548 Trocensis,
1011 1512 1340 1547 commemoratione
1360 1512 1413 1547 sui
1435 1512 1583 1559 Collegii
1609 1513 1858 1555 Nesvisiensis,
1880 1515 1973 1549 aucti
1993 1516 2076 1550 insi-

449 1577 563 1624 gniter
578 1578 613 1622 (1)
633 1588 639 1610 :
662 1575 805 1621 pulchro
825 1574 860 1608 in
880 1573 999 1620 primis
1014 1577 1233 1619 augustoque
1248 1574 1390 1620 templo,
1413 1586 1522 1620 nuper
1541 1574 1677 1620 ingenti
1693 1575 1819 1609 civium
1838 1575 2077 1621 gratulatione

448 1644 570 1687 aperto
589 1640 634 1674 acl
652 1642 788 1677 cantus,
809 1637 910 1682 ignes
929 1636 1149 1677 artificiosos,
1172 1640 1206 1671 et
1228 1637 1316 1671 festa
1335 1649 1352 1672 e
1373 1637 1506 1672 bellicis
1526 1638 1695 1672 machinis
1711 1639 1875 1672 tonitrua.
1900 1638 2072 1673 Pultoviae

450 1702 571 1736 habita
585 1700 809 1747 provincialis
829 1711 847 1734 e
861 1700 1008 1745 triginta
1024 1699 1188 1734 Patribus
1205 1699 1455 1745 Ccmgregatio,
1469 1702 1620 1747 praeside
1640 1706 1673 1736 et
1689 1702 1870 1736 visitatore
1886 1703 2076 1748 provinciae

450 1765 627 1799 Ludovico
642 1763 805 1799 Masello.
828 1763 906 1796 Duo
926 1762 1076 1797 Romam
1095 1773 1137 1796 ex
1155 1773 1194 1796 ea
1213 1761 1320 1807 legati
1339 1775 1344 1796 :
1366 1763 1518 1798 Jacobus
1537 1763 1695 1809 Vujekus
1716 1764 2013 1809 Vangrovickius,
2040 1769 2074 1800 et

449 1827 644 1863 Stanislaus
663 1825 903 1861 Grodzickius.
926 1825 1169 1870 Congregatos
1185 1824 1316 1870 insigni
1331 1825 1542 1860 liberalitate
1558 1826 1740 1861 Ploccnsis
1756 1827 1939 1873 episcopus
1968 1827 2074 1862 Adal-

447 1890 566 1925 bertus
585 1887 849 1924 Baranovskius
868 1887 1087 1921 sustentavit.
1112 1886 1166 1920 Ad
1191 1887 1411 1921 revisendam
1438 1887 1597 1922 exulibus
1627 1888 1787 1923 Sueciam
1818 1889 1934 1923 aditus
1959 1889 2070 1924 Sociis

448 1952 641 1998 patefactus
663 1962 739 1987 esse
759 1950 943 1984 videbatur
960 1961 966 1983 z
988 1949 1143 1995 legitime
1164 1949 1199 1982 in
1219 1949 1358 1989 solium,
1380 1961 1400 1983 a
1421 1949 1441 1983 J
1446 1961 1557 1984 oanne
1579 1950 1629 1984 ΙΙΙ
1649 1962 1711 1995 per
1730 1954 1876 1985 mortem
1896 1950 2068 1993 relictum,

448 2017 652 2051 succedente
669 2014 768 2060 regio
783 2013 938 2059 ejusdem
953 2011 1038 2053 filio,
1060 2023 1143 2057 rege
1166 2011 1379 2045 Polonorum
1394 2011 1618 2056 Sigismnndo
1635 2011 1700 2045 III.
1725 2011 1896 2046 invitatus
1916 2023 1937 2045 a
1951 2011 2073 2048 Suecis

447 2081 520 2115 suis
537 2080 582 2114 ad
598 2077 887 2125 gubernaculum,
905 2076 1055 2111 comitiis
1074 2087 1116 2110 ea
1137 2087 1241 2121 snper
1261 2086 1297 2109 re
1316 2074 1500 2108 Varsaviae
1520 2085 1636 2108 mense
1656 2074 1746 2119 majo
1770 2074 1911 2113 habitis,
1935 2086 2031 2119 aegre
2049 2085 2070 2108 a

447 2142 603 2182 Polonis,
633 2152 747 2186 neque
766 2140 881 2179 aliter,
910 2149 1013 2184 quam
1046 2138 1253 2183 interposita
1281 2137 1466 2181 sponsione
1486 2136 1528 2171 de
1548 2136 1661 2170 reditu
1695 2148 1770 2176 suo,
1800 2137 1892 2171 intra
1921 2137 2070 2183 spatium

446 2205 528 2239 anni
549 2204 722 2237 dimissus.
747 2202 892 2237 Gedano
916 2200 994 2235 vela
1013 2199 1093 2233 fecit
1116 2198 1200 2233 mari
1228 2198 1360 2232 Baltico
1386 2209 1504 2233 mense
1533 2198 1730 2244 septembri.
1763 2198 1904 2232 Octobri
1933 2199 2074 2233 ineunte

446 2267 609 2314 appulsus
629 2264 895 2300 Stokholmiam.
920 2263 1113 2307 Pergratns
1128 2261 1192 2295 fuit
1211 2260 1345 2295 Sueciae
1364 2261 1425 2294 toti
1450 2261 1617 2306 principis
1636 2261 1689 2295 sui
1713 2261 1899 2301 adventus,
1923 2261 1952 2296 si
1971 2261 2070 2306 regni

447 2328 704 2374 competitorem
726 2325 887 2360 Carolum
906 2327 1069 2370 patruum
1089 2335 1187 2357 suum
1208 2322 1370 2368 excipias.
1392 2324 1425 2358 Is
1446 2323 1602 2357 relictam
1622 2334 1643 2357 a
1666 2323 1805 2357 Joannc
1829 2333 1990 2356 coronam
2010 2321 2072 2356 sibi

446 2391 665 2431 vindicabat,
688 2388 828 2424 haerede
863 2387 1013 2434 polonici
1043 2386 1143 2432 regni
1173 2386 1325 2431 negotiis
1358 2389 1537 2431 occupato.
1562 2385 1756 2420 Prensabat
1784 2384 1929 2418 Carolus
1956 2385 2063 2424 cives,

447 2467 550 2502 seque
569 2453 835 2490 commendabat
849 2452 914 2485 hoc
933 2451 1072 2485 nomine
1089 2449 1251 2487 maxime,
1268 2448 1360 2492 quod
1378 2447 1575 2482 lutheranae
1590 2450 1709 2487 sectae,
1723 2457 1826 2491 quam
1842 2445 2065 2492 profiteretur

487 2529 523 2564 (1)
544 2527 660 2556 Ncsvisii
679 2526 808 2560 lcinpluin
822 2523 941 2560 (loll->gii
958 2525 1128 2558 perfeetum.
