2184 2953
232 377 289 403 162]

227 416 314 443 Causa

228 454 300 483 boui.

232 1395 333 1422 Proelia.

231 1501 334 1528 Bellum

230 1541 344 1567 decreto-

231 1590 310 1607 rlum.

232 1682 356 1708 x‘ictoria.

228 1722 352 1755 insignis,

230 2418 311 2444 Pacta

231 2465 288 2483 cum
296 2457 377 2484 hoste.

401 279 460 310 262
772 282 1047 314 LlTUANlCARUM
1071 285 1282 315 SOCIETATIS
1303 286 1389 316 JESU
1412 287 1663 317 HISTORIARUM

403 374 493 410 fecto
512 377 681 419 exercitu,
716 379 970 425 superveniret,
993 379 1071 414 duci
1103 380 1317 415 exercituum
1349 380 1524 416 Lituaniae
1554 381 1575 416 J
1580 381 1685 416 oanni
1705 381 1829 417 Carolo
1850 380 2024 416 Chodkie-

402 437 486 472 wicz
518 437 620 472 datur
656 440 847 485 negotium.
883 441 1023 476 Summa
1051 441 1187 487 imperii
1214 441 1473 488 tradita»1²egio
1505 443 1652 489 principi
1681 443 1885 484 Vladislao;
1909 442 2027 478 oblato

406 500 519 535 eidem
550 512 612 546 per
643 503 804 538 nuntium
828 505 966 538 romani
990 504 1184 545 Pontificis,
1212 505 1439 540 Franciscum
1471 506 1719 546 Diotalevium‚
1744 506 1871 541 vexillo
1908 518 2024 548 sacro,

404 562 438 597 in
463 574 530 608 quo
550 567 626 598 erat
640 565 778 611 expieta
791 565 874 600 belli
894 577 1023 601 causa:
1047 567 1230 613 religionis
1245 567 1448 602 christianae
1467 568 1703 608 simulacrum,
1733 580 1818 603 crux
1841 568 2024 610 salutaris,

404 635 422 659 e
441 628 581 670 pectore
612 626 740 671 aquilae
767 627 982 663 Polonorum
1013 629 1200 675 gentilitiae
1232 630 1399 670 emicans,
1431 634 1634 677 attextaque
1668 631 1743 665 haec
1774 635 1929 666 tessera:
1958 642 2025 674 pro

401 689 517 730 ylorz'a
539 691 667 729 crucis,
694 689 864 725 adversus
896 691 1029 726 scilicet
1058 691 1196 726 hostem
1227 691 1408 726 christiani
1445 692 1595 727 nominis
1627 694 1928 728 immanissimum.
1955 693 2028 729 Sed

404 747 599 791 Vladislao,
634 762 806 796 generoso
832 751 882 786 illi
919 753 1079 799 principi,
1107 754 1234 788 animis
1258 755 1308 788 uti
1344 754 1416 789 suis
1446 766 1513 789 non
1538 755 1602 789 fuit
1633 755 1823 801 integrum,
1858 759 2027 802 occupato

402 808 571 850 febribus,
601 815 636 845 et
669 815 742 846 toto
777 812 850 847 fere
877 813 961 847 belli
992 817 1148 860 tempore
1172 815 1207 848 in
1245 816 1370 850 castris
1403 816 1556 851 detento.
1592 817 1736 851 Summa
1772 829 1858 863 ergo
1891 818 2028 864 imperii

401 871 574 906 translata
592 873 636 907 ad
661 873 882 909 Lituanicum
914 875 1037 910 ducem
1060 877 1081 911 J
1087 888 1236 912 oannem
1256 878 1442 919 Carolum;
1470 879 1586 913 omnia
1605 879 1661 914 hic
1692 880 1737 914 ad
1757 891 1858 914 suum
1878 880 2028 915 maxime

402 934 584 969 arbitrium
598 935 721 970 habuit
735 935 818 971 belli
838 936 998 972 consilia.
1023 938 1170 974 Ineunte
1186 940 1316 981 sextili,
1331 945 1448 975 castra
1463 941 1557 987 apud
1573 941 1769 976 Chotimum
1785 945 1936 977 metatus
1952 945 2005 977 est
2020 954 2026 976 :

401 999 550 1042 quatuor
585 1009 689 1043 supra
712 998 859 1044 triginta
884 998 992 1034 millia
1023 1000 1178 1048 peditum
1205 1002 1446 1048 equitumque.
1480 1003 1619 1038 Accidit
1650 1002 1751 1045 forte,
1786 1007 1824 1038 ut
1849 1003 1893 1038 ad
1926 1004 2030 1038 istam

402 1071 555 1102 manum,
579 1061 702 1107 quibus
718 1062 835 1096 nescio
851 1061 991 1107 impulsi
1010 1063 1140 1102 causis,
1160 1063 1283 1099 velites
1298 1076 1319 1099 a
1339 1064 1537 1110 Zaporovia
1557 1065 1679 1099 Cosaci
1699 1068 1822 1111 sponte
1845 1076 1883 1100 se
1901 1076 2029 1111 aggre-

403 1122 533 1168 garint,
558 1123 651 1157 facta
670 1122 735 1157 sibi
750 1123 857 1158 armis
872 1123 929 1157 via
951 1135 1014 1170 per
1033 1125 1166 1160 medios
1190 1127 1386 1162 Turcarum
1416 1138 1560 1161 cuneos
1596 1126 1790 1173 Conspecto
1810 1127 1906 1161 ducis
1927 1126 2030 1161 Polo-

405 1183 472 1218 nici
495 1184 665 1225 exercitu,
696 1187 730 1218 et
760 1196 834 1230 prae
853 1185 925 1220 suis
944 1188 996 1220 tot
1035 1186 1189 1221 millibus
1231 1192 1443 1235 contempto,
1471 1189 1657 1223 victoriam
1686 1189 1884 1224 Osmannus
1903 1200 1965 1235 spe
1997 1192 2032 1223 et

405 1245 568 1292 opinione
588 1245 782 1281 devoravit.
810 1246 919 1281 Primi
947 1247 1101 1283 Polonos
1131 1250 1264 1295 praeliis
1296 1251 1475 1286 lacessunt
1507 1251 1670 1292 barbari;
1705 1255 1741 1286 at
1768 1263 1831 1286 suo
1851 1251 1902 1285 illi
1927 1250 2032 1286 etiam

405 1311 510 1354 atque
541 1308 646 1343 etiam
669 1308 861 1343 infortunio
883 1321 889 1343 :
921 1310 1058 1355 quoties
1085 1312 1263 1357 aggressi,
1294 1312 1399 1347 toties
1430 1324 1493 1359 per
1521 1313 1697 1358 insignem
1716 1316 1870 1357 stragem
1890 1322 2031 1346 suorum

406 1369 533 1404 aversi.
569 1370 844 1416 Frequentiores
871 1370 951 1405 inde
983 1383 1195 1417 congressus
1227 1384 1268 1408 ac
1287 1385 1416 1419 pugnae
1439 1374 1485 1408 ad
1514 1375 1601 1420 justi
1622 1374 1727 1410 etiam
1760 1373 1844 1408 belli
1863 1374 2028 1420 speciem.

407 1432 532 1468 Decies
550 1433 626 1468 acie
648 1433 862 1474 dimicatum,
897 1435 1078 1480 superiore
1105 1446 1242 1481 semper
1273 1436 1402 1470 virtute
1434 1439 1632 1471 nostrorum
1652 1440 1685 1471 et
1703 1436 1868 1477 fortuna;
1890 1439 1927 1470 ut
1945 1435 2031 1481 ipsis

407 1494 509 1529 etiam
536 1494 696 1529 barbaris
728 1495 951 1530 manifestum
981 1496 1082 1537 foret,
1112 1497 1276 1532 virtutem
1309 1498 1463 1532 divinam
1489 1498 1605 1533 facere
1633 1511 1649 1532 a
1684 1498 1841 1533 Polonis.
1877 1498 2029 1536 Quartus

407 1555 579 1591 kalendas
605 1557 779 1597 octobres,
801 1557 880 1592 divo
898 1558 1106 1599 Venceslao,
1129 1560 1231 1605 regni
1263 1560 1422 1594 Poloniae
1450 1564 1609 1606 patrono,
1632 1571 1745 1601 sacer,
1778 1560 1852 1594 dies
1871 1559 1936 1594 fuit
1958 1559 2031 1593 uni·

407 1629 518 1653 versae
538 1619 688 1653 fortunae
707 1619 842 1654 bellicae
857 1621 1092 1656 decretorius:
1116 1634 1158 1657 ea
1181 1622 1270 1663 luce,
1293 1623 1337 1657 ab
1358 1623 1434 1668 ipso
1454 1621 1527 1657 fere
1554 1626 1630 1657 ortu
1650 1623 1694 1656 ad
1722 1633 1904 1668 vesperam
1921 1633 2029 1667 usque

406 1683 481 1714 tota
493 1680 623 1715 virtute
637 1682 858 1717 continenter
872 1687 1080 1729 pugnatum,
1099 1683 1249 1729 denique
1264 1684 1478 1719 debellatum
1498 1687 1561 1718 est.
1586 1684 1666 1717 Jam
1695 1684 1731 1718 in
1749 1684 1824 1718 acie
1844 1683 2030 1729 sexaginta

406 1751 549 1776 suorum
569 1741 678 1777 millia
697 1755 783 1789 quos
817 1756 908 1778 mars
940 1745 1159 1790 perculisset,
1182 1745 1284 1791 plura
1311 1746 1419 1780 multo
1440 1758 1526 1792 quos
1557 1746 1635 1781 coeli
1656 1750 1845 1792 tempestas
1877 1746 2029 1792 bellique

402 1803 633 1839 confecissent
662 1805 894 1846 incommoda,
929 1806 1088 1842 dolenter
1124 1808 1302 1853 spectabat
1321 1808 1463 1848 circum,
1490 1820 1564 1842 suae
1583 1809 1742 1843 victimas
1774 1809 1964 1854 impietatis
1996 1813 2030 1843 et

402 1866 590 1912 superbiae,
609 1866 821 1902 Osmannus.
848 1868 984 1903 Accidit
1003 1869 1151 1910 interea,
1174 1870 1324 1916 totisque
1356 1870 1480 1905 castris
1508 1870 1701 1916 dissipatur
1719 1870 1822 1911 fama,
1845 1871 2028 1905 imminere

403 1928 517 1974 ipsum
531 1940 652 1974 regem
671 1929 946 1975 Sigismundum,
975 1942 1053 1965 cum
1082 1931 1200 1965 multis
1221 1932 1374 1967 millibus
1394 1944 1598 1978 summoque
1617 1932 1743 1967 robore
1763 1933 1948 1967 exercitus.
1973 1932 2026 1966 Ad

403 1990 478 2024 haec
505 1990 684 2036 disputare
715 1992 750 2025 in
770 2004 832 2026 suo
851 1992 1011 2032 concilio,
1034 1992 1237 2038 futurosque
1256 1998 1403 2028 eventus
1431 1994 1623 2040 praecipere
1656 2006 1698 2028 ex
1727 1995 1914 2040 praesenti:
1942 1994 2030 2028 tanti

400 2051 497 2086 illam
515 2052 677 2088 videlicet
691 2054 961 2088 christianorum
979 2065 1120 2088 manum
1140 2067 1207 2089 non
1228 2055 1296 2089 vim
1311 2055 1413 2090 modo
1433 2055 1521 2090 tanti
1541 2056 1595 2089 sui
1615 2056 1788 2090 exercitus
1804 2055 2025 2096 sustinuisse,

402 2115 462 2149 sed
486 2115 609 2149 funera
624 2115 727 2150 etiam
748 2115 926 2150 Osmanno
950 2116 1102 2151 edidisse
1122 2121 1195 2151 tam
1217 2117 1337 2151 multa.
1371 2117 1461 2155 Quid
1482 2128 1584 2162 porro
1605 2129 1673 2152 non
1694 2117 1760 2152 sibi
1791 2121 1989 2152 metuerent
2008 2128 2030 2152 a

402 2176 510 2221 copiis
526 2176 741 2222 Sigismundi
762 2178 958 2212 recentibus
969 2179 983 2213 22
1007 2178 1140 2213 Cadere
1170 2179 1286 2224 itaque
1309 2179 1434 2213 animis
1453 2179 1606 2220 barbari,
1630 2184 1734 2225 atque
1754 2184 1912 2225 spectare
1932 2179 2026 2219 alia3

403 2242 537 2273 tentare
556 2250 618 2284 per
648 2239 798 2285 legatos,
821 2245 855 2275 et
887 2241 1074 2275 convenire
1102 2240 1261 2275 Polonici
1293 2241 1539 2286 imperatorem
1559 2242 1758 2281 exercitus;
1789 2242 1846 2287 qui
1875 2242 2027 2288 denique

405 2300 496 2345 pacis
532 2300 768 2342 conditiones,
807 2314 919 2348 nuper
954 2303 1019 2336 sibi
1054 2314 1076 2337 a
1118 2302 1262 2337 Polonis
1307 2303 1458 2343 oblatas,
1494 2303 1687 2349 rejecerant
1722 2303 1885 2350 superbe,
1925 2303 2028 2338 modo

406 2361 547 2396 easdem
565 2361 631 2407 ipsi
655 2362 745 2397 ultro
764 2375 922 2409 poscere.

454 2422 572 2457 Obniti
600 2422 657 2457 diu
688 2428 861 2459 nostrates
894 2426 1151 2471 postulantibus
1184 2427 1373 2472 prudenter
1399 2438 1469 2461 non
1490 2431 1661 2472 poterant,
1692 2427 1853 2462 hostibus
1880 2426 1931 2461 1111
1961 2438 2030 2462 non

405 2484 507 2519 modo
538 2484 721 2520 inferiores
752 2497 910 2527 numero,
944 2488 1005 2523 sed
1038 2488 1170 2522 viribus
1202 2488 1307 2523 etiam
1344 2489 1491 2523 maxime
1527 2500 1588 2534 per
1620 2489 1759 2527 famem,
1793 2493 1989 2524 commeatu
2009 2500 2029 2523 a
