2184 2953
613 321 722 350 LIBER
748 319 908 349 DECIMUS
933 319 1141 357 (16501661).
1669 325 1728 357 369

111 410 324 457 appellabat.
347 411 465 450 Qualis
479 412 640 448 videlicet
653 413 717 448 suit
734 425 811 449 cum
825 413 1041 461 praediceret,
1059 413 1163 459 idque
1177 424 1246 448 non
1267 425 1309 449 ex
1327 415 1526 462 conjectura
1541 420 1575 452 et
1609 417 1726 452 alieno
1754 424 1818 451 1653

111 475 280 518 tempore,
300 474 525 510 Vincentium
545 476 697 519 Carafla,
719 481 800 512 tunc
819 476 985 523 temporis
1002 477 1035 510 in
1055 476 1201 522 privatis
1221 476 1342 511 officiis
1362 478 1546 524 degentem
1565 480 1724 526 Neapoli,
1754 471 1878 538 {3533st

111 533 265 570 futurum
298 537 505 582 magistrum
533 538 716 574 Societatis
744 539 945 585 generalem
969 551 975 572 :
998 538 1079 573 huic
1099 539 1325 574 Franciscum
1347 540 1635 577 Piccolominium
1653 555 1729 578 suc-

112 608 313 639 cessurum3
335 603 396 633 aut
415 612 492 634 cum
506 600 621 635 Vilnae
650 602 726 647 regi
746 601 971 648 sigismundo
992 601 1058 641 III,
1081 600 1123 636 de
1141 601 1281 636 fortuna
1302 602 1385 636 belli
1413 607 1533 638 contra
1557 604 1730 640 Moscovi-

111 663 166 694 tas
185 660 221 694 in
237 660 370 696 Russia
389 663 540 708 suscepti
572 663 732 704 sollicito,
754 664 796 698 de
811 664 956 699 victoria
980 663 1219 710 gratularetur
1234 669 1340 706 certa,
1362 665 1428 700 1100
1447 666 1521 712 ipso
1540 671 1642 713 parta
1659 668 1729 709 die;

113 734 180 768 quo
200 728 293 758 certe
322 724 465 759 nuntius
489 725 541 759 rei
571 728 682 771 gestae
707 729 780 760 tam
811 725 879 760 cito
899 737 917 760 a
936 725 1060 760 castris
1094 724 1233 761 Vilnam
1251 726 1370 762 afferri
1388 738 1458 762 non
1484 732 1614 774 posset.
1650 729 1731 763 Jam

114 784 239 820 deinde
258 798 395 827 vereor,
413 790 451 821 ut
470 787 546 821 haec
565 791 599 822 et
613 788 692 829 alia,
715 799 793 834 quae
812 788 911 822 nobis
931 787 972 823 de
1005 787 1152 823 Nicolao
1169 793 1327 831 narrant,
1350 793 1421 824 tam
1441 790 1620 825 credibilia
1645 791 1726 833 sint,

113 858 216 892 quam
234 859 316 883 vero
344 848 471 883 similia
502 853 594 889 sunt,
616 854 650 884 et
681 850 841 896 quaedam
869 851 973 885 etiam
1002 850 1205 892 certissima,
1227 863 1304 898 quae
1328 852 1370 886 de
1396 852 1635 898 replicatione,
1658 853 1731 887 sive

113 909 228 955 positu
260 910 311 945 rei
330 910 445 951 unius,
468 922 536 945 uno
556 911 678 947 eodem
710 916 878 958 tempore,
908 912 943 946 in
976 912 1136 959 pluribus
1155 912 1241 948 locis
1272 913 1496 955 distantibus,
1519 914 1649 949 schola]
1668 926 1730 949 nos

114 971 240 1007 docent
257 977 291 1007 et
315 972 502 1019 scriptores
519 973 757 1009 ecclesiastici.
777 975 869 1009 Nam
884 975 975 1009 1111110
994 986 1142 1021 quoque,
1168 975 1279 1021 ajunt,
1297 976 1409 1010 visum
1428 975 1535 1011 fuisse
1550 976 1681 1022 pariter
1695 977 1731 1011 111

113 1034 198 1070 10015
216 1035 374 1082 pluribus
403 1047 530 1082 magno
557 1036 937 1082 disjunctisintervallo
960 1049 966 1071 :
989 1037 1108 1084 itaque
1144 1038 1361 1073 habitantem
1390 1038 1425 1072 in
1454 1038 1603 1073 Polonia
1639 1050 1730 1073 anno

120 1097 212 1132 1607
227 1098 433 1143 apparuisse
450 1098 574 1133 Romae
596 1098 632 1132 in
660 1099 808 1144 collegio
832 1099 1012 1134 Sociorum
1042 1100 1250 1135 scholastico
1269 1113 1275 1135 ;
1297 1100 1549 1147 reprehensum
1569 1100 1675 1136 fuisse
1691 1100 1732 1135 ab

113 1171 153 1195 00
167 1160 334 1205 juvenem
360 1160 407 1194 ibi
428 1160 613 1202 Polonum‚
637 1161 847 1207 Procopium
879 1162 1179 1203 Sambozeckium,
1211 1163 1271 1208 qui
1296 1174 1358 1209 per
1389 1163 1505 1198 studia
1535 1163 1733 1198 litterarum

113 1223 289 1258 omitteret
306 1223 457 1258 hominis
470 1224 628 1270 religiosi
648 1225 773 1259 officia.
796 1225 963 1260 Similiter
990 1225 1141 1260 eundem
1168 1225 1379 1260 monitorem
1404 1226 1584 1272 accepisse
1604 1225 1733 1261 dicitur

114 1285 303 1321 Florianus
322 1286 566 1332 Tyminskius‚
588 1287 768 1322 Cracoviae
786 1291 859 1322 tum
877 1288 1110 1327 habitantem,
1131 1299 1208 1322 cum
1228 1287 1304 1334 ipse
1325 1288 1419 1330 alibi,
1438 1289 1471 1323 in
1493 1301 1555 1324 suo
1571 1289 1732 1324 dominus

113 1362 205 1398 pago
233 1350 444 1386 deliberaret
465 1363 582 1386 secum
603 1352 726 1387 anxius
746 1353 788 1387 de
809 1354 901 1386 statu
930 1351 1013 1385 vitae
1031 1350 1206 1396 eligendo.
1231 1350 1303 1384 Par
1331 1350 1418 1386 fides
1437 1351 1483 1385 sit
1501 1351 1571 1386 illis
1593 1363 1599 1385 :
1624 1351 1734 1386 foemi-

113 1424 207 1453 nam,
230 1413 354 1449 Romae
374 1425 467 1449 anno
490 1415 581 1450 1637
601 1418 787 1455 mortuam,
810 1413 980 1448 Olomucii
1014 1416 1120 1447 noctu
1140 1412 1392 1458 queribundam
1411 1413 1504 1459 apud
1532 1413 1729 1456 Nicolaum,

112 1476 346 1511 tremefecisse
365 1480 475 1511 totum
490 1477 677 1523 gemitibus
693 1477 887 1523 Collegium
907 1489 913 1511 :
932 1480 1003 1511 tum
1023 1476 1161 1511 morbos
1180 1475 1267 1510 alibi
1285 1476 1361 1522 ipso
1381 1476 1536 1523 ejusdem
1563 1477 1654 1512 dicto
1676 1478 1733 1513 de-

112 1537 233 1584 pulsos
248 1550 334 1574 esse.
359 1539 493 1574 Neutro
509 1540 597 1585 pede
618 1540 683 1574 sibi
699 1540 793 1575 utilis
817 1542 892 1575 erat
915 1550 957 1573 ex
975 1539 1134 1584 podagra
1153 1549 1284 1584 praeses
1310 1539 1586 1586 Sierpscensium
1611 1541 1731 1576 castel-

112 1599 214 1635 lanus
247 1600 444 1636 Stanislaus
471 1601 747 1642 Kucsborskius,
770 1601 949 1636 familiaris
980 1601 1035 1647 pie
1055 1601 1215 1636 Nicolao.
1239 1601 1330 1636 Huic
1348 1601 1440 1637 inter
1466 1602 1734 1649 colloquendum

114 1661 233 1704 Pater,
256 1663 440 1698 cavillatus
461 1664 584 1705 amice,
607 1668 767 1710 oportere
795 1667 992 1699 senatorem
1020 1668 1113 1699 recto
1129 1667 1222 1699 stare
1249 1663 1341 1706 talo;
1359 1665 1457 1711 cujus
1477 1665 1632 1700 consiliis
1650 1677 1732 1712 pars

114 1724 232 1770 aliqua
253 1725 455 1772 reipublicae
481 1726 672 1767 niteretur;
696 1738 739 1762 ex
754 1725 933 1771 inopinato
948 1724 1096 1760 fulcrum
1111 1726 1234 1761 claudo
1250 1731 1434 1773 utrumque
1450 1727 1602 1774 surripit.
1623 1728 1734 1763 Simul

114 1786 270 1822 ruiturus
291 1787 464 1823 exclamat
482 1792 594 1829 catax,
623 1788 726 1823 simul
756 1787 903 1834 pedibus
930 1788 1088 1822 consistit
1106 1788 1229 1830 firmis,
1260 1788 1377 1835 itaque
1396 1790 1526 1825 incedit
1553 1790 1730 1837 deinceps.

115 1848 283 1894 Ejusdem
297 1849 464 1884 Stanislai
478 1849 561 1884 filiae
581 1849 769 1891 Marianae,
794 1849 852 1884 diu
881 1849 991 1884 oculis
1010 1854 1134 1897 captae,
1152 1862 1253 1897 aquae
1271 1851 1428 1886 lustralis
1447 1852 1634 1898 aspergine
1660 1853 1734 1899 ipse

114 1910 311 1946 restituisse
336 1911 462 1946 dicitur
480 1911 568 1947 lucis
591 1923 732 1947 usuram
751 1924 757 1946 τ
781 1912 884 1946 51111111
903 1912 1047 1959 collyrio
1075 1924 1217 1948 sanasse
1244 1913 1446 1960 lippientem
1466 1914 1507 1949 P.
1531 1914 1734 1949 Casimirum

115 1973 332 2019 Kojalovicz.
353 1974 546 2010 Undecimo
563 1976 701 2010 circiter
719 1987 811 2011 anno
827 1988 848 2011 a
867 1977 979 2012 reditu
997 1990 1039 2013 ex
1058 1978 1230 2014 Boliemia
1249 1979 1284 2013 in
1298 1979 1499 2015 Lituaniam
1514 1980 1550 2015 in
1566 1981 1740 2016 Cannensi

116 2035 290 2070 domicilio
307 2036 483 2078 decubuit,
502 2038 622 2072 morbo
639 2038 800 2080 afflictus,
819 2039 957 2086 qualem
973 2040 1038 2074 sibi
1059 2044 1198 2087 optasse
1217 2041 1382 2084 creditur,
1401 2043 1525 2078 acerbo
1538 2055 1575 2078 ac
1590 2043 1737 2080 diutino.

119 2098 208 2134 Tum
228 2111 363 2146 quoque
381 2099 439 2135 ille
455 2100 607 2135 illustria
625 2101 804 2147 patientiae
823 2101 931 2137 edidit
951 2103 1120 2149 exempla.

167 2161 336 2196 Extabuit
358 2162 483 2197 misere
502 2174 640 2209 corpuS,
663 2175 804 2199 exesum
825 2164 905 2199 (1110
932 2165 1176 2208 carcinomate,
1199 2167 1417 2202 verminabat
1436 2180 1441 2202 :
1464 2179 1600 2204 vermes
1622 2169 1733 2217 longi,

119 2224 344 2270 sanguisugis
369 2225 511 2267 similes,
533 2238 552 2261 e
570 2225 753 2272 perforatis
773 2227 898 2273 pedum
914 2227 1118 2262 interveniis
1136 2232 1208 2263 toto
1225 2229 1414 2275 serpebant
1427 2233 1503 2265 toro
1518 2245 1525 2274 ;
1543 2231 1738 2269 dilabentes

121 2284 309 2332 colligebat
329 2299 435 2333 aeger,
459 2291 493 2322 et
510 2288 545 2322 in
564 2287 699 2323 hiantia
716 2288 863 2323 vulnera
882 2288 1048 2335 fugitivos
1068 2289 1182 2325 redire
1205 2292 1354 2337 cogebat
1382 2292 1583 2336 1111111111005,
1613 2295 1738 2330 exhor-

121 2350 199 2382 tans
219 2348 347 2394 lepide,
365 2352 403 2383 ut
433 2354 689 2396 exequerentur
719 2362 832 2393 suum,
863 2352 906 2386 ad
927 2352 1018 2397 quod
1048 2352 1098 2386 ita
1122 2354 1286 2399 prognati
1314 2359 1443 2396 essent,
1474 2367 1612 2391 munus.
1642 2357 1735 2392 Gau-

121 2407 226 2444 debat
246 2410 314 2445 ista
332 2422 369 2445 se
396 2412 553 2446 consumi
573 2412 730 2447 teredine
751 2426 758 2455 ;
776 2413 857 2459 quia
875 2417 909 2448 et
927 2413 999 2459 pati
1027 2413 1200 2449 desiderio
1219 2414 1380 2460 placendi
1411 2416 1485 2452 Deo
1517 2422 1672 2465 cuperet,
1706 2423 1742 2455 et

121 2476 280 2518 speraret
310 2473 517 2519 promissam
536 2474 687 2521 gratiam
720 2487 835 2521 poenae
863 2476 974 2510 omnis
1005 2475 1248 2513 condonandae
1279 2483 1358 2525 post
1384 2483 1543 2516 mortem.
1565 2481 1653 2516 Tres
1673 2481 1739 2516 sibi

121 2533 243 2571 afferri
255 2534 362 2581 jussit
380 2535 517 2572 libellos
541 2548 547 2572 :
569 2536 688 2583 legum
706 2537 902 2574 divinarum
917 2539 1055 2575 Veteris
1075 2542 1108 2574 et
1138 2539 1230 2576 Novi
1258 2540 1485 2585 Testamenti,
1515 2547 1740 2580 sacrosancta

1581 2606 1612 2632 47
