2184 2953
596 312 702 340 LIBER
723 311 879 345 QUINTUS
900 310 1110 345 (1600-1610).
1625 310 1684 341 219

71 400 103 433 in
124 399 253 434 facinus
271 405 371 435 atrox
388 400 555 435 incidunt.
579 402 618 435 In
633 412 723 447 pago
753 401 901 447 quodam
933 399 1091 433 dioecesis
1117 398 1309 439 Vilnensis‚
1336 400 1426 434 malo
1459 401 1551 435 haud
1581 402 1684 436 dubie

71 462 247 507 exagitata
263 463 381 507 genio,
403 462 527 497 mulier
546 475 613 497 uno
629 463 700 498 sere
718 463 884 509 temporis
904 461 1051 496 articulo
1083 464 1231 506 quatuor
1262 472 1343 495 suos
1364 462 1506 507 jugulat
1531 463 1674 498 liberos.

70 523 168 563 Quod
208 525 377 570 reliquum
413 529 477 566 est,
517 526 593 572 ipsa
624 527 689 560 sibi
721 525 891 559 violentas
918 523 1021 557 infert
1044 534 1166 557 manus
1201 523 1399 569 suspendio.
1451 524 1531 559 Jam
1584 525 1679 559 domi

69 590 244 632 superstes
276 591 351 622 erat
383 599 497 629 nemo,
515 579 656 634 'praeter
688 589 849 623 miseram
876 587 1089 627 diaerectam,
1125 586 1218 621 necis
1250 598 1322 621 suae
1354 599 1458 622 cunas
1486 600 1528 622 ex
1554 588 1678 634 laqueo

71 648 271 694 agitantem.
295 649 389 684 Felis
409 650 500 685 inter
518 650 606 690 haec,
629 654 663 685 et
677 651 753 696 ipsa
772 660 893 683 cruore
909 648 1165 683 interfectorum
1182 659 1356 693 respersa,
1387 649 1486 683 tectis
1519 650 1676 684 omnibus

68 711 262 745 discurrere
277 711 441 746 miserum
456 713 489 746 in
501 713 652 753 modum,
666 712 827 758 gannire,
837 711 1048 757 oggannire,
1064 714 1098 745 et
1113 711 1211 755 quasi
1223 722 1413 756 provocare
1424 715 1678 756 praetereuntes

68 771 199 807 villicos
214 773 257 806 ad
272 773 372 807 triste
387 774 635 819 spectaculum.
659 775 859 820 Suspicatus
874 774 955 820 quid
970 773 1084 807 nescio
1099 773 1246 813 vicinus,
1260 777 1388 808 tectum
1411 773 1516 813 subit,
1539 773 1679 818 plenam

68 833 233 868 attonitus
247 834 342 869 videt
357 846 473 869 casam
488 836 681 876 funeribus,
704 835 869 870 inclamat
890 834 1040 875 accolas,
1064 833 1185 868 infelix
1200 834 1325 880 laqueo
1340 834 1532 869 exsolvitur
1553 838 1674 869 mater.

67 896 240 930 Recreata
254 895 430 937 fomentis,
448 898 558 931 accito
575 897 748 932 sacerdoti
765 901 882 932 nostro
898 897 1027 932 seelera
1042 896 1214 941 poenitens
1230 896 1426 931 confitetur.

111 957 292 992 Varsaviae
324 958 357 992 in
389 959 536 993 comitiis
563 959 786 1005 generalibus
818 970 894 993 eum
926 957 1159 1004 perduellibus
1192 970 1301 1004 nuper
1333 957 1483 998 domitis,
1514 968 1597 1003 rege
1619 957 1679 1003 jus

67 1019 253 1055 clementer
273 1020 422 1061 dicente,
447 1026 659 1056 transactum
679 1020 865 1066 tranquille
883 1020 1072 1066 negotium.
1096 1019 1332 1066 Respirarunt
1354 1031 1374 1053 a
1392 1024 1485 1054 metu
1504 1019 1597 1054 Socii
1617 1019 1650 1065 (1)
1669 1032 1675 1053 :

64 1080 195 1115 laudati
215 1082 442 1117 communiter
477 1083 520 1117 ab
548 1083 731 1117 omnibus:
766 1094 787 1116 a
819 1094 900 1128 rege
931 1085 964 1116 et.
996 1082 1197 1127 proceribus
1224 1082 1317 1116 aucti
1350 1082 1453 1116 etiam
1481 1081 1674 1115 beneficiis.

63 1142 118 1178 Ad
136 1142 246 1178 eedem
265 1143 404 1189 collegii
423 1145 580 1178 canonici
600 1145 753 1190 agebant
773 1144 822 1178 illi
841 1144 955 1178 adhuc
975 1143 1130 1189 hospites
1150 1143 1313 1178 alienam.
1346 1143 1427 1177 ι111111
1459 1143 1502 1176 ad
1532 1143 1677 1177 eandem

64 1204 220 1251 proxime
256 1205 508 1240 exaedificando
541 1207 625 1252 ipsis
659 1206 789 1252 templo
815 1207 931 1252 jactus
955 1209 1006 1240 est
1040 1205 1143 1251 lapis,
1187 1216 1207 1238 a
1252 1204 1485 1239 Posnaniensi
1517 1204 1679 1250 episcopo

63 1267 203 1302 Andrea
224 1267 428 1313 Opalinskio
449 1268 643 1307 dedicatus,
668 1269 701 1302 in
721 1268 925 1303 celebritate
955 1279 1135 1313 procerum
1169 1270 1202 1302 et
1234 1267 1352 1313 populi
1380 1278 1521 1312 magna.
1552 1266 1583 1300 A
1607 1266 1678 1311 ple-

63 1329 177 1375 risque
194 1330 229 1363 in
248 1341 320 1364 rem
338 1335 488 1376 coeptam
507 1331 632 1365 collata
651 1331 811 1365 donaria.
831 1329 987 1364 Perutile
1006 1341 1140 1375 quoque
1155 1329 1239 1364 illud
1259 1330 1323 1364 fuit
1342 1329 1546 1364 beneficium
1571 1341 1576 1362 :
1595 1339 1678 1362 usus

62 1402 162 1437 aquae
180 1392 346 1433 fontanae,
371 1405 537 1428 concessu
554 1393 794 1438 magistratus,
817 1403 899 1426 cura
920 1391 1137 1438 proconsulis
1154 1391 1301 1426 Joannis
1321 1391 1520 1431 Clementis,
1547 1403 1568 1425 a
1586 1391 1679 1425 fonte

58 1464 122 1499 per
144 1454 391 1490 subterraneos
410 1455 550 1490 canales
568 1459 682 1490 tractu
701 1455 807 1500 longo
826 1454 871 1488 ad
891 1454 1073 1489 Sociorum
1087 1453 1298 1488 domicilium
1315 1454 1485 1488 deduetae.
1507 1453 1680 1487 Invitabat

60 1514 106 1549 ad
124 1527 165 1550 ea
183 1516 436 1551 benevolentiae
455 1517 567 1551 officia
582 1517 708 1551 civium
724 1517 858 1550 animos
877 1515 948 1550 suis
962 1527 1023 1549 rex
1039 1515 1282 1560 sigismundus
1300 1515 1478 1561 exemplis.

110 1577 232 1612 Multis
260 1579 318 1613 ille
342 1580 524 1614 Varsaviae
552 1579 680 1614 relictis
712 1591 785 1613 sure
813 1590 900 1623 erga
931 1578 1139 1612 Societatem
1160 1577 1400 1612 beneficentia·
1430 1576 1675 1615 monumentis,

64 1638 202 1673 Vilnam
225 1652 246 1674 a
264 1641 411 1676 comitiis
427 1641 543 1676 statim
563 1653 639 1675 eum
658 1641 782 1686 regina
797 1640 1001 1674 Constantia
1016 1640 1164 1685 conjuge
1181 1643 1214 1673 et
1231 1639 1302 1673 filio
1322 1638 1476 1685 principe
1497 1638 1676 1671 Vladislao

63 1700 188 1736 invisit.
209 1702 401 1749 Exceptum
416 1715 478 1749 pro
498 1703 668 1748 dignitate
687 1714 708 1736 a
728 1701 929 1748 pi·oc‹2=,ribus
954 1705 987 1736 et
1015 1701 1168 1741 civitate,
1187 1701 1277 1735 Socii
1297 1701 1359 1735 sub
1378 1713 1460 1735 arcu
1475 1700 1677 1745 triumphali

64 1763 232 1804 oratione,
254 1765 374 1815 paucis
392 1769 470 1810 post
489 1765 611 1799 diebus
631 1776 649 1799 e
669 1764 806 1798 theatro
827 1763 999 1810 gymnasii
1018 1763 1185 1804 dramate,
1204 1764 1245 1797 ad
1260 1767 1468 1809 praesentem
1489 1761 1677 1807 composito

63 1823 232 1867 laetitiam,
250 1838 310 1872 per
325 1838 405 1861 suos
420 1827 637 1861 academicos
653 1825 858 1860 salutarunt.
880 1824 978 1858 Nihil
993 1824 1028 1858 in
1044 1825 1135 1859 omni
1152 1825 1341 1859 officiorum
1359 1828 1554 1858 nostrorum
1567 1823 1677 1856 humi-

64 1885 159 1922 litate
194 1888 276 1922 boni
306 1890 479 1935 principes
511 1887 768 1934 aspernandum
805 1891 983 1932 putarunt.
1007 1886 1161 1921 Subinde
1187 1888 1285 1933 justa
1305 1887 1418 1921 funeri
1446 1887 1485 1920 P.
1510 1884 1679 1920 Friderici

66 1948 225 1991 Bartsch,
243 1951 414 1996 ampliora
432 1951 505 1992 illa,
535 1962 638 1996 quam
657 1954 778 1983 nostra
792 1948 898 1983 ferret
916 1949 1143 1989 consuetudo,
1166 1949 1343 1983 solvimus.
1372 1949 1409 1982 Id
1433 1947 1524 1993 quod
1543 1947 1677 1993 piorum

66 2010 231 2046 voluntati
246 2013 440 2059 principum
459 2013 581 2058 negari
612 2012 705 2046 haud
736 2011 859 2056 potuit.
892 2011 1012 2055 Itaque
1032 2015 1065 2045 et
1092 2011 1295 2045 sacrificium
1315 2011 1460 2045 funebre
1479 2009 1524 2044 ad
1542 2009 1675 2054 regiam

66 2073 285 2110 decantatum
304 2076 471 2110 musicam
495 2080 529 2110 et
548 2075 666 2110 concio
698 2075 740 2109 de
767 2074 928 2108 laudibus
947 2074 1117 2108 Friderici
1147 2075 1278 2114 habita,
1300 2073 1462 2118 exequias
1490 2072 1678 2118 przesentia

66 2136 171 2182 regiS‚
182 2137 327 2182 reginae,
340 2137 429 2183 regii
439 2137 603 2183 principis
615 2147 865 2182 procerumque
877 2134 1252 2170 cohonestante.Ortus
1264 2133 1461 2167 Fridericus
1472 2133 1507 2166 in
1518 2132 1675 2170 prussia,

69 2196 205 2233 dioecesi
222 2199 430 2239 Varmiensi,
453 2198 593 2233 civitate
612 2198 837 2243 Brunsberga
857 2210 862 2231 :
883 2198 1006 2232 Romwr
1026 2196 1117 2231 1572
1136 2196 1171 2229 in
1186 2195 1372 2240 collegium
1386 2195 1594 2229 novitiorum
1615 2194 1676 2228 So-

68 2258 201 2293 cietatis
227 2263 389 2305 aceeptus
413 2273 419 2294 :
441 2260 587 2295 Viennae
599 2260 633 2293 in
644 2259 786 2293 Austria
802 2257 1007 2302 theologicis
1022 2256 1214 2302 disciplinis
1230 2256 1386 2291 excultus
1405 2268 1412 2290 :
1429 2256 1544 2290 Vilnae
1558 2255 1678 2289 laurea

68 2318 241 2355 facultatis
262 2321 415 2367 ejusdem
435 2325 579 2355 ornatus
599 2322 667 2366 (an.
690 2321 803 2365 1587).
824 2320 965 2354 (buccas
983 2317 1180 2363 latinasque
1204 2318 1352 2357 litteras,
1374 2317 1586 2363 theologiam
1606 2328 1678 2350 mo-

69 2379 173 2414 ralem
191 2384 224 2415 et
242 2381 445 2426 polemicam
464 2381 702 2427 Brunsbergae
720 2381 822 2421 alias,
844 2380 932 2414 alias
957 2377 1144 2413 Posnaniae
1166 2377 1295 2411 docuit.
1319 2376 1476 2422 Collegia
1495 2377 1675 2411 Sociorum

70 2440 316 2488 Brunsbergae,
338 2443 463 2478 deinde
481 2443 609 2483 Vilnae,
628 2443 685 2477 diu
705 2443 805 2477 rexit.
824 2442 992 2477 Polonam
1013 2445 1043 2475 et
1073 2440 1259 2474 Lituauam
1287 2439 1497 2485 provinciam
1529 2438 1677 2473 vicarius

111 2510 148 2545 (lJ
168 2510 241 2538 Socii
258 2515 390 2538 ornantur
407 2512 561 2539 beneficiis.

1710 405 1774 432 1609

1767 446 1798 471 32

1707 485 1819 510 Facinus·

1708 524 1823 550 mulieris

1705 564 1788 590 atrox.

1766 905 1797 929 33

1707 946 1836 973 Varsaviae

1706 995 1753 1019 pax
1764 995 1820 1013 cum

1705 1028 1829 1060 perduelli
1835 1042 1841 1044 -

1705 1068 1753 1094 bus
1774 1070 1854 1095 stabi-

1705 1109 1756 1132 tur.

1705 1217 1806 1243 Funda-

1706 1259 1820 1283 mentum

1704 1298 1801 1329 templo

1705 1341 1817 1375 praejaci-

1705 1384 1756 1407 tur.

1705 1427 1837 1459 Aquaeduc
1847 1442 1855 1445 -

1706 1469 1749 1492 tus
1763 1474 1821 1492 con-

1707 1505 1814 1532 ceditur.

1762 1552 1792 1575 ,Ἣ

1706 1590 1788 1615 Vilnae
1803 1591 1856 1616 Rex

1706 1638 1761 1655 cum
1782 1631 1856 1655 tarni—

1706 1669 1742 1694 ]ia
1757 1678 1803 1695 sua
1814 1679 1853 1695 sa-

1705 1709 1820 1734 lutatur.

1708 1895 1736 1921 P.
1747 1896 1856 1921 Bartsch

1707 1938 1830 1964 Friderici

1710 1978 1789 2004 sunus

1705 2025 1814 2050 praesen-

1706 2057 1745 2082 tia
1763 2059 1831 2091 prin-

1706 2098 1791 2130 cipum

1708 2137 1827 2163 honesta-

1704 2179 1769 2205 tum.
