2184 2953
659 281 765 309 LIBER
789 281 943 309 TERTIUS
969 280 1181 316 (1580-1590).
1676 279 1733 310 107

130 375 224 410 urbis
258 374 332 409 fora
362 374 507 415 dimissi,
540 374 629 420 legis
656 374 855 409 christianae
883 374 1054 408 elementa
1085 372 1211 418 populo
1250 373 1479 418 exponebant.
1516 374 1659 409 Duobus
1689 374 1734 409 ad

1765 371 1828 397 1582

1764 413 1865 439 scholas

128 441 264 483 portam
282 437 399 481 oppidi
418 437 459 470 ad
479 436 692 482 frequentem
712 436 927 482 plebeculam
958 434 1095 469 scholas
1127 445 1207 468 suas
1232 434 1461 469 catecheticas
1484 436 1731 481 repetentibus,
1761 453 1910 486 oppugnant

126 497 294 537 haeretici,
316 498 396 531 hinc
410 497 626 531 incursantes
644 497 750 537 illinc,
773 498 949 532 molestias
967 496 1159 531 afferebant
1177 508 1183 529 z
1206 496 1240 529 hi
1259 496 1351 530 dicta
1373 497 1591 531 contnmeliae
1618 498 1732 543 plena,

126 558 177 592 illi
203 558 337 603 lapides
365 558 466 592 etiain
493 558 687 603 jactabant.
716 560 828 604 AEgre
855 558 942 592 alias
972 557 1050 591 tulit
1085 569 1125 592 ac
1157 569 1261 602 saepe,
1293 557 1440 602 denique
1470 569 1540 591 non
1572 559 1736 592 sustinuit

125 619 368 654 insectantium
388 630 425 653 se
443 618 672 664 petulantiam
691 619 882 666 plebecula.
907 620 954 653 Ut
984 631 1005 653 a
1033 618 1264 653 nebulonibus
1290 618 1459 664 lapidatio
1487 619 1589 660 sacta,
1620 620 1735 655 confe-

129 680 219 719 stim,
242 692 304 715 suo
324 681 465 715 dimisso
498 681 679 725 magistro,
710 681 744 715 in
776 681 990 727 lapidatores
1021 686 1055 715 et
1082 681 1234 720 domum,
1260 692 1326 725 quo
1360 680 1487 725 petulci
1520 681 1734 727 refugerant,

125 741 217 776 saxis
235 745 270 776 et
298 742 363 787 ipsi
391 742 517 775 armati
547 742 715 777 involant.
748 742 862 787 Atque
893 742 944 776 illi
975 742 1125 788 quidem,
1161 746 1197 775 ut
1227 741 1279 774 ira
1309 741 1441 776 incensi
1464 746 1576 782 erant,
1607 742 1738 788 aliquid

123 807 394 849 perpetrassent,
417 803 484 837 nisi
503 815 576 837 suae
595 803 686 838 idem
702 805 832 839 scholae
852 805 1020 851 magister
1033 805 1191 839 oratione
1210 804 1255 838 ad
1278 804 1443 850 impetum
1462 809 1621 851 prompta
1651 817 1731 840 con-

123 864 283 898 tinuisset
307 863 489 898 violentos.
520 865 668 910 Culpant
694 866 801 901 nihilo
824 868 936 902 minus
964 871 1100 902 nostros
1126 865 1308 907 haeretici;
1331 865 1433 911 idque
1465 867 1577 912 ipsum
1596 878 1734 903 accusa-

123 929 217 960 tores
235 926 328 971 apud
342 926 543 972 praefectum
562 927 707 967 civitati,
737 939 811 962 suffl
843 929 1018 963 hominem
1052 931 1170 967 sectae,
1200 926 1397 962 trivialibus
1418 928 1543 962 nostris
1567 928 1737 964 doctrinae

123 988 340 1033 praeconibus
368 988 569 1022 christianae
584 988 667 1022 dant
687 989 823 1024 crimini
843 1004 849 1031 ;
873 991 955 1036 quin
974 990 1065 1036 apud
1080 999 1201 1033 regem
1218 988 1322 1022 etiam
1341 1000 1403 1034 per
1429 1000 1509 1024 suos
1530 990 1575 1024 ad
1597 991 1736 1026 comitia

122 1051 259 1096 legatos
290 1051 448 1096 querelas
468 1051 598 1085 habent
621 1063 627 1084 :
653 1066 668 1079 α
691 1056 793 1086 orant
814 1052 1018 1097 principem,
1042 1061 1083 1085 ea
1102 1055 1138 1084 ut
1152 1052 1281 1085 nostris
1317 1053 1492 1097 praeconia
1523 1053 1733 1095 interdicat;

124 1126 139 1141 a
160 1112 264 1146 aliter
290 1112 382 1146 enim
407 1112 493 1153 fore,
530 1116 566 1146 ut
593 1124 735 1147 suarum
767 1125 902 1160 quoque
933 1112 1082 1148 ministri
1109 1116 1282 1147 sectarum
1302 1113 1436 1159 pulpita
1455 1125 1518 1148 sua
1536 1114 1571 1148 in
1599 1115 1734 1161 plateas

123 1191 138 1205 α
162 1177 324 1222 vicosque
352 1176 513 1217 efferant,
543 1177 777 1222 populumque
806 1178 851 1211 ad
879 1177 997 1210 turbas
1023 1178 1057 1209 et
1078 1172 1192 1207 caedes
1219 1172 1457 1206 exhortentur.
1492 1190 1507 1203 π
1543 1173 1623 1208 Jam
1642 1179 1735 1209 notae

119 1238 253 1272 affatim
272 1238 418 1284 principi
437 1242 537 1273 erant
552 1239 735 1284 ejusmodi,
756 1243 827 1272 tam
846 1237 990 1277 crebrae,
1012 1237 1180 1270 adversus
1205 1235 1225 1269 J
1230 1235 1360 1270 esuitas
1378 1236 1558 1270 hominum
1588 1237 1734 1272 istorum

120 1301 270 1341 naeniae3
305 1312 371 1346 quo
404 1301 513 1346 igitur
539 1301 757 1335 manifestius
788 1312 852 1335 sua
882 1301 949 1346 ipsi
981 1302 1217 1344 coarguantur
1248 1309 1366 1340 causa,
1401 1300 1641 1346 philosophari
1672 1313 1732 1337 eos

113 1361 225 1406 jubet,
259 1373 362 1407 quam
390 1366 482 1396 recte
507 1362 639 1396 scilicet
666 1361 937 1397 concluderent:
974 1376 988 1390 a
1018 1360 1174 1395 Jesuitas
1201 1361 1403 1395 catechismi
1429 1362 1568 1396 scholas
1595 1363 1631 1397 in
1649 1363 1733 1398 foris

122 1438 137 1452 κ
159 1424 315 1470 publicas
335 1425 530 1465 instituere,
553 1436 626 1465 seu,
648 1425 738 1469 quod
757 1426 850 1459 idem
864 1425 966 1465 foret,
987 1423 1064 1468 lege
1088 1422 1282 1457 christiana
1300 1423 1439 1458 erudire
1458 1424 1594 1469 plebem
1611 1438 1618 1459 :
1641 1425 1730 1461 sedi—

121 1500 136 1515 α
158 1487 266 1521 tiosos
285 1488 394 1533 igitur
424 1498 513 1527 esse,
548 1488 761 1533 perniciosos
793 1486 938 1524 civitati,
966 1496 1007 1518 ac
1034 1487 1218 1530 propterea
1244 1496 1306 1530 per
1336 1485 1457 1519 turbas
1485 1486 1732 1521 haereticorum

121 1560 137 1575 a
158 1547 334 1593 lapidibus
363 1549 573 1583 obruendos.
604 1549 819 1584 Praeclarum
846 1549 935 1582 istuc
970 1557 1054 1580 sane
1084 1550 1326 1581 accusatorum
1357 1558 1434 1582 esse
1469 1553 1725 1593 argumentum.

121 1623 136 1637 α
158 1609 239 1644 Jam
258 1610 348 1655 quod
363 1611 512 1644 ministri
531 1612 585 1645 sui
599 1611 619 1645 J
623 1612 754 1646 esuitas
773 1610 930 1646 temulari
948 1609 984 1643 in
999 1619 1039 1642 eo
1054 1606 1173 1647 velint,
1190 1607 1433 1653 experirentur
1451 1620 1554 1654 porro
1586 1621 1667 1645 suos
1695 1616 1729 1647 et

122 1685 136 1700 α
158 1672 226 1718 ipsi
244 1673 407 1717 generosi
424 1673 570 1708 animos.
595 1674 707 1714 Certe,
730 1685 767 1708 se
794 1683 910 1707 rerum
933 1670 1171 1716 polonicarum
1193 1680 1287 1715 rege,
1318 1671 1483 1716 quidquid
1507 1680 1628 1708 contra
1651 1675 1729 1710 reli-

121 1749 136 1764 ⁶⁶
159 1736 298 1781 gionem
330 1737 537 1771 catholicam
568 1748 712 1782 usquam
739 1736 774 1769 in
800 1744 862 1767 suo
894 1743 1003 1777 regno
1035 1731 1197 1778 deinceps
1228 1735 1451 1775 tentaverint,
1481 1736 1620 1781 impune
1641 1737 1728 1772 nihil

120 1811 135 1825 α
158 1797 297 1831 omnino
315 1797 459 1832 laturos.
487 1816 501 1829 „
524 1798 613 1831 Tum
628 1797 749 1832 Socios
768 1796 802 1829 in
822 1793 976 1828 consiliis
996 1794 1052 1839 pie
1070 1798 1239 1843 susceptis
1258 1799 1451 1840 confirmat,
1486 1811 1587 1834 suum
1608 1802 1729 1838 adver-

118 1870 176 1892 sus
215 1870 334 1893 omnes
373 1859 618 1894 haereticorum
661 1858 857 1892 molitiones
888 1856 1090 1901 praesidium
1121 1859 1295 1904 pollicitus
1331 1861 1543 1906 amplissime
1596 1863 1726 1899 Gratiis

113 1921 308 1967 justissimo
339 1921 487 1967 principi
517 1921 618 1962 actis,
650 1921 877 1958 Possevinus,
911 1919 1079 1964 donisque
1110 1921 1280 1955 Romanis
1310 1933 1331 1955 a
1363 1923 1533 1969 Gregorio
1555 1924 1724 1961 Pontifice

120 1982 258 2023 oblatis,
300 1984 408 2029 regiis
436 1984 589 2019 vicissim
616 1988 758 2018 ornatus
784 1984 870 2027 ipse,
896 1981 942 2014 ad
973 1981 1119 2026 reliqua,
1145 1993 1222 2026 quae
1244 1986 1417 2029 praeterea
1441 1984 1619 2031 Stephano
1648 1998 1726 2022 cum

118 2046 277 2081 Romano
304 2047 516 2091 Imperatore
542 2051 576 2081 et
603 2046 739 2081 Sueciae
760 2056 844 2091 rege
870 2044 1097 2089 transigenda
1128 2048 1240 2085 erant,
1270 2046 1425 2091 negotia,
1447 2057 1488 2080 ac
1501 2058 1564 2093 per
1577 2048 1724 2084 eandem

118 2108 333 2142 occasionem
351 2107 396 2141 ad
422 2108 640 2142 condendum
667 2107 782 2142 Vihne
808 2106 973 2151 impensis
988 2105 1140 2140 Romani
1166 2105 1346 2140 Pontificis
1374 2107 1407 2153 (1)
1424 2107 1667 2152 Seminarium,
1689 2112 1724 2146 in

118 2180 183 2213 quo
213 2168 260 2202 acl
289 2169 465 2203 variarum
496 2169 681 2203 utilitatem
708 2169 888 2203 nationum
913 2167 1176 2201 instituerentur
1206 2167 1347 2208 alumni,
1375 2168 1490 2204 fausta
1521 2182 1598 2206 cum
1620 2184 1723 2219 prece

118 2240 140 2262 a
158 2240 241 2275 rege
260 2229 457 2263 dimittitur.

167 2290 206 2324 In
225 2291 351 2325 Suecia
378 2290 498 2324 Simon
528 2290 712 2331 Nikovius,
734 2289 927 2325 Stanislaus
954 2288 1193 2330 Rakovskius,
1228 2293 1261 2324 et
1290 2289 1455 2325 Albertus
1483 2292 1717 2336 Valdocenus,

119 2352 203 2386 socii
218 2353 426 2393 sacerdotes,
447 2353 491 2386 ad
510 2352 785 2387 conservandam
814 2350 1152 2397 promovendamque
1179 2351 1312 2397 reginae
1343 2351 1507 2398 pietatem
1532 2358 1719 2401 perattenti

120 2412 298 2448 haerebant
315 2414 439 2448 adhuc.
472 2413 573 2448 Ultra
603 2413 675 2447 suis
694 2413 859 2459 progredi
886 2412 1010 2447 studiis
1035 2423 1106 2447 non
1131 2411 1253 2454 licuit;
1286 2414 1498 2459 perdurante
1524 2417 1560 2452 in
1578 2429 1653 2460 sua,
1684 2419 1719 2453 in

160 2484 204 2524 (l)
220 2486 326 2515 Vilnam
344 2488 512 2516 possevinus
524 2486 560 2516 ad
572 2488 748 2516 condendum
762 2488 944 2517 Seminarium
961 2487 1040 2516 redit.

1764 492 1885 518 haeretici.

1763 1259 1816 1285 Rex
1832 1258 1873 1284 de-

1762 1297 1854 1325 tendit.

1754 2319 1815 2346 1583
