2184 2953
644 284 748 311 LIBER
773 283 908 311 SEXTUS
933 282 1140 317 (iulo-1620).
1665 278 1723 309 237

110 392 151 426 Ρ.
173 390 304 425 Jacobo
337 389 464 423 Lainez
494 387 672 428 Tridento,
703 387 766 421 sub
794 386 928 420 celebre
959 384 1044 418 illud
1074 382 1277 422 Concilium,
1305 382 1453 417 Romam
1473 384 1518 418 ad
1537 383 1722 429 collegium

110 452 316 487 novitiorum
336 452 474 489 missus,
491 450 634 494 dignum
648 449 722 494 ejus
741 448 905 493 temporis
920 447 1167 492 magistrorum
1181 446 1216 479 in
1236 444 1402 489 religiosa
1418 446 1601 491 disciplina
1618 446 1719 481 disci-

110 514 226 560 pulum
256 525 291 547 se
321 512 495 558 praestitit.
519 511 636 545 Prima
664 510 800 545 colonia
831 509 867 543 in
894 509 1093 543 Lituaniam
1125 507 1292 547 deducta,
1315 507 1414 541 sedes
1439 511 1472 541 et
1502 507 1567 552 ipsi
1596 508 1722 554 obtigit

108 575 220 620 prima
238 574 494 618 Brunsbergae3
512 578 581 607 tres
601 572 655 606 hic
670 576 701 606 et
717 570 839 616 viginti
855 580 966 603 annos
986 568 1193 602 industriam
1213 580 1310 603 suam
1329 573 1363 603 et
1382 568 1497 608 fidem,
1513 569 1720 604 decennium

109 636 267 670 minister
287 635 446 680 Collegii,
470 634 633 669 tredecim
651 644 761 667 annos
776 632 943 677 magister
965 630 1186 669 novitiorum,
1203 629 1422 675 approbavit.
1446 630 1529 664 Inde
1545 631 1722 666 Cracoviae

108 698 267 732 tirocinio
298 697 554 731 formandorum
577 707 619 730 ex
650 695 808 729 instituto
837 693 1016 728 Sociorum
1031 703 1070 726 eo
1103 692 1216 726 studio
1238 696 1272 726 et
1291 692 1592 727 commendatione
1625 693 1719 728 dedit

110 760 220 799 initia,
243 764 280 793 111
299 770 417 793 eorum
445 757 663 802 disciplinam
684 756 804 790 civitas
840 755 943 789 etiam
963 754 1152 799 suspiceret
1182 754 1422 798 laudaretque,
1446 754 1572 788 deinde
1587 756 1722 800 provin-

111 821 162 855 cia
187 820 351 866 gerendis
379 821 451 854 suis
482 819 682 853 muneribus
702 817 917 863 experiretur
945 815 1139 861 perutilem.
1163 815 1264 850 Unde
1283 815 1430 860 vinginti
1458 826 1573 850 annos
1604 821 1724 862 postea

111 890 268 916 versatus
288 881 321 914 in
342 882 471 921 Scotia,
502 880 624 915 salutis
657 880 857 925 negotiator
897 878 1028 919 civicae,
1050 877 1117 911 dici
1147 877 1204 911 vix
1234 882 1358 923 potest,
1381 881 1464 922 quot
1492 877 1721 920 incommoda,

110 954 211 988 quam
231 943 339 977 multa
354 943 453 982 dura,
471 946 602 988 quanta
617 941 786 987 patientia
802 940 996 985 pertulerit.

158 1005 320 1039 Pluribus
341 1005 410 1038 suis
437 1004 663 1050 populariijms
683 1003 726 1037 ad
748 1002 939 1036 Ecclesiam
959 1001 1154 1047 pertractis,
1172 1002 1208 1035 in
1226 1002 1361 1047 regiam
1376 1001 1494 1036 aulam
1510 1004 1720 1048 penetravit;

110 1067 349 1112 reginamque,
382 1067 512 1100 Danico
542 1070 651 1099 ortam
688 1075 829 1110 genere,
868 1063 1161 1107 lutheranicisque
1188 1063 1390 1109 implicitam
1422 1064 1598 1105 eroribus‚
1623 1071 1658 1099 ut
1689 1077 1725 1100 se

111 1129 182 1163 Deo
202 1140 262 1174 per
283 1128 454 1162 sinceram
474 1128 678 1173 religionem
710 1127 921 1165 restitueret,
945 1125 1048 1170 inque
1064 1124 1132 1159 fide
1147 1125 1191 1159 ad
1210 1137 1409 1170 supremum
1429 1138 1536 1171 usque
1552 1128 1633 1162 vitae
1653 1141 1725 1164 51110

111 1191 199 1224 diem
215 1194 448 1236 permaneret,
470 1190 620 1224 induxit.
644 1188 788 1223 Prodita
804 1192 883 1221 sunt
898 1187 973 1232 regi
988 1187 1134 1221 Roberti
1150 1187 1263 1221 studia
1278 1200 1284 1221 :
1301 1188 1533 1224 dissimulavit
1546 1191 1719 1237 princeps,

113 1264 221 1298 neque
237 1252 319 1286 aula
338 1263 401 1286 sua
418 1252 596 1297 indignius
612 1250 786 1296 ‹inidpiam
807 1249 941 1288 statuit,
964 1259 1066 1292 quam
1095 1253 1131 1281 ut
1158 1249 1367 1284 vocitaretur
1388 1251 1518 1296 regalis
1538 1252 1723 1297 praefectus

109 1315 258 1360 aucupii.
284 1314 358 1354 1110,
381 1326 424 1348 110
444 1315 562 1359 regius
589 1317 723 1347 tantum
756 1313 1014 1356 nuncuparetur
1041 1321 1181 1355 auceps,
1205 1322 1331 1356 greges
1359 1313 1477 1352 etiam,
1504 1314 1724 1349 errabundos

112 1377 242 1411 scilicet
268 1381 345 1422 post
365 1376 554 1410 Lutherum
573 1376 665 1409 cives
681 1384 775 1409 51105,
795 1372 999 1406 venabatur.
1023 1371 1074 1405 Ea
1094 1372 1332 1417 propagandae
1358 1373 1391 1407 in
1413 1374 1529 1409 Scotia
1544 1375 1723 1421 religionis

111 1440 259 1474 facultas
279 1439 357 1473 odia
379 1438 620 1473 haereticorum
639 1437 865 1471 inflammavit
888 1449 894 1470 ;
921 1434 1084 1481 conqueri
1105 1434 1156 1468 illi
1171 1436 1262 1480 apud
1281 1447 1421 1481 regem;
1440 1441 1473 1471 et
1508 1439 1590 1483 quia
1604 1439 1723 1473 catho-

110 1492 254 1536 licorum
269 1501 402 1535 faveret
420 1500 590 1545 partibus,
612 1499 725 1533 moliri
741 1503 872 1544 pestem
889 1498 1047 1543 principi,
1065 1498 1167 1543 idque
1187 1509 1255 1531 non
1271 1498 1416 1533 obscure
1435 1499 1599 1535 minitari.
1621 1501 1724 1535 Dam-

106 1566 213 1596 'natur
233 1562 409 1597 Robertus
430 1562 560 1606 capite3
583 1561 754 1595 aestimato
773 1573 949 1594 nummum
982 1559 1096 1594 decies
1126 1559 1232 1597 mille,
1265 1561 1559 1595 numerandorum
1581 1562 1644 1602 illi,
1668 1563 1724 1608 qui

112 1636 207 1659 reum
222 1628 302 1658 ante
322 1623 589 1670 tribunalrsuum
610 1623 835 1657 destituisset.
867 1623 995 1656 Noster
1023 1621 1173 1660 interim,
1197 1621 1270 1655 Deo
1290 1620 1398 1656 fretus
1418 1626 1451 1656 et
1481 1634 1554 1657 suae
1570 1623 1724 1659 bonitate

112 1694 240 1723 causae,
262 1683 370 1717 nihilo
390 1688 505 1716 tamen
522 1683 634 1716 secius
650 1695 713 1717 sua
732 1684 892 1729 persequi
909 1697 915 1723 ;
934 1695 1033 1728 quam
1053 1683 1134 1717 boni
1153 1688 1257 1717 tenax
1276 1684 1463 1728 propositi,
1486 1689 1556 1719 tam
1573 1686 1726 1731 prudens

111 1756 151 1779 ac
166 1745 313 1790 vigilans
341 1745 385 1779 ad
412 1745 539 1779 omnia.
564 1744 634 1778 Sed
652 1749 789 1779 cautum
810 1745 928 1784 etiam,
958 1756 1063 1790 prope
1095 1746 1160 1780 fuit
1187 1750 1223 1780 ut
1255 1747 1466 1792 opprimeret
1485 1748 1726 1784 insidiantium

111 1806 252 1847 malitia,
283 1807 430 1840 maxime
459 1818 535 1840 cum
556 1806 645 1851 apud
666 1818 764 1841 suum
785 1807 955 1852 hospitem
975 1807 1184 1841 catholicum
1204 1819 1285 1841 suos
1303 1808 1349 1841 ad
1367 1808 1471 1842 fidem
1490 1811 1673 1845 tenendam
1692 1816 1726 1846 et

111 1868 191 1902 vitae
210 1867 323 1902 officia
343 1867 543 1901 christianae
562 1868 771 1902 hortaretur.
795 1869 884 1902 Tum
903 1868 936 1901 in
957 1868 1100 1902 obsessa
1115 1869 1158 1902 ab
1176 1869 1350 1903 haereticis
1370 1870 1470 1905 domo
1490 1870 1618 1906 furiose
1633 1884 1726 1918 quae-

110 1929 208 1970 511115,
231 1929 276 1963 ad
295 1928 405 1963 forum
425 1934 458 1963 et
478 1940 599 1974 poenas
619 1929 776 1963 decretas
796 1933 927 1963 tractus
947 1930 1069 1964 fuisset
1096 1930 1129 1964 in
1159 1931 1323 1972 vinculis,
1346 1932 1413 1966 nisi
1440 1933 1606 1968 famulum
1626 1946 1725 1969 suum

110 1991 203 2025 Deus
227 2003 292 2036 quo
322 1991 437 2025 nescio
457 1991 557 2025 modo
578 1992 796 2035 protexisset.
819 1991 953 2025 Novem
981 1992 1030 2025 ita
1058 1992 1244 2038 decemque
1272 2005 1382 2028 annos
1402 1995 1435 2028 in
1455 1997 1630 2040 perpetuis
1651 2009 1726 2031 ver-

109 2055 204 2086 satus
223 2057 275 2086 est
294 2051 468 2098 periculis.
494 2052 689 2086 Laboribus
709 2052 857 2097 denique
876 2052 1034 2092 fractum,
1058 2057 1091 2087 et
1104 2053 1180 2098 jam
1204 2056 1479 2100 octogenarium,
1500 2056 1726 2104 Brunsberga

108 2114 143 2147 in
170 2125 270 2147 suum
297 2114 427 2159 recepit
442 2114 652 2159 Collegium.

157 2175 295 2210 Excitat
314 2175 444 2221 pariter
463 2176 506 2210 ad
527 2176 580 2209 sui
608 2177 809 2211 memoriam
830 2180 988 2222 posteros
1017 2177 1056 2211 P.
1087 2178 1285 2213 Stanislaus
1305 2179 1542 2215 Grodzickius.
1567 2181 1726 2217 Honesta

108 2238 136 2271 is
160 2241 193 2272 et
211 2237 328 2282 ampla
346 2237 477 2271 familia
491 2237 604 2271 editus
623 2238 657 2271 in
684 2238 914 2273 Posnaniensi
934 2239 1126 2284 provincia.
1150 2240 1264 2274 Multa
1283 2241 1354 2286 egit
1368 2241 1538 2287 praeclara
1552 2243 1587 2277 in
1607 2244 1726 2279 Litua-

107 2299 186 2339 nia;
209 2298 334 2332 multos
358 2310 425 2343 qua
449 2298 547 2333 dictis
566 2310 632 2344 qua
652 2299 789 2345 scriptis
807 2300 991 2335 haereticos
1014 2302 1059 2335 ad
1079 2301 1270 2336 Ecclesiam
1294 2303 1470 2337 revocavit
1488 2316 1494 2338 1
1517 2310 1728 2352 quapropter

108 2360 213 2406 vulgo
233 2360 475 2406 appellabatur
493 2361 673 2406 apostolus
700 2361 888 2396 Lituaniae.
915 2363 1076 2402 Juvenis,
1102 2368 1179 2409 post
1198 2363 1315 2398 datam
1334 2365 1565 2411 philosophiae
1584 2379 1726 2413 operam

106 2422 139 2456 in
157 2422 282 2467 patria,
311 2422 460 2456 Romam
484 2422 656 2468 profectus
680 2431 744 2464 est,
765 2425 882 2458 animo
904 2425 947 2459 ad
978 2425 1092 2459 studia
1110 2425 1307 2470 theologica
1325 2437 1506 2461 converso,
1528 2429 1609 2462 Jam
1629 2430 1724 2465 theo-

103 2481 207 2527 logiae
228 2482 437 2516 curriculum
456 2483 489 2517 in
510 2485 691 2529 gymnasio
713 2485 900 2520 Societatis
926 2496 1032 2531 prope
1057 2485 1266 2527 confecerat,
1288 2498 1366 2521 cum
1386 2488 1567 2536 popularis
1592 2501 1675 2525 suus
1693 2495 1726 2526 et

1752 377 1816 403 1613

1810 417 1839 442 17

1750 458 1779 483 P.
1793 457 1858 483 Abir
1865 471 1874 475 -

1750 495 1859 522 crombii

1750 535 1846 561 obitus.

1751 643 1816 686 Ejus
1839 642 1892 669 offi-

1752 689 1799 707 cia.

1754 1014 1784 1039 In
1798 1013 1883 1040 Scotia

1755 1053 1847 1079 civium
1859 1062 1898 1078 >a-

1755 1092 1836 1118 lutem
1851 1100 1894 1118 eu—

1754 1135 1802 1160 rat.

1755 1229 1880 1261 Reginam

1753 1268 1895 1294 revocatad

1753 1307 1843 1333 Eccle-

1753 1346 1827 1372 siam.

1753 1386 1855 1419 Auceps

1754 1424 1839 1450 dictus
1873 1433 1898 1450 a-

1752 1466 1895 1492 nimarum.

1753 1506 1891 1532 Haeretico-

1753 1553 1809 1571 rum
1821 1546 1886 1571 invi-

1751 1583 1820 1608 diam
1837 1591 1892 1608 sus-

1753 1622 1830 1647 tinet.

1753 1660 1889 1686 Periclita-

1755 1703 1798 1728 tur
1807 1701 1899 1735 capite.
