2184 2953
649 298 754 327 LIBER
779 297 966 327 SECUNDUS
991 297 1201 333 (1571-1580).
1717 292 1756 322 65

138 394 171 425 et
184 390 302 432 tertio,
325 390 442 425 nescio
465 401 546 435 quo,
570 389 694 424 Sociis.
713 389 806 424 Ante
829 400 931 434 quam
957 386 1131 421 Antonius
1150 387 1362 423 excesserat,
1379 382 1579 429 pestilentia
1597 383 1756 418 Sueticas
1783 388 1846 415 1579

136 452 292 487 civitates
320 451 503 497 occupavit
521 451 554 497 (1)
577 464 583 485 :
606 463 673 497 qua
696 451 800 496 plaga
829 450 1017 484 admonere
1043 449 1225 483 videbatur
1256 448 1350 482 Deus
1380 446 1400 480 J
1405 457 1564 486 oannem,
1587 445 1755 480 salutaria

138 513 283 548 consilia
302 517 564 560 aspernantem.
590 513 774 547 Araosiam
792 512 928 557 regina,
958 511 993 545 in
1019 510 1134 544 locum
1165 509 1353 550 salubrem,
1376 512 1480 553 atque
1507 519 1528 541 a
1546 508 1754 553 contagione

134 579 319 617 remotum,
343 575 544 610 declinavit.
575 575 681 623 Sequi
710 574 870 620 reginam
892 573 983 619 jussi
1010 571 1278 606 Varszevickius
1304 573 1338 604 et
1361 569 1590 616 Vyssockius,
1613 573 1754 604 strenue

131 637 224 671 aulae
242 640 276 672 et
295 636 478 683 oppidanis
507 648 648 683 operam
677 640 862 675 navarunt‚
884 635 905 669 J
911 634 1035 669 ubilaeo
1056 633 1206 668 maxime
1232 632 1267 666 in
1297 631 1422 667 Suecia
1443 631 1537 666 inter
1565 631 1753 666 catholicos
1782 619 1927 687 ῗςῗξζίἑὲῄ

131 698 375 744 promulgato;
409 699 508 744 cujus
539 709 646 732 causa
678 698 802 743 regina
833 697 1019 742 caeterique
1061 706 1124 741 per
1171 693 1421 734 confessiones,
1456 705 1477 728 a
1506 693 1618 739 prima
1649 694 1753 728 ctiam
1782 700 1858 726 Socii.

131 760 282 806 pueritia
312 761 571 795 commissorum
600 761 758 799 iteratas,
787 770 916 804 perque
944 758 1014 792 alia
1042 757 1183 803 pietatis
1214 756 1327 791 officia
1350 756 1536 801 diligenter
1567 767 1605 790 se
1627 756 1755 790 divinae

128 821 323 857 clementia}
350 822 652 856 commendabant.
687 821 777 854 Tum
802 825 905 865 atquo
934 820 1038 860 alias,
1060 819 1142 853 hinc
1170 829 1191 853 a
1223 819 1281 864 pia
1311 817 1437 863 regina
1468 820 1591 857 matre,
1618 817 1714 851 illinc
1733 829 1754 852 a

129 882 390 924 Varszevickio‚
413 882 657 928 Sigismundus
677 882 838 928 princeps
861 893 929 928 qua
947 880 1114 926 exemplis
1133 891 1202 925 qua
1216 879 1357 914 monitis
1377 879 1421 913 ad
1447 879 1613 925 pietatem
1631 879 1759 914 excita-
1783 882 1928 926 Regium-et

132 946 245 980 batur.
281 946 361 981 Rex
390 945 540 985 interim,
573 957 616 980 ne
654 944 768 990 plagis
802 944 939 990 quidem
968 943 1093 977 divinis
1121 941 1256 981 melior,
1287 945 1408 976 contra
1433 953 1482 975 :a
1508 945 1619 976 matre
1649 941 1758 976 filium
1782 921 1928 993 {Empi-

130 1019 290 1047 avocam,
310 1008 396 1042 ritus
416 1006 661 1042 commendare
676 1007 814 1051 juveni,
829 1017 948 1047 novos,
971 1005 1016 1039 ad
1040 1006 1122 1038 fana
1145 1004 1403 1039 Luteranorum
1433 1007 1467 1037 et
1487 1004 1671 1039 conciones
1690 1008 1756 1038 tra·
1781 999 1916 1064 {v‘iijffifflh

132 1070 269 1105 ducere.
302 1084 319 1098 κ
341 1069 477 1104 Monita
501 1081 542 1104 ea
561 1069 603 1103 de
624 1080 661 1103 re
679 1069 839 1114 princeps
870 1069 1064 1102 obtestatur
1090 1070 1223 1106 natum,
1254 1065 1291 1099 in
1318 1064 1500 1110 religione,
1523 1077 1623 1111 quam
1642 1077 1704 1112 per
1722 1078 1759 1102 se
1872 1058 1876 1063 ⁵

135 1147 150 1161 κ
173 1132 377 1178 accepisset,
406 1131 519 1166 fidelis
549 1131 599 1165 uti
631 1134 783 1176 perstet3
813 1141 925 1176 neque
956 1141 992 1164 se
1021 1128 1243 1163 Luteranicae
1271 1127 1480 1173 contagione
1507 1132 1612 1163 sectae
1637 1132 1754 1163 conta-

135 1209 150 1222 α
173 1194 281 1229 minet
298 1207 304 1228 :
326 1205 369 1228 ne
396 1186 501 1227 ullius
529 1196 696 1238 sequatur
715 1192 884 1237 exempla,
907 1203 985 1239 qum
1004 1203 1021 1225 a
1040 1190 1225 1236 disciplina
1244 1201 1307 1225 sua
1329 1190 1503 1225 catholica
1521 1191 1755 1225 abhorreantf

135 1273 148 1286 s«
173 1257 351 1302 Speraret,
391 1256 487 1291 brevi
517 1256 602 1295 fore,
639 1259 674 1290 ut
704 1259 737 1289 et
774 1254 991 1290 sanctitatem
1029 1254 1104 1299 ejus
1131 1253 1300 1288 doctrinae
1339 1264 1412 1288 suaa
1450 1253 1544 1288 Deus
1582 1253 1753 1299 praeclaro

133 1334 148 1348 a<
170 1319 285 1364 aliquo
317 1318 497 1353 confirmet
527 1317 697 1363 exemplo,
742 1320 776 1351 et
803 1327 900 1351 suam
931 1315 1145 1360 Sigismundi
1181 1314 1412 1349 constantiam
1453 1327 1595 1350 munere
1622 1316 1753 1351 afficiat

133 1396 147 1409 <z
170 1380 395 1426 amplissimo.
437 1397 452 1411 η
487 1379 604 1413 Valuit
642 1378 810 1413 salutaris
829 1377 922 1422 apud
939 1376 1104 1421 juvenem
1123 1376 1212 1410 bene
1240 1379 1413 1410 moratum
1432 1376 1637 1412 cohortatio.
1659 1378 1755 1423 Ergo

129 1446 240 1488 patre,
267 1453 304 1476 se
342 1446 378 1476 ut
405 1442 450 1476 ad
483 1441 739 1476 ‘Luteranicum
769 1439 888 1473 sanum
918 1441 1134 1483 sequeretur,
1163 1441 1338 1477 monente,
1365 1438 1522 1473 modeste
1553 1437 1755 1475 adolescens

135 1508 362 1553 deprecatur;
399 1506 599 1551 diserteque
625 1505 705 1539 inde
733 1502 917 1538 confirmat
938 1501 1092 1547 urgenti,
1123 1501 1227 1536 malle
1257 1513 1294 1537 se
1331 1502 1483 1536 omnium
1519 1514 1635 1538 rerum
1664 1514 1754 1537 mor-

136 1568 258 1603 talium
278 1568 454 1614 jacturam
481 1567 608 1608 facere,
642 1577 743 1612 quam
775 1565 879 1600 fidem
910 1576 1021 1605 suam,
1056 1564 1235 1598 catholicis
1267 1564 1391 1599 ritibus
1422 1565 1625 1600 obstrictam
1661 1566 1748 1606 Deo,

132 1643 209 1666 cum
228 1629 351 1665 alienis
370 1629 598 1675 religionibus
617 1628 845 1664 commisceri.
863 1628 1006 1662 Exarsit
1023 1627 1073 1661 ira
1093 1627 1113 1661 J
1117 1638 1262 1668 oannes,
1281 1631 1316 1661 et
1342 1627 1429 1674 regii
1455 1628 1581 1662 oblitus
1601 1627 1749 1667 decoris,

133 1694 321 1740 principem
348 1693 456 1739 alapis
488 1692 613 1727 multat
640 1692 896 1737 indignissime,
919 1690 1004 1726 Inde
1031 1690 1128 1724 furor
1158 1692 1254 1723 totus
1286 1693 1424 1724 vertere
1452 1690 1487 1724 in
1518 1690 1706 1736 magistros
1732 1701 1751 1725 e

95 1747 97 1749 ¹
133 1755 306 1790 Societate
337 1755 503 1794 advenas,
524 1754 684 1794 verbera,
715 1754 869 1794 exilium,
891 1753 1003 1787 minas
1016 1752 1155 1797 jactare
1174 1751 1281 1785 diras.
1305 1751 1541 1797 Posteaquam
1571 1751 1751 1786 iracundia

133 1816 314 1856 deferbuit,
336 1816 594 1851 admonendum
620 1819 786 1862 putarunt
818 1826 938 1860 regem
969 1813 1060 1848 Socii
1091 1824 1153 1858 per
1180 1812 1375 1847 aulicorum
1394 1813 1597 1859 principem,
1618 1825 1661 1848 ne
1689 1825 1750 1849 rex

134 1878 198 1912 sibi
216 1878 458 1913 innocentibus
477 1877 512 1911 id
541 1877 677 1912 crimini
706 1878 816 1917 daret,
851 1875 943 1922 quod
967 1886 1067 1909 suum
1093 1879 1278 1921 paternum
1296 1874 1389 1909 filius
1407 1875 1591 1921 imperium
1610 1876 1750 1910 abnuis-

133 1943 185 1974 set
206 1952 212 1974 :
238 1941 254 1968 ’κ
274 1950 344 1974 non
371 1950 430 1974 eos
457 1950 493 1973 se
520 1938 589 1973 huc
614 1939 752 1974 venisse
779 1939 979 1984 magistros,
1001 1936 1059 1982 qui
1084 1941 1198 1976 natos,
1221 1937 1303 1971 fidei
1331 1948 1403 1971 suae
1436 1938 1649 1979 commissos,
1672 1950 1751 1973 con-

136 2015 150 2030 a
171 2002 356 2036 tumaciam
375 2001 543 2036 adversus
563 2005 726 2047 parentes
745 2001 915 2041 doceant;
937 1998 1020 2044 quin
1038 1998 1106 2032 imo
1126 2009 1162 2032 se
1181 2009 1258 2032 cum
1277 1998 1418 2044 pietatis
1438 2002 1512 2033 tum
1530 1999 1749 2039 reverentiae,

135 2078 150 2092 a
172 2075 273 2108 quam
292 2067 326 2098 et
346 2063 409 2097 filii
428 2063 630 2108 parentibus
662 2066 697 2098 et
722 2062 935 2108 principibus
966 2060 1059 2095 cives
1084 2059 1246 2101 debeant,
1270 2060 1430 2094 omnibus
1463 2072 1626 2095 suasores
1657 2073 1748 2096 esse.

136 2139 150 2153 α
172 2125 341 2160 Viderent
372 2128 488 2160 tamen
515 2128 678 2170 parentes
711 2124 777 2170 ipsi
809 2128 842 2159 et
878 2122 1065 2168 principes,
1096 2125 1263 2166 quantum
1297 2121 1363 2156 sibi
1390 2132 1453 2156 sua
1480 2133 1617 2157 sumere
1640 2123 1751 2168 possit

137 2200 152 2214 κ
174 2186 376 2226 auctoritas,
397 2185 434 2220 in
461 2186 584 2231 quibus
613 2186 731 2220 divina
750 2197 805 2220 res
825 2189 858 2219 et
886 2185 980 2219 salus
1000 2183 1237 2229 subjectorum
1253 2194 1315 2218 sua
1342 2187 1518 2228 ageretur,
1546 2201 1561 2216 n
1583 2184 1665 2218 Non
1683 2185 1749 2219 ista

133 2258 243 2293 nuper
273 2247 347 2282 Deo
378 2258 507 2292 regem,
528 2258 564 2281 se
583 2251 685 2288 teste,
706 2247 923 2293 promisisse.
946 2246 997 2280 Ea
1027 2255 1087 2279 seu
1104 2244 1361 2289 [Varszevickii
1387 2246 1459 2281 sive
1484 2246 1629 2282 alterius
1657 2247 1749 2282 Socii

134 2308 241 2342 oratio
260 2308 401 2353 infregit
419 2309 572 2343 animum
599 2309 694 2354 regis
713 2308 935 2343 concitatum.

180 2370 425 2406 Varszevickio
450 2371 662 2417 perdurante
686 2371 721 2405 in
740 2371 890 2405 statione
913 2380 974 2404 sua
994 2368 1137 2403 Suetica
1157 2369 1215 2414 qui
1239 2369 1303 2403 sibi
1326 2374 1544 2405 successerat
1566 2370 1746 2405 Vilnensis
1830 2376 1870 2403 36.

136 2432 282 2478 Collegii
303 2437 418 2468 rector
453 2434 606 2468 Jacobus
636 2433 809 2479 Vujekus,
836 2443 857 2466 a
875 2431 984 2466 natali
1005 2430 1079 2465 solo
1104 2430 1300 2475 Superioris
1324 2431 1482 2467 Poloniae
1501 2432 1613 2468 dictus
1635 2433 1746 2467 Wan-
1775 2415 1890 2448 VuJekus

178 2506 217 2543 (1)
232 2507 369 2536 pestilens
389 2512 498 2544 tempus
513 2510 539 2536 in
557 2508 668 2537 Suecia.

1603 2561 1618 2584 9
