2184 2953
637 299 742 327 [ABER
767 298 921 326 TERTIUS
944 297 1151 333 M5804590y
1645 290 1702 321 125

93 408 108 423 a
130 391 338 428 catholicam
357 390 576 435 religionem,
599 388 743 424 Lutheri
768 388 957 426 ministros,
974 386 1085 432 plebis
1112 388 1328 423 evocatores‚
1350 383 1384 417 in
1404 383 1457 418 his
1485 383 1702 418 Lemkenum

92 470 106 484 a
129 465 218 489 esse.
243 454 281 487 In
316 463 353 486 re
384 455 455 486 tam
483 451 667 502 manifesta
693 450 773 495 quia
804 449 920 483 nullus
951 459 1061 493 neque
1090 446 1267 481 inficiandi
1297 446 1365 480 reis
1393 457 1505 490 neque
1526 445 1702 490 judicibus

91 531 106 546 a
131 514 320 551 excusandi
338 514 434 548 locus
453 514 528 553 fuit,
552 513 730 559 deprecati
751 512 885 552 Socios,
908 510 1130 545 securitatem
1155 508 1310 554 Collegio
1329 512 1363 542 et
1385 507 1564 541 catholicis
1584 506 1703 553 proesi-

91 595 105 608 α
128 579 289 623 diumque
303 588 324 610 a
343 576 550 621 magistratu
566 575 785 620 pollicentur.

139 641 191 676 Ea
222 640 331 673 fretus
360 638 522 672 cautione
546 643 673 677 rector,
704 636 954 682 quinquaginta
986 634 1127 673 milites,
1162 645 1247 679 quos
1278 633 1369 667 arcis
1404 631 1706 666 Dunaemundanae

88 703 271 750 praefectus
290 701 335 735 ad
349 700 532 734 tutandum
553 699 746 744 Collegium
774 698 969 732 adduxerat
991 696 1194 743 (admiratus
1222 695 1384 734 hominis,
1416 695 1560 740 ejusque
1580 693 1704 727 Luthe-

88 765 177 805 rani,
195 762 569 801 benevolentiam,cum
584 761 747 795 habenda
762 760 1002 794 immortaliter
1022 758 1133 793 eidem
1150 758 1290 803 gratia),
1311 757 1456 791 remisit.
1481 756 1525 790 Et
1539 755 1706 801 przesides

90 826 228 874 quidem
251 824 403 859 civitatis
417 823 521 857 fidem
536 835 635 857 suam
650 823 731 857 inde
745 822 876 857 nostris
897 821 1065 867 prazclare
1085 820 1326 865 approbarunt
1345 819 1379 853 in
1402 818 1528 857 turbis,
1550 829 1672 851 rursus
1687 829 1707 850 a

89 889 190 935 plebe
206 887 440 922 Lutheranica
456 886 629 925 excitatis,
653 896 746 919 311110
770 885 861 919 1585
876 884 932 917 vix
948 883 1027 917 dum
1047 883 1147 917 inito.
1163 881 1375 916 Concionuin
1386 881 1510 914 fluctus
1526 884 1710 914 commowt

91 950 218 986 scholae
238 949 452 984 Lutheranae
467 952 581 982 rector
609 947 793 985 Mollerus,
818 945 999 980 Lemkenii
1019 944 1176 990 gregalis
1191 943 1492 989 germanissimus.
1523 942 1629 976 Suam
1653 941 1709 975 hic

91 1023 227 1058 quoque
262 1010 449 1045 mandebat
477 1009 594 1048 bilem,
626 1008 822 1054 parturiens
858 1007 972 1041 animo
997 1006 1118 1046 multa,
1162 1005 1430 1051 singultansque
1463 1016 1504 1038 ex
1532 1002 1708 1037 cathedris

91 1074 259 1109 adversus
278 1072 441 1118 Papistas
470 1076 503 1105 et
529 1078 735 1111 monstrum,
767 1069 942 1103 lnereticis
962 1069 1086 1103 Romae
1108 1079 1217 1113 nuper
1245 1072 1376 1107 natum,
1399 1065 1561 1113 Grregorii
1579 1065 1712 1099 scilicet

91 1136 180 1172 XIII
213 1134 478 1174 kalendarium
515 1144 556 1167 ex
576 1144 643 1178 quo
666 1133 741 1175 jam
772 1132 1000 1177 magistratus
1037 1130 1206 1176 Rigensis
1242 1141 1306 1163 sua
1347 1128 1477 1174 agebat
1496 1127 1625 1162 onmia.
1649 1126 1711 1161 Ille

95 1200 238 1233 senatus
263 1196 367 1230 etiam
391 1195 445 1229 sui
469 1194 636 1229 damnare
656 1194 879 1232 sententiam,
897 1198 931 1227 et
946 1193 1176 1227 seditionibus
1192 1192 1327 1237 plebem
1345 1190 1496 1236 agitare.
1516 1188 1712 1234 Effecitque

93 1262 288 1306 praeceptor
319 1257 476 1291 oratione
495 1260 635 1302 arguta,
658 1261 695 1290 ut
714 1255 840 1301 vulgus
858 1255 904 1289 IV
927 1266 1036 1288 nonas
1054 1253 1239 1300 januarias
1265 1252 1417 1287 natalem
1442 1251 1572 1286 Christi
1606 1250 1709 1290 diem,

94 1333 174 1356 mox
205 1319 487 1355 Circumcisionis
510 1319 558 1353 IV
577 1318 655 1352 idus
675 1317 833 1364 ejusdem
862 1317 992 1351 mensis
1011 1345 1017 1357 ‚
1048 1316 1147 1361 quasi
1168 1315 1204 1349 hi
1223 1315 1296 1349 dies
1316 1326 1334 1348 e
1353 1314 1452 1348 fastis
1480 1316 1597 1348 essent
1620 1316 1713 1347 vete-

98 1383 206 1423 ribus,
229 1382 379 1416 obirent.
406 1381 486 1415 Non
511 1381 638 1426 placuit
657 1380 844 1426 plerisque,
872 1378 1122 1413 dissidentibus
1155 1378 1271 1417 etiam,
1299 1388 1340 1411 ea
1356 1388 1418 1422 per
1433 1375 1622 1410 Mollerum
1637 1386 1714 1420 per-

97 1445 314 1479 turbatorum
356 1443 499 1488 farrago
527 1446 734 1487 tempormn,
770 1441 804 1474 in
849 1441 970 1486 primis
1011 1439 1159 1475 Nicolao
1201 1439 1355 1478 Hekkm,
1393 1437 1558 1473 Praefecti
1605 1436 1715 1470 urbici

94 1506 237 1545 vicario,
260 1509 297 1539 et
314 1504 488 1539 Gottardo
508 1503 688 1549 Vellingo‚
712 1503 819 1537 civico
839 1502 961 1543 actori,
979 1506 1016 1536 ut
1035 1505 1170 1541 vocant,
1189 1500 1348 1547 syndico.
1370 1500 1424 1534 Ab
1449 1499 1503 1534 his
1525 1499 1717 1533 accersitur

96 1569 129 1602 in
154 1568 355 1614 praetorium
371 1567 498 1601 veteris
517 1566 715 1601 kalendarii
736 1577 844 1599 novus
877 1565 990 1610 opifex
1008 1577 1014 1598 :
1038 1576 1145 1598 causa
1165 1563 1271 1603 dicta,
1301 1562 1429 1597 ibidem
1450 1573 1511 1607 pro
1528 1565 1627 1595 sonte
1646 1565 1716 1594 tra-

98 1630 190 1664 ditur
205 1630 238 1663 111
260 1628 462 1663 custodiam.
504 1629 681 1662 Urebatur
706 1628 855 1661 maxime
871 1627 927 1660 siti
947 1626 1119 1672 captivus,
1155 1637 1197 1659 ex
1227 1636 1360 1671 nupera
1387 1624 1441 1658 vel
1462 1623 1717 1657 declamatione

96 1703 156 1726 sua
170 1702 298 1737 praeco,
321 1690 375 1724 vel
395 1694 532 1736 potator
547 1702 589 1724 ex
623 1689 786 1734 crapula;
818 1689 862 1722 ad
886 1690 1076 1722 fenestram
1098 1699 1183 1732 ergo
1216 1687 1380 1725 carceris,
1416 1696 1501 1719 voce
1533 1684 1716 1719 clamitans

96 1765 213 1794 rauca,
232 1756 500 1799 praetereuntes,
539 1752 766 1786 combibones
799 1751 949 1784 maxime
974 1762 1067 1790 suos,
1087 1749 1306 1789 obsecrabat,
1329 1748 1493 1794 poculum
1521 1747 1639 1792 utique
1658 1746 1716 1780 fri-

99 1816 190 1861 gidae
209 1815 334 1849 misere
369 1814 529 1860 pereunti
548 1814 794 1859 impingerent.
822 1813 947 1847 Gravis
982 1811 1120 1857 oppido,
1159 1818 1263 1856 atque
1296 1810 1466 1856 supplicio
1499 1808 1659 1843 acerbior
1678 1819 1719 1842 ea

97 1878 262 1912 sitibundi
283 1877 432 1911 hominis
450 1877 588 1911 miseria
608 1887 683 1915 5110,
707 1875 823 1909 nescio
850 1874 917 1913 cui,
940 1874 1077 1919 gregali
1111 1874 1210 1913 vis-213
1239 1883 1434 1907 convocare
1464 1871 1523 1905 ille
1555 1870 1601 1904 ad
1620 1871 1719 1904 sene-

97 1944 204 1974 stram
223 1939 400 1985 populum,
428 1942 460 1973 et
474 1951 551 1973 cum
575 1938 711 1983 captivo
732 1936 876 1982 ejulare,
900 1948 999 1981 opem
1024 1935 1212 1981 implorare
1232 1934 1344 1980 plebis
1372 1933 1542 1967 adversus
1564 1932 1721 1977 iniquum

99 2006 201 2048 atque
225 2002 450 2047 impotentem
477 2000 658 2034 consulum
678 2011 818 2033 suorum
838 1998 1066 2032 dominatum.
1088 1997 1239 2042 Vulgus,
1263 2001 1300 2030 ut
1323 1995 1444 2030 mobili
1460 1999 1514 2029 est
1538 1995 1668 2034 animo,
1689 1997 1722 2027 et

99 2067 256 2110 prompto
276 2063 321 2097 ad
339 2063 472 2097 facinus
492 2062 650 2108 quodvis,
669 2067 879 2095 concurrunt
898 2059 1010 2099 facile,
1031 2063 1135 2104 atque
1168 2058 1309 2104 agmine
1328 2058 1433 2098 facto,
1452 2056 1606 2091 effractis
1631 2067 1721 2101 prae—

100 2126 181 2160 torii
204 2125 377 2165 claustris,
400 2124 588 2159 Mollerum
620 2135 719 2157 suum
753 2123 927 2168 eripiunt;
952 2121 1031 2155 inde
1054 2121 1241 2155 frementes
1274 2120 1319 2154 ad
1342 2118 1574 2158 Neunerium‚
1597 2117 1721 2164 praedi-

100 2187 251 2221 cantium
270 2198 411 2220 suorum
428 2186 640 2225 antistitem;
663 2185 721 2230 qui
740 2184 836 2218 litem
852 2183 1000 2217 Mollero
1020 2182 1112 2227 apud
1140 2188 1326 2227 praetorem
1348 2180 1479 2226 primus
1495 2179 1719 2214 intendisset.

99 2249 169 2283 Pro
185 2249 351 2294 dignitate
371 2248 524 2282 muneris
544 2247 597 2281 sui
613 2247 655 2281 ab
675 2247 797 2281 ovibus
822 2246 894 2279 suis
915 2248 1082 2278 tractatus
1114 2248 1242 2289 pastor.
1266 2242 1362 2277 Male
1389 2246 1461 2276 tum
1483 2242 1547 2276 suit
1567 2246 1600 2276 et
1619 2240 1723 2286 capiti

101 2322 161 2344 suo
186 2314 219 2345 et
234 2310 397 2356 scapulis.
418 2310 508 2344 Rem
523 2309 567 2343 ad
590 2309 666 2343 haec
681 2308 831 2354 pastoris
855 2306 1062 2340 familiarem
1082 2305 1288 2339 distraxere.
1310 2305 1400 2338 Hinc
1417 2303 1462 2338 ad
1486 2302 1666 2337 Hekkium
1687 2306 1721 2335 et

102 2372 302 2418 Vellingum
321 2372 484 2413 fanatici3
523 2371 568 2405 ad
587 2383 645 2405 eos
669 2370 812 2410 scilicet,
844 2380 929 2414 quos
950 2368 1136 2401 Neunerus
1152 2367 1185 2399 111
1213 2366 1343 2400 crimen
1363 2365 1538 2404 trahebat,
1557 2368 1722 2408 tanquam

100 2445 261 2468 suasores
284 2435 358 2480 ejus
373 2433 484 2479 culpae
505 2445 577 2468 suae
597 2438 701 2478 atque
720 2431 938 2476 impulsores.
963 2428 1212 2462 Prudentiores
1240 2428 1289 2467 hi,
1322 2427 1404 2472 fuga
1419 2425 1613 2472 periculum
1631 2435 1720 2468 prae-

100 2499 288 2530 verterant.
307 2496 437 2530 Domus
457 2507 530 2529 suae
557 2495 690 2540 pariter
717 2494 875 2538 direptae.
897 2493 989 2526 Inter
1008 2491 1084 2525 haec
1099 2494 1288 2536 tempestas
1313 2489 1472 2535 Collegio
1488 2486 1723 2534 impendebat

1730 387 1791 414 1585

1733 815 1826 840 Turbae

1687 880 1692 884 ,
1732 855 1827 881 ibidem
1848 864 1873 881 a·

1732 897 1782 923 lim,
