2184 2953
428 300 488 332 234
805 303 1081 333 LITUANICARUM
1105 304 1317 333 SOCIETATIS
1338 306 1423 335 JESU
1448 306 1699 335 HISTORIARUM

260 396 323 424 1612
431 397 597 444 inclytam
615 398 803 440 beneficiis,
826 398 950 434 obtulit
977 399 1232 434 munusculum.
1255 399 1547 434 Animadversum
1579 403 1643 441 est,
1675 401 1778 435 simul
1804 401 1914 436 facem
1953 413 2051 437 suam

260 443 332 506 ἓξὲξ,
359 449 406 505 88ζο
434 459 528 504 igne,
562 459 665 494 simul
704 461 847 495 Petrum
885 460 1055 495 febricula
1087 465 1327 506 consumptum
1361 472 1450 501 esse,
1480 461 1512 495 V
1542 462 1713 497 kalendas
1745 463 1918 503 octobres,
1955 474 2047 498 anno

259 527 302 584 ξθῐξ
317 518 407 584 {fflsiu
433 521 547 556 aetatis
574 521 670 563 77¹¹³⁰‚
691 522 772 557 vitae
796 523 831 556 in
858 523 1033 557 Societate
1063 526 1252 557 transactae
1275 523 1347 558 44²⁰
1365 523 1411 567 (1).
1443 523 1567 558 Elatus
1599 535 1726 569 magno
1755 525 1895 563 civium,
1926 525 2051 560 acade-

260 600 352 626 mitur.
433 583 613 624 micorum,
649 595 832 630 procerum
867 587 901 618 et
936 584 1182 630 religiosorum
1219 584 1388 619 Ordinuni
1426 597 1596 620 concursu
1639 586 1683 620 ad
1720 586 1836 621 funus
1875 587 2051 622 Certatum

433 647 523 682 inter
549 647 723 693 principes
749 647 856 686 viros,
886 647 944 693 qui
976 647 1140 683 feretrum
1180 647 1337 682 subirent
1376 648 1489 694 primi.
1521 649 1649 684 Merita
1686 650 1859 685 demortui
1892 650 2051 686 oratione

431 709 609 745 luculenta
625 709 813 744 celebravit
834 710 985 757 inclytus
1006 722 1024 745 e
1053 721 1153 745 sacra
1184 710 1254 744 divi
1275 710 1448 746 Dominioi
1471 712 1604 747 familia
1631 713 1856 748 concionator
1875 713 2055 749 Fabianus

432 772 691 811 Birkowskius,
721 772 764 806 ab
792 772 860 806 illis
880 772 1118 807 Ecclesiastici
1136 772 1252 807 verbis
1270 784 1371 808 orsus
1395 787 1401 808 :
1423 777 1583 808 sur-remit
1602 777 1709 815 Elias,
1728 780 1759 809 et
1786 778 1930 811 verbum
1961 781 2056 815 illius

432 837 533 878 quasi
563 837 680 878 facula
711 837 867 869 ardebat.
899 835 1078 870 Orationis
1113 833 1295 869 veritatem
1325 836 1479 870 secunda
1505 837 1682 871 concionis
1716 837 1989 874 admurmuratio
2021 845 2055 876 et

431 899 605 934 universae
627 898 741 944 gentis
765 909 956 932 consensus
988 897 1271 943 comprobarunt.
1307 897 1451 944 Sepulto
1493 902 1755 934 monumentum
1783 899 1885 945 jussu
1925 902 2052 947 princi-

431 974 512 1008 pum
544 960 756 1007 impositum,
787 959 990 1005 effigiesque
1018 959 1114 994 Petri
1145 959 1180 993 in
1211 971 1261 993 aes
1288 959 1407 994 incisa.
1445 960 1545 995 Cives
1574 960 1805 1001 Sendomirae,
1840 962 1934 1007 apud
1968 975 2054 1009 quos

431 1024 557 1058 Petrus
576 1026 788 1069 postremum
816 1025 891 1056 erat
914 1021 1151 1061 concionatus,
1173 1022 1339 1067 exequias
1359 1033 1527 1056 consursu
1550 1026 1584 1057 et
1610 1026 1779 1068 apparatu
1810 1035 1937 1070 magno
1961 1025 2051 1060 cele-

431 1087 590 1121 brarunt.
621 1086 661 1120 In
689 1085 758 1124 his,
795 1083 945 1119 civitatis
981 1083 1138 1124 antistes,
1173 1085 1459 1130 religiosissimus
1490 1084 1778 1131 doctissimusque
1810 1086 1876 1126 vir,
1914 1086 2054 1133 Gaspar

433 1151 640 1186 Cichockius
677 1162 696 1186 e
725 1153 894 1195 suggesto
929 1149 1069 1195 publica
1109 1148 1267 1182 oratione
1305 1147 1449 1182 Petrum
1492 1147 1716 1182 collaudavit.
1755 1147 1870 1182 Vilnae
1905 1148 1987 1182 item
2020 1148 2057 1183 in

433 1213 562 1259 templo
599 1212 810 1253 academico,
848 1212 958 1258 primo
993 1212 1074 1246 huic
1115 1210 1306 1245 academiae
1352 1209 1445 1243 illius
1485 1209 1611 1244 rectori
1657 1209 1745 1244 bene
1784 1210 1920 1250 merito,
1963 1222 2052 1256 prae-

325 1301 352 1326 lo
438 1280 564 1310 statum
590 1274 731 1321 pietatis
762 1275 925 1309 officium.

262 1342 361 1408 lgruns-
488 1337 798 1382 Brunsbergenses
822 1336 927 1383 paulo
945 1340 1039 1376 ante,
1058 1347 1120 1370 suo
1144 1340 1177 1369 et
1200 1335 1267 1381 ipsi
1291 1334 1418 1369 rectori
1438 1333 1587 1368 Nicolao
1606 1332 1797 1367 Stadfeldio
1813 1336 2052 1379 parentarunt.

281 1390 349 1415 ergae

264 1421 358 1446 Rector
440 1400 562 1434 Funus
586 1398 655 1433 illis
685 1401 783 1432 tanto
814 1398 879 1432 suit
902 1397 1073 1437 acerbius,
1096 1402 1224 1442 quanto
1261 1408 1353 1430 mors
1386 1396 1461 1430 visa
1486 1398 1622 1429 matura
1649 1394 1771 1435 nimis;
1794 1394 1935 1429 vixdum
1966 1394 2056 1429 enim

263 1461 394 1505 Sssaquld·
439 1473 550 1496 annos
567 1461 647 1495 vitae
674 1460 734 1499 42,
756 1472 799 1494 ex
829 1460 883 1494 his
915 1460 950 1493 in
982 1459 1156 1494 Societate
1179 1460 1234 1500 15,
1265 1464 1452 1505 exegerat:
1475 1459 1539 1499 vir,
1562 1459 1659 1504 cujus
1678 1458 1891 1504 exspectatio
1911 1459 1955 1493 ab
1974 1458 2049 1504 ipso

262 1502 410 1565 glilztrntnazi&
438 1523 598 1559 tirocinio
612 1523 676 1557 suit
690 1533 829 1567 magna.
843 1522 958 1556 Natus
973 1522 1006 1555 in
1023 1533 1085 1556 ora
1099 1521 1431 1568 Trevirensi‚patria
1447 1521 1661 1555 Pruniensis.
1682 1520 1836 1555 Coloniae
1849 1520 2056 1566 Agrippinae

438 1600 514 1622 cum
534 1586 737 1621 adolescens
757 1589 969 1625 versaretur,
992 1585 1223 1619 certissimum
1248 1584 1311 1619 sibi
1339 1584 1503 1629 injectum
1522 1583 1643 1617 mortis
1671 1583 1874 1628 periculum.
1906 1583 2058 1618 Consilio

436 1649 553 1684 nescio
569 1660 636 1694 quo
656 1659 699 1681 an
728 1659 824 1687 casu,
845 1647 993 1681 articulo
1012 1647 1177 1692 temporis
1197 1658 1279 1687 uno,
1302 1646 1421 1680 decem
1444 1646 1554 1679 hastae
1574 1645 1713 1678 intortae
1729 1644 1765 1678 in
1785 1645 1973 1690 juvenem;
1996 1645 2058 1680 sed

436 1721 556 1746 omnes
571 1710 621 1744 sic
639 1709 807 1749 cecidere,
830 1714 867 1743 ut
886 1709 1013 1754 aliquae
1029 1712 1183 1754 exceptae
1211 1708 1279 1742 sint
1298 1708 1372 1741 sine
1390 1707 1547 1745 vulnere,
1570 1706 1696 1752 aliquae
1718 1707 1774 1741 vix
1790 1719 1958 1742 summam
1975 1708 2059 1743 cuti-

269 1795 384 1822 Venatio·
437 1773 551 1808 culam
570 1771 847 1818 perstrinxerint.
870 1770 1094 1805 Conservatae
1124 1770 1173 1804 ita
1192 1770 1315 1804 salutis
1344 1769 1509 1804 beneficio
1540 1769 1708 1803 monitum
1733 1780 1770 1803 se
1802 1780 1823 1803 a
1842 1769 1915 1804 Deo
1935 1771 2056 1811 sensit,

266 1834 307 1860 nis
325 1834 412 1867 gratia
440 1840 477 1870 ut
509 1846 546 1870 se
564 1834 595 1868 ei
613 1834 647 1868 in
662 1833 836 1867 Societate
856 1833 1001 1866 dicaret.
1020 1831 1135 1878 Atque
1156 1832 1190 1866 id
1207 1833 1279 1878 egit
1303 1836 1443 1878 postera
1462 1832 1578 1866 statim
1598 1832 1685 1866 luce.
1709 1832 1895 1877 Aoeeptus,
1917 1833 2059 1869 missus—

264 1872 412 1945 ‹331chth
441 1910 507 1946 que
527 1899 562 1932 in
581 1897 795 1943 provinciam
812 1896 1042 1935 Lituanicani,
1067 1895 1213 1930 Colonia
1229 1894 1370 1928 Vilnam
1389 1905 1498 1939 usque
1515 1897 1625 1928 totum
1647 1894 1713 1928 iter
1732 1893 1877 1939 pedibus
1901 1906 2062 1930 emensus

266 1952 345 2007 rataez
393 2002 398 2007 ⁴
443 1965 507 1996 est.
530 1959 751 2005 Propositam
781 1958 847 1992 sibi
866 1958 948 1992 vitre
981 1957 1152 1992 rationem
1172 1968 1193 1990 a
1219 1956 1379 1991 tirocinio
1411 1956 1523 1990 tenuit
1554 1955 1753 2001 diligenter.
1781 1955 2062 2002 Brunsbergensi

266 2002 415 2069 Silgfflltffffi
446 2021 632 2069 praefectus
651 2019 820 2065 Collegio,
844 2019 968 2054 misere
987 2018 1036 2052 illi
1055 2018 1185 2052 morbis
1215 2018 1355 2058 afflicto,
1378 2018 1491 2052 oravit
1516 2017 1640 2058 Deum,
1662 2021 1712 2057 ut,
1734 2018 1763 2052 si
1789 2018 1927 2063 quidem
1946 2018 2064 2064 aliqua

446 2083 552 2118 vellet
569 2081 702 2128 placari
718 2081 870 2121 victima,
890 2092 989 2114 suum
1004 2084 1108 2126 caput
1122 2091 1184 2126 pro
1204 2080 1351 2126 Collegii
1369 2079 1483 2114 salute
1515 2079 1675 2113 devotum
1695 2079 1853 2114 haberet.
1887 2079 1907 2114 J
1912 2091 1967 2113 am
1987 2084 2063 2114 erat

444 2150 518 2180 tota
539 2157 645 2179 unum
661 2142 952 2178 valetudinarium
972 2142 1107 2183 domus,
1130 2155 1207 2177 cum
1222 2142 1480 2189 insperantibus
1503 2141 1601 2175 reddi
1626 2141 1742 2175 statim
1771 2141 1866 2175 salus
1885 2140 1965 2175 aliis
1983 2144 2063 2187 post

441 2206 544 2241 alios.
567 2206 645 2251 Ipse
678 2209 794 2239 rector
821 2204 953 2239 tentari
982 2204 1117 2243 morbo,
1141 2204 1272 2250 urgeri,
1294 2204 1442 2249 denique
1469 2203 1629 2249 opprimi.
1652 2204 1763 2237 Grata
1780 2203 1845 2237 fuit
1871 2203 2003 2237 homini
2021 2214 2063 2238 ea

443 2268 635 2302 voluntatis
653 2268 781 2301 divinae
814 2266 1060 2307 comnmtatio;
1093 2267 1195 2311 idque
1227 2278 1290 2300 suo
1322 2266 1450 2311 gaudio
1481 2265 1516 2299 in
1547 2265 1662 2299 febrili
1685 2269 1773 2299 aestu
1807 2269 1841 2299 et
1870 2265 2062 2300 acerbitate

443 2330 574 2365 doloris
604 2329 830 2374 prodebatur.
868 2328 1067 2363 Jucundum
1100 2328 1164 2363 fuit
1194 2328 1426 2374 praesentibus
1462 2327 1661 2368 observare,
1695 2338 1762 2372 quo
1781 2326 1840 2361 ille
1867 2330 1939 2361 tum
1970 2331 2062 2362 esset

444 2391 579 2431 habitu,
601 2390 795 2435 quibusque
814 2401 851 2425 se
870 2394 905 2424 et
919 2390 1142 2424 condolentes
1157 2389 1268 2430 modis
1282 2388 1471 2430 solaretur;
1493 2388 1638 2423 maxime
1658 2399 1735 2422 cum
1748 2387 1885 2427 febrim,
1908 2387 2061 2422 divinam

483 2467 522 2505 (1)
550 2468 578 2494 Ι).
599 2466 681 2493 Petro
699 2466 862 2501 apparuisse
890 2470 1078 2500 postmortem
1095 2467 1251 2494 hui-nucum
1268 2465 1404 2499 quendam
1422 2465 1508 2492 virum
1527 2465 1718 2499 praenobilem,
1737 2467 1850 2499 propter
1864 2470 1940 2490 suam
1957 2466 2056 2491 cmm-

441 2525 555 2553 maciam
572 2523 740 2557 damnatum,
756 2521 853 2549 scribit
867 2521 991 2549 Joannes
1008 2522 1063 2549 Leo
1077 2522 1102 2548 in
1120 2520 1240 2548 Historia
1260 2517 1387 2548 Prussiae.
1407 2519 1466 2547 Lib.
1482 2517 1555 2551 Vlss,
1575 2526 1639 2555 pag.
1657 2518 1726 2546 467.
