<?xml version="1.0" encoding="UTF-8"?>
<!DOCTYPE html PUBLIC "-//W3C//DTD XHTML 1.0 Transitional//EN"
    "http://www.w3.org/TR/xhtml1/DTD/xhtml1-transitional.dtd">
<html xmlns="http://www.w3.org/1999/xhtml" xml:lang="en" lang="en">
 <head>
  <title>
</title>
<meta http-equiv="Content-Type" content="text/html;charset=utf-8" />
  <meta name='ocr-system' content='tesseract 3.04.00' />
  <meta name='ocr-capabilities' content='ocr_page ocr_carea ocr_par ocr_line ocrx_word'/>
</head>
<body>
  <div class='ocr_page' id='page_1' title='image "./lituanicarumsoci00rost_0174.png"; bbox 0 0 2184 2953; ppageno 0'>
   <div class='ocr_carea' id='block_1_1' title="bbox 432 304 1703 336">
    <p class='ocr_par' dir='ltr' id='par_1_1' title="bbox 432 304 1703 336">
     <span class='ocr_line' id='line_1_1' title="bbox 432 304 1703 336; baseline 0.001 -1"><span class='ocrx_word' id='word_1_1' title='bbox 432 304 490 335; x_wconf 84' lang='lat'>150</span> <span class='ocrx_word' id='word_1_2' title='bbox 808 305 1083 334; x_wconf 75' lang='lat' dir='ltr'><strong>LITUANICARUM</strong></span> <span class='ocrx_word' id='word_1_3' title='bbox 1109 306 1321 335; x_wconf 71' lang='lat' dir='ltr'>SOCIETATIS</span> <span class='ocrx_word' id='word_1_4' title='bbox 1343 308 1427 336; x_wconf 75' lang='lat' dir='ltr'>JESU</span> <span class='ocrx_word' id='word_1_5' title='bbox 1453 308 1703 336; x_wconf 62' lang='lat' dir='ltr'>lils&#39;mfflfflttu</span> 
     </span>
    </p>
   </div>
   <div class='ocr_carea' id='block_1_2' title="bbox 254 399 2055 1810">
    <p class='ocr_par' dir='ltr' id='par_1_2' title="bbox 254 399 2055 1810">
     <span class='ocr_line' id='line_1_2' title="bbox 258 399 2052 449; baseline 0.003 -16"><span class='ocrx_word' id='word_1_6' title='bbox 258 402 322 448; x_wconf 58' lang='lat' dir='ltr'>158q</span> <span class='ocrx_word' id='word_1_7' title='bbox 429 399 651 434; x_wconf 63' lang='lat' dir='ltr'>addiscendae</span> <span class='ocrx_word' id='word_1_8' title='bbox 682 399 814 446; x_wconf 81' lang='lat' dir='ltr'>linguae</span> <span class='ocrx_word' id='word_1_9' title='bbox 846 400 1018 446; x_wconf 79' lang='lat' dir='ltr'>polonicae</span> <span class='ocrx_word' id='word_1_10' title='bbox 1046 411 1160 435; x_wconf 82' lang='lat' dir='ltr'>causa.</span> <span class='ocrx_word' id='word_1_11' title='bbox 1198 401 1382 446; x_wconf 75' lang='lat' dir='ltr'>Hospitem</span> <span class='ocrx_word' id='word_1_12' title='bbox 1414 405 1535 435; x_wconf 89' lang='lat' dir='ltr'>nactus</span> <span class='ocrx_word' id='word_1_13' title='bbox 1571 402 1793 442; x_wconf 85' lang='lat' dir='ltr'>catholicum,</span> <span class='ocrx_word' id='word_1_14' title='bbox 1816 406 1850 438; x_wconf 89' lang='lat' dir='ltr'>et</span> <span class='ocrx_word' id='word_1_15' title='bbox 1877 404 1985 449; x_wconf 87' lang='lat' dir='ltr'>pium,</span> <span class='ocrx_word' id='word_1_16' title='bbox 2018 409 2052 439; x_wconf 90' lang='lat' dir='ltr'>et</span> 
     </span>
     <span class='ocr_line' id='line_1_3' title="bbox 256 442 2054 510; baseline 0.003 -15"><span class='ocrx_word' id='word_1_17' title='bbox 256 442 388 505; x_wconf 45' lang='lat' dir='ltr'>Lubigsg&#39;en,</span> <span class='ocrx_word' id='word_1_18' title='bbox 430 461 615 496; x_wconf 85' lang='lat' dir='ltr'>Societatis</span> <span class='ocrx_word' id='word_1_19' title='bbox 628 466 759 496; x_wconf 78' lang='lat' dir='ltr'>nostrae</span> <span class='ocrx_word' id='word_1_20' title='bbox 779 462 812 496; x_wconf 89' lang='lat' dir='ltr'>in</span> <span class='ocrx_word' id='word_1_21' title='bbox 834 463 955 508; x_wconf 87' lang='lat' dir='ltr'>primis</span> <span class='ocrx_word' id='word_1_22' title='bbox 975 463 1236 503; x_wconf 78' lang='lat' dir='ltr'>observantem,</span> <span class='ocrx_word' id='word_1_23' title='bbox 1256 463 1413 509; x_wconf 78' lang='lat' dir='ltr'>ejusdem</span> <span class='ocrx_word' id='word_1_24' title='bbox 1428 463 1571 498; x_wconf 85' lang='lat' dir='ltr'>consilio</span> <span class='ocrx_word' id='word_1_25' title='bbox 1588 468 1744 499; x_wconf 85' lang='lat' dir='ltr'>nostrum</span> <span class='ocrx_word' id='word_1_26' title='bbox 1763 464 1950 510; x_wconf 87' lang='lat' dir='ltr'>aliquando</span> <span class='ocrx_word' id='word_1_27' title='bbox 1969 466 2054 501; x_wconf 86' lang='lat' dir='ltr'>adiit</span> 
     </span>
     <span class='ocr_line' id='line_1_4' title="bbox 254 518 2053 583; baseline 0.003 -26"><span class='ocrx_word' id='word_1_28' title='bbox 254 518 401 583; x_wconf 46' lang='grc' dir='ltr'>ῗῇῐίΰξιθίξῑὸ</span> <span class='ocrx_word' id='word_1_29' title='bbox 430 523 642 569; x_wconf 89' lang='lat' dir='ltr'>Collegium;</span> <span class='ocrx_word' id='word_1_30' title='bbox 661 524 741 558; x_wconf 87' lang='lat' dir='ltr'>inde</span> <span class='ocrx_word' id='word_1_31' title='bbox 757 524 914 559; x_wconf 85' lang='lat' dir='ltr'>crebrius</span> <span class='ocrx_word' id='word_1_32' title='bbox 932 524 988 558; x_wconf 89' lang='lat' dir='ltr'>ille</span> <span class='ocrx_word' id='word_1_33' title='bbox 1007 524 1242 571; x_wconf 78' lang='lat' dir='ltr'>libentiusque</span> <span class='ocrx_word' id='word_1_34' title='bbox 1259 525 1381 560; x_wconf 87' lang='lat' dir='ltr'>Socios</span> <span class='ocrx_word' id='word_1_35' title='bbox 1391 525 1519 567; x_wconf 86' lang='lat' dir='ltr'>visere,</span> <span class='ocrx_word' id='word_1_36' title='bbox 1532 526 1700 560; x_wconf 78' lang='lat' dir='ltr'>modestia</span> <span class='ocrx_word' id='word_1_37' title='bbox 1716 527 1861 561; x_wconf 84' lang='lat' dir='ltr'>Patrum</span> <span class='ocrx_word' id='word_1_38' title='bbox 1877 531 1910 562; x_wconf 84' lang='lat' dir='ltr'>ct</span> <span class='ocrx_word' id='word_1_39' title='bbox 1923 528 2053 574; x_wconf 86' lang='lat' dir='ltr'>pietate</span> 
     </span>
     <span class='ocr_line' id='line_1_5' title="bbox 254 577 2053 635; baseline 0.002 -13"><span class='ocrx_word' id='word_1_40' title='bbox 254 577 375 622; x_wconf 44' lang='lat' dir='ltr'>consffan-</span> <span class='ocrx_word' id='word_1_41' title='bbox 428 585 582 619; x_wconf 82' lang='lat' dir='ltr'>animum</span> <span class='ocrx_word' id='word_1_42' title='bbox 601 597 702 620; x_wconf 88' lang='lat' dir='ltr'>suum</span> <span class='ocrx_word' id='word_1_43' title='bbox 731 586 973 620; x_wconf 69' lang='lat' dir='ltr'>invitantibus.</span> <span class='ocrx_word' id='word_1_44' title='bbox 1007 587 1111 621; x_wconf 85' lang='lat' dir='ltr'>Brevi</span> <span class='ocrx_word' id='word_1_45' title='bbox 1131 587 1338 633; x_wconf 78' lang='lat' dir='ltr'>religionem</span> <span class='ocrx_word' id='word_1_46' title='bbox 1365 588 1573 623; x_wconf 75' lang='lat' dir='ltr'>catholicam</span> <span class='ocrx_word' id='word_1_47' title='bbox 1604 589 1783 624; x_wconf 86' lang='lat' dir='ltr'>adamavit</span> <span class='ocrx_word' id='word_1_48' title='bbox 1809 601 1850 624; x_wconf 87' lang='lat' dir='ltr'>ac</span> <span class='ocrx_word' id='word_1_49' title='bbox 1877 590 2053 635; x_wconf 84' lang='lat' dir='ltr'>professus</span> 
     </span>
     <span class='ocr_line' id='line_1_6' title="bbox 255 635 2053 696; baseline 0.003 -15"><span class='ocrx_word' id='word_1_50' title='bbox 255 635 304 660; x_wconf 80' lang='lat' dir='ltr'>tia.</span> <span class='ocrx_word' id='word_1_51' title='bbox 427 651 490 682; x_wconf 89' lang='lat' dir='ltr'>est.</span> <span class='ocrx_word' id='word_1_52' title='bbox 515 647 709 682; x_wconf 89' lang='lat' dir='ltr'>Commovit</span> <span class='ocrx_word' id='word_1_53' title='bbox 727 648 883 694; x_wconf 83' lang='lat' dir='ltr'>graviter</span> <span class='ocrx_word' id='word_1_54' title='bbox 915 649 989 694; x_wconf 81' lang='lat' dir='ltr'>ejus</span> <span class='ocrx_word' id='word_1_55' title='bbox 1022 648 1072 683; x_wconf 84' lang='lat' dir='ltr'>rei</span> <span class='ocrx_word' id='word_1_56' title='bbox 1106 650 1249 684; x_wconf 91' lang='lat' dir='ltr'>nuntius</span> <span class='ocrx_word' id='word_1_57' title='bbox 1282 654 1460 696; x_wconf 82' lang='lat' dir='ltr'>parenteS,</span> <span class='ocrx_word' id='word_1_58' title='bbox 1483 651 1575 685; x_wconf 89' lang='lat' dir='ltr'>cives</span> <span class='ocrx_word' id='word_1_59' title='bbox 1607 651 1838 692; x_wconf 79' lang='lat' dir='ltr'>Lubecanos;</span> <span class='ocrx_word' id='word_1_60' title='bbox 1873 653 2053 687; x_wconf 79' lang='lat' dir='ltr'>confestim</span> 
     </span>
     <span class='ocr_line' id='line_1_7' title="bbox 425 709 2052 758; baseline 0.003 -14"><span class='ocrx_word' id='word_1_61' title='bbox 425 709 476 744; x_wconf 90' lang='lat' dir='ltr'>illi</span> <span class='ocrx_word' id='word_1_62' title='bbox 495 710 635 745; x_wconf 89' lang='lat' dir='ltr'>mittunt</span> <span class='ocrx_word' id='word_1_63' title='bbox 655 711 822 757; x_wconf 81' lang='lat' dir='ltr'>majorem</span> <span class='ocrx_word' id='word_1_64' title='bbox 838 714 922 745; x_wconf 87' lang='lat' dir='ltr'>natu</span> <span class='ocrx_word' id='word_1_65' title='bbox 942 711 1064 752; x_wconf 83' lang='lat' dir='ltr'>filium,</span> <span class='ocrx_word' id='word_1_66' title='bbox 1089 711 1147 756; x_wconf 91' lang='lat' dir='ltr'>qui</span> <span class='ocrx_word' id='word_1_67' title='bbox 1166 712 1309 745; x_wconf 81' lang='lat' dir='ltr'>fratrem</span> <span class='ocrx_word' id='word_1_68' title='bbox 1330 716 1470 747; x_wconf 88' lang='lat' dir='ltr'>revocet</span> <span class='ocrx_word' id='word_1_69' title='bbox 1490 712 1524 746; x_wconf 89' lang='lat' dir='ltr'>in</span> <span class='ocrx_word' id='word_1_70' title='bbox 1544 714 1704 758; x_wconf 86' lang='lat' dir='ltr'>patriam.</span> <span class='ocrx_word' id='word_1_71' title='bbox 1729 714 1881 749; x_wconf 82' lang='lat' dir='ltr'>Tentata</span> <span class='ocrx_word' id='word_1_72' title='bbox 1902 719 1935 749; x_wconf 90' lang='lat' dir='ltr'>et</span> <span class='ocrx_word' id='word_1_73' title='bbox 1955 715 2052 750; x_wconf 88' lang='lat' dir='ltr'>blan-</span> 
     </span>
     <span class='ocr_line' id='line_1_8' title="bbox 426 772 2054 824; baseline 0.005 -18"><span class='ocrx_word' id='word_1_74' title='bbox 426 772 521 807; x_wconf 83' lang='lat' dir='ltr'>ditiis</span> <span class='ocrx_word' id='word_1_75' title='bbox 539 773 669 808; x_wconf 84' lang='lat' dir='ltr'>frustra</span> <span class='ocrx_word' id='word_1_76' title='bbox 691 778 724 807; x_wconf 86' lang='lat' dir='ltr'>et</span> <span class='ocrx_word' id='word_1_77' title='bbox 744 773 846 810; x_wconf 88' lang='lat' dir='ltr'>minis</span> <span class='ocrx_word' id='word_1_78' title='bbox 879 773 1008 808; x_wconf 82' lang='lat' dir='ltr'>virtute</span> <span class='ocrx_word' id='word_1_79' title='bbox 1029 774 1185 819; x_wconf 82' lang='lat' dir='ltr'>juvenis,</span> <span class='ocrx_word' id='word_1_80' title='bbox 1209 775 1288 810; x_wconf 90' lang='lat' dir='ltr'>dolo</span> <span class='ocrx_word' id='word_1_81' title='bbox 1320 776 1555 810; x_wconf 85' lang='lat' dir='ltr'>constantiam</span> <span class='ocrx_word' id='word_1_82' title='bbox 1581 777 1804 823; x_wconf 75' lang='lat' dir='ltr'>aggreditur.</span> <span class='ocrx_word' id='word_1_83' title='bbox 1827 779 1988 824; x_wconf 86' lang='lat' dir='ltr'>Repente</span> <span class='ocrx_word' id='word_1_84' title='bbox 2021 785 2054 814; x_wconf 86' lang='lat' dir='ltr'>et</span> 
     </span>
     <span class='ocr_line' id='line_1_9' title="bbox 424 835 2053 887; baseline 0.005 -19"><span class='ocrx_word' id='word_1_85' title='bbox 424 835 498 881; x_wconf 89' lang='lat' dir='ltr'>ipse</span> <span class='ocrx_word' id='word_1_86' title='bbox 517 836 726 870; x_wconf 85' lang='lat' dir='ltr'>catholicum</span> <span class='ocrx_word' id='word_1_87' title='bbox 759 848 797 870; x_wconf 86' lang='lat' dir='ltr'>se</span> <span class='ocrx_word' id='word_1_88' title='bbox 828 836 891 869; x_wconf 88' lang='lat' dir='ltr'>tibi</span> <span class='ocrx_word' id='word_1_89' title='bbox 915 835 1029 882; x_wconf 83' lang='lat' dir='ltr'>fingit,</span> <span class='ocrx_word' id='word_1_90' title='bbox 1052 848 1094 870; x_wconf 80' lang='lat' dir='ltr'>ea</span> <span class='ocrx_word' id='word_1_91' title='bbox 1123 837 1223 872; x_wconf 83' lang='lat' dir='ltr'>larva</span> <span class='ocrx_word' id='word_1_92' title='bbox 1241 838 1290 872; x_wconf 89' lang='lat' dir='ltr'>uti</span> <span class='ocrx_word' id='word_1_93' title='bbox 1320 838 1478 884; x_wconf 85' lang='lat' dir='ltr'>imponat</span> <span class='ocrx_word' id='word_1_94' title='bbox 1504 838 1629 879; x_wconf 85' lang='lat' dir='ltr'>fratri;</span> <span class='ocrx_word' id='word_1_95' title='bbox 1666 839 1843 874; x_wconf 84' lang='lat' dir='ltr'>incautum</span> <span class='ocrx_word' id='word_1_96' title='bbox 1872 841 1999 887; x_wconf 84' lang='lat' dir='ltr'>abripit</span> <span class='ocrx_word' id='word_1_97' title='bbox 2019 842 2053 876; x_wconf 91' lang='lat' dir='ltr'>in</span> 
     </span>
     <span class='ocr_line' id='line_1_10' title="bbox 425 898 2053 948; baseline 0.003 -16"><span class='ocrx_word' id='word_1_98' title='bbox 425 898 606 932; x_wconf 86' lang='lat' dir='ltr'>Prussiam</span> <span class='ocrx_word' id='word_1_99' title='bbox 627 898 923 944; x_wconf 83' lang='lat' dir='ltr'>Regiomontum;</span> <span class='ocrx_word' id='word_1_100' title='bbox 959 899 1050 934; x_wconf 87' lang='lat' dir='ltr'>datis</span> <span class='ocrx_word' id='word_1_101' title='bbox 1081 899 1126 933; x_wconf 85' lang='lat' dir='ltr'>ad</span> <span class='ocrx_word' id='word_1_102' title='bbox 1150 903 1264 934; x_wconf 85' lang='lat' dir='ltr'>certos</span> <span class='ocrx_word' id='word_1_103' title='bbox 1296 903 1507 934; x_wconf 76' lang='lat' dir='ltr'>mercatores</span> <span class='ocrx_word' id='word_1_104' title='bbox 1541 900 1680 942; x_wconf 85' lang='lat' dir='ltr'>litteris,</span> <span class='ocrx_word' id='word_1_105' title='bbox 1716 902 1772 947; x_wconf 84' lang='lat' dir='ltr'>qui</span> <span class='ocrx_word' id='word_1_106' title='bbox 1805 902 1987 948; x_wconf 80' lang='lat' dir='ltr'>perfugam</span> <span class='ocrx_word' id='word_1_107' title='bbox 2008 904 2053 938; x_wconf 88' lang='lat' dir='ltr'>ad</span> 
     </span>
     <span class='ocr_line' id='line_1_11' title="bbox 425 960 2054 1010; baseline 0.002 -16"><span class='ocrx_word' id='word_1_108' title='bbox 425 960 589 1006; x_wconf 87' lang='lat' dir='ltr'>Papistas</span> <span class='ocrx_word' id='word_1_109' title='bbox 609 960 834 995; x_wconf 78' lang='lat' dir='ltr'>demorentur</span> <span class='ocrx_word' id='word_1_110' title='bbox 864 960 1011 1002; x_wconf 87' lang='lat' dir='ltr'>tamdiu,</span> <span class='ocrx_word' id='word_1_111' title='bbox 1044 961 1124 995; x_wconf 90' lang='lat' dir='ltr'>dum</span> <span class='ocrx_word' id='word_1_112' title='bbox 1158 962 1231 1007; x_wconf 87' lang='lat' dir='ltr'>ipse</span> <span class='ocrx_word' id='word_1_113' title='bbox 1260 961 1507 1007; x_wconf 86' lang='lat' dir='ltr'>subsequatur.</span> <span class='ocrx_word' id='word_1_114' title='bbox 1532 962 1661 1003; x_wconf 84' lang='lat' dir='ltr'>Sensit,</span> <span class='ocrx_word' id='word_1_115' title='bbox 1689 963 1782 1008; x_wconf 87' lang='lat' dir='ltr'>quod</span> <span class='ocrx_word' id='word_1_116' title='bbox 1808 968 1896 1004; x_wconf 85' lang='lat' dir='ltr'>erat,</span> <span class='ocrx_word' id='word_1_117' title='bbox 1920 964 1953 998; x_wconf 88' lang='lat' dir='ltr'>in</span> <span class='ocrx_word' id='word_1_118' title='bbox 1976 965 2054 1010; x_wconf 89' lang='lat' dir='ltr'>ipso</span> 
     </span>
     <span class='ocr_line' id='line_1_12' title="bbox 421 1021 2053 1067; baseline 0.003 -12"><span class='ocrx_word' id='word_1_119' title='bbox 421 1021 491 1067; x_wconf 79' lang='lat' dir='ltr'>jam</span> <span class='ocrx_word' id='word_1_120' title='bbox 510 1022 634 1056; x_wconf 84' lang='lat' dir='ltr'>itinere</span> <span class='ocrx_word' id='word_1_121' title='bbox 648 1022 800 1067; x_wconf 79' lang='lat' dir='ltr'>juvenis.</span> <span class='ocrx_word' id='word_1_122' title='bbox 827 1021 969 1056; x_wconf 85' lang='lat' dir='ltr'>Vilnam</span> <span class='ocrx_word' id='word_1_123' title='bbox 998 1034 1035 1057; x_wconf 92' lang='lat' dir='ltr'>se</span> <span class='ocrx_word' id='word_1_124' title='bbox 1054 1023 1113 1058; x_wconf 87' lang='lat' dir='ltr'>ille</span> <span class='ocrx_word' id='word_1_125' title='bbox 1133 1024 1260 1059; x_wconf 78' lang='lat' dir='ltr'>refert:</span> <span class='ocrx_word' id='word_1_126' title='bbox 1284 1036 1361 1058; x_wconf 88' lang='lat' dir='ltr'>cum</span> <span class='ocrx_word' id='word_1_127' title='bbox 1381 1035 1461 1059; x_wconf 90' lang='lat' dir='ltr'>ecce</span> <span class='ocrx_word' id='word_1_128' title='bbox 1495 1024 1631 1058; x_wconf 87' lang='lat' dir='ltr'>obviam</span> <span class='ocrx_word' id='word_1_129' title='bbox 1650 1025 1769 1059; x_wconf 78' lang='lat' dir='ltr'>frater.</span> <span class='ocrx_word' id='word_1_130' title='bbox 1795 1025 1918 1059; x_wconf 87' lang='lat' dir='ltr'>Multis</span> <span class='ocrx_word' id='word_1_131' title='bbox 1948 1026 1991 1060; x_wconf 86' lang='lat' dir='ltr'>ab</span> <span class='ocrx_word' id='word_1_132' title='bbox 2012 1038 2053 1061; x_wconf 92' lang='lat' dir='ltr'>eo</span> 
     </span>
     <span class='ocr_line' id='line_1_13' title="bbox 424 1083 2050 1130; baseline 0.003 -13"><span class='ocrx_word' id='word_1_133' title='bbox 424 1083 578 1130; x_wconf 86' lang='lat' dir='ltr'>indignis</span> <span class='ocrx_word' id='word_1_134' title='bbox 597 1084 737 1118; x_wconf 84' lang='lat' dir='ltr'>habitus</span> <span class='ocrx_word' id='word_1_135' title='bbox 767 1084 892 1125; x_wconf 87' lang='lat' dir='ltr'>modis,</span> <span class='ocrx_word' id='word_1_136' title='bbox 915 1084 1192 1130; x_wconf 83' lang='lat' dir='ltr'>Regiomontum</span> <span class='ocrx_word' id='word_1_137' title='bbox 1219 1086 1407 1121; x_wconf 79' lang='lat' dir='ltr'>reducitur.</span> <span class='ocrx_word' id='word_1_138' title='bbox 1433 1086 1575 1121; x_wconf 89' lang='lat' dir='ltr'>Duriter</span> <span class='ocrx_word' id='word_1_139' title='bbox 1602 1087 1647 1121; x_wconf 86' lang='lat' dir='ltr'>ab</span> <span class='ocrx_word' id='word_1_140' title='bbox 1666 1087 1844 1121; x_wconf 71' lang='lat' dir='ltr'>haereticis</span> <span class='ocrx_word' id='word_1_141' title='bbox 1865 1092 2050 1128; x_wconf 85' lang='lat' dir='ltr'>tractatus,</span> 
     </span>
     <span class='ocr_line' id='line_1_14' title="bbox 423 1146 2053 1196; baseline 0.002 -16"><span class='ocrx_word' id='word_1_142' title='bbox 423 1146 607 1181; x_wconf 76' lang='lat' dir='ltr'>occasione</span> <span class='ocrx_word' id='word_1_143' title='bbox 627 1146 775 1192; x_wconf 86' lang='lat' dir='ltr'>denique</span> <span class='ocrx_word' id='word_1_144' title='bbox 796 1147 927 1186; x_wconf 84' lang='lat' dir='ltr'>oblata,</span> <span class='ocrx_word' id='word_1_145' title='bbox 951 1147 1091 1193; x_wconf 85' lang='lat' dir='ltr'>elapsus</span> <span class='ocrx_word' id='word_1_146' title='bbox 1113 1151 1178 1188; x_wconf 86' lang='lat' dir='ltr'>est,</span> <span class='ocrx_word' id='word_1_147' title='bbox 1210 1160 1250 1183; x_wconf 84' lang='lat' dir='ltr'>ac</span> <span class='ocrx_word' id='word_1_148' title='bbox 1270 1149 1534 1195; x_wconf 81' lang='lat' dir='ltr'>Brunsbergam</span> <span class='ocrx_word' id='word_1_149' title='bbox 1562 1160 1684 1183; x_wconf 85' lang='lat' dir='ltr'>versus</span> <span class='ocrx_word' id='word_1_150' title='bbox 1703 1149 1853 1183; x_wconf 83' lang='lat' dir='ltr'>intendit</span> <span class='ocrx_word' id='word_1_151' title='bbox 1872 1149 1938 1184; x_wconf 85' lang='lat' dir='ltr'>iter</span> <span class='ocrx_word' id='word_1_152' title='bbox 1958 1150 2053 1196; x_wconf 92' lang='lat' dir='ltr'>pedi-</span> 
     </span>
     <span class='ocr_line' id='line_1_15' title="bbox 424 1209 2053 1258; baseline 0.002 -15"><span class='ocrx_word' id='word_1_153' title='bbox 424 1209 498 1243; x_wconf 90' lang='lat' dir='ltr'>bus.</span> <span class='ocrx_word' id='word_1_154' title='bbox 523 1209 809 1255; x_wconf 85' lang='lat' dir='ltr'>Respectantem,</span> <span class='ocrx_word' id='word_1_155' title='bbox 832 1209 862 1244; x_wconf 88' lang='lat' dir='ltr'>si</span> <span class='ocrx_word' id='word_1_156' title='bbox 890 1209 947 1255; x_wconf 89' lang='lat' dir='ltr'>qui</span> <span class='ocrx_word' id='word_1_157' title='bbox 968 1221 1006 1244; x_wconf 89' lang='lat' dir='ltr'>se</span> <span class='ocrx_word' id='word_1_158' title='bbox 1024 1210 1311 1256; x_wconf 78' lang='lat' dir='ltr'>insequerentur,</span> <span class='ocrx_word' id='word_1_159' title='bbox 1341 1210 1486 1250; x_wconf 85' lang='lat' dir='ltr'>lassum,</span> <span class='ocrx_word' id='word_1_160' title='bbox 1513 1211 1685 1257; x_wconf 77' lang='lat' dir='ltr'>jejunum,</span> <span class='ocrx_word' id='word_1_161' title='bbox 1706 1211 1818 1245; x_wconf 88' lang='lat' dir='ltr'>fertur</span> <span class='ocrx_word' id='word_1_162' title='bbox 1839 1212 1955 1246; x_wconf 89' lang='lat' dir='ltr'>nescio</span> <span class='ocrx_word' id='word_1_163' title='bbox 1976 1211 2053 1258; x_wconf 90' lang='lat' dir='ltr'>quis</span> 
     </span>
     <span class='ocr_line' id='line_1_16' title="bbox 425 1271 2051 1319; baseline 0.002 -15"><span class='ocrx_word' id='word_1_164' title='bbox 425 1271 610 1317; x_wconf 86' lang='lat' dir='ltr'>(Angelum</span> <span class='ocrx_word' id='word_1_165' title='bbox 630 1271 737 1305; x_wconf 88' lang='lat' dir='ltr'>fuisse</span> <span class='ocrx_word' id='word_1_166' title='bbox 751 1283 771 1305; x_wconf 84' lang='lat' dir='ltr'>a</span> <span class='ocrx_word' id='word_1_167' title='bbox 792 1271 866 1306; x_wconf 87' lang='lat' dir='ltr'>Deo</span> <span class='ocrx_word' id='word_1_168' title='bbox 887 1272 1039 1306; x_wconf 82' lang='lat' dir='ltr'>oblatum</span> <span class='ocrx_word' id='word_1_169' title='bbox 1060 1272 1246 1319; x_wconf 84' lang='lat' dir='ltr'>creditum)</span> <span class='ocrx_word' id='word_1_170' title='bbox 1261 1273 1306 1307; x_wconf 84' lang='lat' dir='ltr'>ad</span> <span class='ocrx_word' id='word_1_171' title='bbox 1325 1273 1477 1319; x_wconf 82' lang='lat' dir='ltr'>quietem</span> <span class='ocrx_word' id='word_1_172' title='bbox 1497 1273 1664 1308; x_wconf 85' lang='lat' dir='ltr'>invitasse</span> <span class='ocrx_word' id='word_1_173' title='bbox 1683 1286 1689 1307; x_wconf 90' lang='lat'><strong>:</strong></span> <span class='ocrx_word' id='word_1_174' title='bbox 1708 1285 1869 1308; x_wconf 82' lang='lat' dir='ltr'>sermone</span> <span class='ocrx_word' id='word_1_175' title='bbox 1884 1274 2051 1314; x_wconf 84' lang='lat' dir='ltr'>animum,</span> 
     </span>
     <span class='ocr_line' id='line_1_17' title="bbox 424 1333 2053 1382; baseline 0.002 -15"><span class='ocrx_word' id='word_1_176' title='bbox 424 1333 516 1367; x_wconf 88' lang='lat' dir='ltr'>vires</span> <span class='ocrx_word' id='word_1_177' title='bbox 535 1333 611 1367; x_wconf 89' lang='lat' dir='ltr'>cibo</span> <span class='ocrx_word' id='word_1_178' title='bbox 647 1333 821 1369; x_wconf 83' lang='lat' dir='ltr'>refecisse.</span> <span class='ocrx_word' id='word_1_179' title='bbox 858 1334 1091 1380; x_wconf 86' lang='lat' dir='ltr'>Brunsberga</span> <span class='ocrx_word' id='word_1_180' title='bbox 1127 1334 1269 1370; x_wconf 88' lang='lat' dir='ltr'>Vilnam</span> <span class='ocrx_word' id='word_1_181' title='bbox 1302 1336 1336 1369; x_wconf 88' lang='lat' dir='ltr'>in</span> <span class='ocrx_word' id='word_1_182' title='bbox 1367 1335 1584 1381; x_wconf 88' lang='lat' dir='ltr'>pontificium</span> <span class='ocrx_word' id='word_1_183' title='bbox 1616 1335 1837 1370; x_wconf 89' lang='lat' dir='ltr'>alumnorum</span> <span class='ocrx_word' id='word_1_184' title='bbox 1858 1335 2053 1382; x_wconf 83' lang='lat' dir='ltr'>Collegium</span> 
     </span>
     <span class='ocr_line' id='line_1_18' title="bbox 424 1397 2053 1444; baseline -0.001 -11"><span class='ocrx_word' id='word_1_185' title='bbox 424 1398 631 1438; x_wconf 84' lang='lat' dir='ltr'>translatus,</span> <span class='ocrx_word' id='word_1_186' title='bbox 653 1410 722 1433; x_wconf 88' lang='lat' dir='ltr'>non</span> <span class='ocrx_word' id='word_1_187' title='bbox 743 1398 851 1433; x_wconf 89' lang='lat' dir='ltr'>multo</span> <span class='ocrx_word' id='word_1_188' title='bbox 871 1402 949 1444; x_wconf 91' lang='lat' dir='ltr'>post</span> <span class='ocrx_word' id='word_1_189' title='bbox 968 1398 1169 1439; x_wconf 85' lang='lat' dir='ltr'>intervallo,</span> <span class='ocrx_word' id='word_1_190' title='bbox 1191 1398 1339 1444; x_wconf 89' lang='lat' dir='ltr'>proditis</span> <span class='ocrx_word' id='word_1_191' title='bbox 1363 1397 1527 1432; x_wconf 80' lang='lat' dir='ltr'>sodalitio</span> <span class='ocrx_word' id='word_1_192' title='bbox 1546 1397 1744 1443; x_wconf 86' lang='lat' dir='ltr'>insignibus</span> <span class='ocrx_word' id='word_1_193' title='bbox 1777 1397 1919 1443; x_wconf 82' lang='lat' dir='ltr'>pietatis</span> <span class='ocrx_word' id='word_1_194' title='bbox 1939 1410 2053 1433; x_wconf 85' lang='lat' dir='ltr'>exem-</span> 
     </span>
     <span class='ocr_line' id='line_1_19' title="bbox 425 1459 2055 1507; baseline 0.001 -13"><span class='ocrx_word' id='word_1_195' title='bbox 425 1460 491 1506; x_wconf 91' lang='lat' dir='ltr'>plis</span> <span class='ocrx_word' id='word_1_196' title='bbox 510 1464 656 1494; x_wconf 88' lang='lat' dir='ltr'>mortem</span> <span class='ocrx_word' id='word_1_197' title='bbox 681 1460 831 1506; x_wconf 88' lang='lat' dir='ltr'>denique</span> <span class='ocrx_word' id='word_1_198' title='bbox 853 1472 952 1495; x_wconf 86' lang='lat' dir='ltr'>suam</span> <span class='ocrx_word' id='word_1_199' title='bbox 982 1461 1168 1507; x_wconf 87' lang='lat' dir='ltr'>apposuit;</span> <span class='ocrx_word' id='word_1_200' title='bbox 1196 1460 1351 1495; x_wconf 76' lang='lat' dir='ltr'>extremo</span> <span class='ocrx_word' id='word_1_201' title='bbox 1376 1460 1455 1494; x_wconf 72' lang='lat' dir='ltr'>vitae</span> <span class='ocrx_word' id='word_1_202' title='bbox 1474 1463 1630 1505; x_wconf 82' lang='lat' dir='ltr'>tempore</span> <span class='ocrx_word' id='word_1_203' title='bbox 1662 1459 1798 1504; x_wconf 75' lang='lat' dir='ltr'>placide</span> <span class='ocrx_word' id='word_1_204' title='bbox 1818 1459 2055 1506; x_wconf 77' lang='lat' dir='ltr'>religioseque</span> 
     </span>
     <span class='ocr_line' id='line_1_20' title="bbox 426 1521 2053 1569; baseline 0 -13"><span class='ocrx_word' id='word_1_205' title='bbox 426 1522 594 1557; x_wconf 77' lang='lat' dir='ltr'>confecto.</span> <span class='ocrx_word' id='word_1_206' title='bbox 619 1523 740 1558; x_wconf 90' lang='lat' dir='ltr'>Funus</span> <span class='ocrx_word' id='word_1_207' title='bbox 754 1527 853 1558; x_wconf 85' lang='lat' dir='ltr'>tanta</span> <span class='ocrx_word' id='word_1_208' title='bbox 868 1536 945 1558; x_wconf 88' lang='lat' dir='ltr'>cum</span> <span class='ocrx_word' id='word_1_209' title='bbox 962 1523 1137 1558; x_wconf 89' lang='lat' dir='ltr'>Ordinum</span> <span class='ocrx_word' id='word_1_210' title='bbox 1156 1523 1400 1569; x_wconf 82' lang='lat' dir='ltr'>religiosorum</span> <span class='ocrx_word' id='word_1_211' title='bbox 1421 1526 1454 1557; x_wconf 85' lang='lat' dir='ltr'>et</span> <span class='ocrx_word' id='word_1_212' title='bbox 1473 1521 1569 1561; x_wconf 86' lang='lat' dir='ltr'>cleri,</span> <span class='ocrx_word' id='word_1_213' title='bbox 1592 1525 1663 1555; x_wconf 87' lang='lat' dir='ltr'>tum</span> <span class='ocrx_word' id='word_1_214' title='bbox 1683 1533 1866 1567; x_wconf 86' lang='lat' dir='ltr'>procerum</span> <span class='ocrx_word' id='word_1_215' title='bbox 1887 1527 1920 1556; x_wconf 84' lang='lat' dir='ltr'>et</span> <span class='ocrx_word' id='word_1_216' title='bbox 1937 1523 2053 1568; x_wconf 85' lang='lat' dir='ltr'>populi</span> 
     </span>
     <span class='ocr_line' id='line_1_21' title="bbox 426 1583 2052 1630; baseline -0.001 -11"><span class='ocrx_word' id='word_1_217' title='bbox 426 1584 630 1619; x_wconf 77' lang='lat' dir='ltr'>celebritate</span> <span class='ocrx_word' id='word_1_218' title='bbox 662 1585 861 1626; x_wconf 88' lang='lat' dir='ltr'>deductum,</span> <span class='ocrx_word' id='word_1_219' title='bbox 884 1590 1051 1630; x_wconf 85' lang='lat' dir='ltr'>quantam</span> <span class='ocrx_word' id='word_1_220' title='bbox 1070 1585 1273 1625; x_wconf 85' lang='lat' dir='ltr'>Vilnenses,</span> <span class='ocrx_word' id='word_1_221' title='bbox 1312 1596 1353 1619; x_wconf 91' lang='lat' dir='ltr'>ne</span> <span class='ocrx_word' id='word_1_222' title='bbox 1372 1584 1407 1618; x_wconf 92' lang='lat' dir='ltr'>in</span> <span class='ocrx_word' id='word_1_223' title='bbox 1439 1583 1643 1628; x_wconf 81' lang='lat' dir='ltr'>Principum</span> <span class='ocrx_word' id='word_1_224' title='bbox 1671 1583 1810 1629; x_wconf 87' lang='lat' dir='ltr'>quidem</span> <span class='ocrx_word' id='word_1_225' title='bbox 1843 1595 2052 1629; x_wconf 79' lang='lat' dir='ltr'>magnorum</span> 
     </span>
     <span class='ocr_line' id='line_1_22' title="bbox 427 1645 2052 1694; baseline 0 -13"><span class='ocrx_word' id='word_1_226' title='bbox 427 1647 583 1692; x_wconf 82' lang='lat' dir='ltr'>exequiis</span> <span class='ocrx_word' id='word_1_227' title='bbox 602 1646 716 1681; x_wconf 85' lang='lat' dir='ltr'>adhuc</span> <span class='ocrx_word' id='word_1_228' title='bbox 743 1658 780 1681; x_wconf 91' lang='lat' dir='ltr'>se</span> <span class='ocrx_word' id='word_1_229' title='bbox 811 1647 939 1682; x_wconf 89' lang='lat' dir='ltr'>vidisse</span> <span class='ocrx_word' id='word_1_230' title='bbox 969 1659 1122 1694; x_wconf 84' lang='lat' dir='ltr'>unquam</span> <span class='ocrx_word' id='word_1_231' title='bbox 1141 1647 1382 1686; x_wconf 79' lang='lat' dir='ltr'>affirmabant;</span> <span class='ocrx_word' id='word_1_232' title='bbox 1420 1645 1517 1680; x_wconf 90' lang='lat' dir='ltr'>multi</span> <span class='ocrx_word' id='word_1_233' title='bbox 1537 1656 1574 1679; x_wconf 91' lang='lat' dir='ltr'>se</span> <span class='ocrx_word' id='word_1_234' title='bbox 1594 1645 1744 1691; x_wconf 89' lang='lat' dir='ltr'>impulsu</span> <span class='ocrx_word' id='word_1_235' title='bbox 1764 1646 1915 1691; x_wconf 85' lang='lat' dir='ltr'>quodam</span> <span class='ocrx_word' id='word_1_236' title='bbox 1936 1646 2052 1681; x_wconf 84' lang='lat' dir='ltr'>divino</span> 
     </span>
     <span class='ocr_line' id='line_1_23' title="bbox 425 1706 2052 1753; baseline -0.001 -12"><span class='ocrx_word' id='word_1_237' title='bbox 425 1708 568 1753; x_wconf 82' lang='lat' dir='ltr'>ajebant</span> <span class='ocrx_word' id='word_1_238' title='bbox 598 1708 632 1741; x_wconf 90' lang='lat' dir='ltr'>in</span> <span class='ocrx_word' id='word_1_239' title='bbox 670 1720 749 1743; x_wconf 89' lang='lat' dir='ltr'>eum</span> <span class='ocrx_word' id='word_1_240' title='bbox 771 1709 952 1744; x_wconf 86' lang='lat' dir='ltr'>funebrem</span> <span class='ocrx_word' id='word_1_241' title='bbox 988 1713 1116 1744; x_wconf 85' lang='lat' dir='ltr'>coetum</span> <span class='ocrx_word' id='word_1_242' title='bbox 1153 1709 1311 1743; x_wconf 81' lang='lat' dir='ltr'>coivisse.</span> <span class='ocrx_word' id='word_1_243' title='bbox 1334 1707 1520 1747; x_wconf 87' lang='lat' dir='ltr'>Virtutem,</span> <span class='ocrx_word' id='word_1_244' title='bbox 1543 1707 1679 1752; x_wconf 91' lang='lat' dir='ltr'>opinor,</span> <span class='ocrx_word' id='word_1_245' title='bbox 1703 1707 1783 1740; x_wconf 89' lang='lat' dir='ltr'>boni</span> <span class='ocrx_word' id='word_1_246' title='bbox 1814 1706 1970 1752; x_wconf 80' lang='lat' dir='ltr'>juvenis,</span> <span class='ocrx_word' id='word_1_247' title='bbox 1993 1707 2052 1752; x_wconf 88' lang='lat' dir='ltr'>qui</span> 
     </span>
     <span class='ocr_line' id='line_1_24' title="bbox 426 1768 2052 1810; baseline -0.001 -6"><span class='ocrx_word' id='word_1_248' title='bbox 426 1769 476 1804; x_wconf 88' lang='lat' dir='ltr'>sic</span> <span class='ocrx_word' id='word_1_249' title='bbox 510 1770 649 1804; x_wconf 89' lang='lat' dir='ltr'>vocatui</span> <span class='ocrx_word' id='word_1_250' title='bbox 680 1781 744 1804; x_wconf 91' lang='lat' dir='ltr'>suo</span> <span class='ocrx_word' id='word_1_251' title='bbox 776 1771 942 1806; x_wconf 87' lang='lat' dir='ltr'>obediens</span> <span class='ocrx_word' id='word_1_252' title='bbox 978 1771 1101 1806; x_wconf 87' lang='lat' dir='ltr'>suisset</span> <span class='ocrx_word' id='word_1_253' title='bbox 1133 1774 1167 1806; x_wconf 90' lang='lat' dir='ltr'>et</span> <span class='ocrx_word' id='word_1_254' title='bbox 1202 1775 1379 1810; x_wconf 87' lang='lat' dir='ltr'>constans,</span> <span class='ocrx_word' id='word_1_255' title='bbox 1419 1769 1625 1803; x_wconf 85' lang='lat' dir='ltr'>imitandam</span> <span class='ocrx_word' id='word_1_256' title='bbox 1662 1768 1778 1803; x_wconf 88' lang='lat' dir='ltr'>multis</span> <span class='ocrx_word' id='word_1_257' title='bbox 1811 1768 1921 1803; x_wconf 83' lang='lat' dir='ltr'>voluit</span> <span class='ocrx_word' id='word_1_258' title='bbox 1958 1769 2052 1803; x_wconf 88' lang='lat' dir='ltr'>Deus</span> 
     </span>
    </p>
   </div>
   <div class='ocr_carea' id='block_1_3' title="bbox 431 1831 931 1868">
    <p class='ocr_par' dir='ltr' id='par_1_3' title="bbox 431 1831 931 1868">
     <span class='ocr_line' id='line_1_25' title="bbox 431 1831 931 1868; baseline 0.006 -3"><span class='ocrx_word' id='word_1_259' title='bbox 431 1832 496 1866; x_wconf 87' lang='lat' dir='ltr'>hoc</span> <span class='ocrx_word' id='word_1_260' title='bbox 530 1831 621 1866; x_wconf 83' lang='lat' dir='ltr'>facto</span> <span class='ocrx_word' id='word_1_261' title='bbox 653 1832 931 1868; x_wconf 86' lang='lat' dir='ltr'>commendasse.</span> 
     </span>
    </p>
   </div>
   <div class='ocr_carea' id='block_1_4' title="bbox 251 1893 2051 2129">
    <p class='ocr_par' dir='ltr' id='par_1_4' title="bbox 251 1893 2051 2129">
     <span class='ocr_line' id='line_1_26' title="bbox 256 1893 2050 1940; baseline 0.002 -18"><span class='ocrx_word' id='word_1_262' title='bbox 256 1897 320 1923; x_wconf 78' lang='lat'>1587</span> <span class='ocrx_word' id='word_1_263' title='bbox 477 1893 622 1928; x_wconf 86' lang='lat' dir='ltr'>Claudio</span> <span class='ocrx_word' id='word_1_264' title='bbox 642 1893 825 1939; x_wconf 79' lang='lat' dir='ltr'>Aquaviva</span> <span class='ocrx_word' id='word_1_265' title='bbox 846 1895 1016 1940; x_wconf 83' lang='lat' dir='ltr'>magistro</span> <span class='ocrx_word' id='word_1_266' title='bbox 1033 1895 1219 1929; x_wconf 82' lang='lat' dir='ltr'>Societatis</span> <span class='ocrx_word' id='word_1_267' title='bbox 1247 1893 1419 1940; x_wconf 81' lang='lat' dir='ltr'>generali,</span> <span class='ocrx_word' id='word_1_268' title='bbox 1442 1904 1533 1928; x_wconf 87' lang='lat' dir='ltr'>anno</span> <span class='ocrx_word' id='word_1_269' title='bbox 1568 1893 1659 1928; x_wconf 74' lang='lat'>1587</span> <span class='ocrx_word' id='word_1_270' title='bbox 1680 1893 1801 1927; x_wconf 83' lang='lat' dir='ltr'>habita</span> <span class='ocrx_word' id='word_1_271' title='bbox 1821 1893 1944 1927; x_wconf 68' lang='lat' dir='ltr'>Romae</span> <span class='ocrx_word' id='word_1_272' title='bbox 1965 1893 2050 1927; x_wconf 87' lang='lat' dir='ltr'>Pro-</span> 
     </span>
     <span class='ocr_line' id='line_1_27' title="bbox 251 1937 2051 2014; baseline -0.002 -23"><span class='ocrx_word' id='word_1_273' title='bbox 251 1937 368 2014; x_wconf 43' lang='lat' dir='ltr'>Congggle.</span> <span class='ocrx_word' id='word_1_274' title='bbox 427 1960 629 1991; x_wconf 84' lang='lat' dir='ltr'>curatorum</span> <span class='ocrx_word' id='word_1_275' title='bbox 665 1957 916 2004; x_wconf 85' lang='lat' dir='ltr'>Congregatio.</span> <span class='ocrx_word' id='word_1_276' title='bbox 954 1958 1097 1993; x_wconf 87' lang='lat' dir='ltr'>Electus</span> <span class='ocrx_word' id='word_1_277' title='bbox 1125 1957 1165 1991; x_wconf 86' lang='lat' dir='ltr'>ad</span> <span class='ocrx_word' id='word_1_278' title='bbox 1194 1957 1285 1991; x_wconf 85' lang='lat' dir='ltr'>hanc</span> <span class='ocrx_word' id='word_1_279' title='bbox 1312 1967 1374 2002; x_wconf 83' lang='lat' dir='ltr'>per</span> <span class='ocrx_word' id='word_1_280' title='bbox 1404 1958 1612 1989; x_wconf 78' lang='lat' dir='ltr'>conventum</span> <span class='ocrx_word' id='word_1_281' title='bbox 1643 1954 1904 2000; x_wconf 83' lang='lat' dir='ltr'>provincialem,</span> <span class='ocrx_word' id='word_1_282' title='bbox 1936 1958 2051 1988; x_wconf 79' lang='lat' dir='ltr'>actum</span> 
     </span>
     <span class='ocr_line' id='line_1_28' title="bbox 252 2017 2051 2063; baseline -0.002 -10"><span class='ocrx_word' id='word_1_283' title='bbox 252 2021 328 2053; x_wconf 76' lang='lat' dir='ltr'>gatio</span> <span class='ocrx_word' id='word_1_284' title='bbox 425 2020 649 2060; x_wconf 77' lang='lat' dir='ltr'>Jaroslaviae,</span> <span class='ocrx_word' id='word_1_285' title='bbox 671 2020 869 2055; x_wconf 80' lang='lat' dir='ltr'>Stanislaus</span> <span class='ocrx_word' id='word_1_286' title='bbox 885 2021 915 2054; x_wconf 85' lang='lat' dir='ltr'>V</span> <span class='ocrx_word' id='word_1_287' title='bbox 918 2020 1169 2056; x_wconf 81' lang='lat' dir='ltr'>arszevickius.</span> <span class='ocrx_word' id='word_1_288' title='bbox 1192 2018 1365 2053; x_wconf 81' lang='lat' dir='ltr'>Maturius</span> <span class='ocrx_word' id='word_1_289' title='bbox 1380 2021 1462 2052; x_wconf 87' lang='lat' dir='ltr'>ante</span> <span class='ocrx_word' id='word_1_290' title='bbox 1482 2017 1603 2051; x_wconf 87' lang='lat' dir='ltr'>Socios</span> <span class='ocrx_word' id='word_1_291' title='bbox 1624 2017 1769 2063; x_wconf 86' lang='lat' dir='ltr'>polonos</span> <span class='ocrx_word' id='word_1_292' title='bbox 1789 2017 1954 2051; x_wconf 80' lang='lat' dir='ltr'>Claudius</span> <span class='ocrx_word' id='word_1_293' title='bbox 1975 2028 2051 2050; x_wconf 82' lang='lat' dir='ltr'>mo-</span> 
     </span>
     <span class='ocr_line' id='line_1_29' title="bbox 254 2060 2050 2129; baseline -0.003 -12"><span class='ocrx_word' id='word_1_294' title='bbox 254 2060 377 2127; x_wconf 48' lang='lat' dir='ltr'>Errtfflra-</span> <span class='ocrx_word' id='word_1_295' title='bbox 428 2082 514 2123; x_wconf 84' lang='lat' dir='ltr'>nuit,</span> <span class='ocrx_word' id='word_1_296' title='bbox 538 2094 580 2117; x_wconf 90' lang='lat' dir='ltr'>ne</span> <span class='ocrx_word' id='word_1_297' title='bbox 600 2093 637 2116; x_wconf 90' lang='lat' dir='ltr'>se</span> <span class='ocrx_word' id='word_1_298' title='bbox 669 2082 870 2127; x_wconf 78' lang='lat' dir='ltr'>reipublicae</span> <span class='ocrx_word' id='word_1_299' title='bbox 897 2083 1049 2129; x_wconf 85' lang='lat' dir='ltr'>negotiis</span> <span class='ocrx_word' id='word_1_300' title='bbox 1063 2082 1135 2117; x_wconf 89' lang='lat' dir='ltr'>ullo</span> <span class='ocrx_word' id='word_1_301' title='bbox 1156 2082 1256 2115; x_wconf 89' lang='lat' dir='ltr'>modo</span> <span class='ocrx_word' id='word_1_302' title='bbox 1272 2080 1528 2120; x_wconf 76' lang='lat' dir='ltr'>immiscerent3</span> <span class='ocrx_word' id='word_1_303' title='bbox 1551 2079 1699 2114; x_wconf 85' lang='lat' dir='ltr'>instituti</span> <span class='ocrx_word' id='word_1_304' title='bbox 1719 2080 1772 2114; x_wconf 89' lang='lat' dir='ltr'>sui</span> <span class='ocrx_word' id='word_1_305' title='bbox 1792 2090 1962 2114; x_wconf 82' lang='lat' dir='ltr'>memores</span> <span class='ocrx_word' id='word_1_306' title='bbox 1979 2082 2050 2112; x_wconf 89' lang='lat' dir='ltr'>tum</span> 
     </span>
    </p>
   </div>
   <div class='ocr_carea' id='block_1_5' title="bbox 427 2140 2050 2251">
    <p class='ocr_par' dir='ltr' id='par_1_5' title="bbox 427 2140 2050 2251">
     <span class='ocr_line' id='line_1_30' title="bbox 429 2140 2047 2190; baseline -0.003 -12"><span class='ocrx_word' id='word_1_307' title='bbox 429 2155 579 2189; x_wconf 78' lang='lat' dir='ltr'>semper,</span> <span class='ocrx_word' id='word_1_308' title='bbox 601 2147 673 2177; x_wconf 90' lang='lat' dir='ltr'>tum</span> <span class='ocrx_word' id='word_1_309' title='bbox 692 2144 758 2178; x_wconf 89' lang='lat' dir='ltr'>hoc</span> <span class='ocrx_word' id='word_1_310' title='bbox 778 2144 927 2178; x_wconf 78' lang='lat' dir='ltr'>maxime</span> <span class='ocrx_word' id='word_1_311' title='bbox 942 2148 1113 2190; x_wconf 87' lang='lat' dir='ltr'>tempore,</span> <span class='ocrx_word' id='word_1_312' title='bbox 1134 2154 1201 2188; x_wconf 88' lang='lat' dir='ltr'>quo</span> <span class='ocrx_word' id='word_1_313' title='bbox 1221 2142 1254 2175; x_wconf 90' lang='lat' dir='ltr'>in</span> <span class='ocrx_word' id='word_1_314' title='bbox 1271 2140 1420 2176; x_wconf 83' lang='lat' dir='ltr'>Polonia</span> <span class='ocrx_word' id='word_1_315' title='bbox 1439 2141 1502 2174; x_wconf 85' lang='lat' dir='ltr'>sub</span> <span class='ocrx_word' id='word_1_316' title='bbox 1526 2141 1705 2175; x_wconf 84' lang='lat' dir='ltr'>electionis</span> <span class='ocrx_word' id='word_1_317' title='bbox 1733 2141 1871 2175; x_wconf 85' lang='lat' dir='ltr'>comitia</span> <span class='ocrx_word' id='word_1_318' title='bbox 1886 2140 2047 2180; x_wconf 82' lang='lat' dir='ltr'>coetibus,</span> 
     </span>
     <span class='ocr_line' id='line_1_31' title="bbox 427 2201 2050 2251; baseline -0.003 -11"><span class='ocrx_word' id='word_1_319' title='bbox 427 2205 742 2240; x_wconf 87' lang='lat' dir='ltr'>consultationibus</span> <span class='ocrx_word' id='word_1_320' title='bbox 762 2205 805 2240; x_wconf 87' lang='lat' dir='ltr'>de</span> <span class='ocrx_word' id='word_1_321' title='bbox 836 2206 936 2251; x_wconf 81' lang='lat' dir='ltr'>Rege</span> <span class='ocrx_word' id='word_1_322' title='bbox 968 2205 1135 2246; x_wconf 77' lang='lat' dir='ltr'>creando,</span> <span class='ocrx_word' id='word_1_323' title='bbox 1157 2203 1380 2248; x_wconf 85' lang='lat' dir='ltr'>dissidiisque</span> <span class='ocrx_word' id='word_1_324' title='bbox 1408 2202 1511 2248; x_wconf 82' lang='lat' dir='ltr'>plena</span> <span class='ocrx_word' id='word_1_325' title='bbox 1543 2209 1658 2237; x_wconf 90' lang='lat' dir='ltr'>essent</span> <span class='ocrx_word' id='word_1_326' title='bbox 1678 2203 1795 2237; x_wconf 86' lang='lat' dir='ltr'>omnia</span> <span class='ocrx_word' id='word_1_327' title='bbox 1813 2215 1819 2236; x_wconf 89' lang='lat'>:</span> <span class='ocrx_word' id='word_1_328' title='bbox 1855 2214 1932 2236; x_wconf 93' lang='lat' dir='ltr'>cum</span> <span class='ocrx_word' id='word_1_329' title='bbox 1952 2202 1987 2235; x_wconf 90' lang='lat' dir='ltr'>hi</span> <span class='ocrx_word' id='word_1_330' title='bbox 2005 2201 2050 2235; x_wconf 87' lang='lat' dir='ltr'>ad</span> 
     </span>
    </p>
   </div>
   <div class='ocr_carea' id='block_1_6' title="bbox 428 2264 2049 2313">
    <p class='ocr_par' dir='ltr' id='par_1_6' title="bbox 428 2264 2049 2313">
     <span class='ocr_line' id='line_1_32' title="bbox 428 2264 2049 2313; baseline -0.003 -11"><span class='ocrx_word' id='word_1_331' title='bbox 428 2268 553 2303; x_wconf 87' lang='lat' dir='ltr'>solium</span> <span class='ocrx_word' id='word_1_332' title='bbox 584 2268 733 2312; x_wconf 83' lang='lat' dir='ltr'>regium,</span> <span class='ocrx_word' id='word_1_333' title='bbox 760 2279 821 2313; x_wconf 86' lang='lat' dir='ltr'>per</span> <span class='ocrx_word' id='word_1_334' title='bbox 853 2272 1000 2302; x_wconf 86' lang='lat' dir='ltr'>mortem</span> <span class='ocrx_word' id='word_1_335' title='bbox 1031 2266 1191 2302; x_wconf 86' lang='lat' dir='ltr'>Bathorii</span> <span class='ocrx_word' id='word_1_336' title='bbox 1218 2277 1377 2305; x_wconf 86' lang='lat' dir='ltr'>vacuum,</span> <span class='ocrx_word' id='word_1_337' title='bbox 1414 2276 1431 2298; x_wconf 92' lang='lat' dir='ltr'>e</span> <span class='ocrx_word' id='word_1_338' title='bbox 1451 2265 1638 2300; x_wconf 77' lang='lat' dir='ltr'>Germania</span> <span class='ocrx_word' id='word_1_339' title='bbox 1672 2264 1896 2310; x_wconf 82' lang='lat' dir='ltr'>Rudolphum</span> <span class='ocrx_word' id='word_1_340' title='bbox 1918 2264 2049 2298; x_wconf 86' lang='lat' dir='ltr'>Roma-</span> 
     </span>
    </p>
   </div>
   <div class='ocr_carea' id='block_1_7' title="bbox 249 2313 2047 2376">
    <p class='ocr_par' dir='ltr' id='par_1_7' title="bbox 249 2313 2047 2376">
     <span class='ocr_line' id='line_1_33' title="bbox 249 2313 2047 2376; baseline -0.002 -11"><span class='ocrx_word' id='word_1_341' title='bbox 249 2313 364 2376; x_wconf 32' lang='lat' dir='ltr'>Comitia</span> <span class='ocrx_word' id='word_1_342' title='bbox 426 2341 550 2365; x_wconf 90' lang='lat' dir='ltr'>norum</span> <span class='ocrx_word' id='word_1_343' title='bbox 587 2330 851 2375; x_wconf 76' lang='lat' dir='ltr'>Imperatorem,</span> <span class='ocrx_word' id='word_1_344' title='bbox 874 2330 1154 2364; x_wconf 77' lang='lat' dir='ltr'>Maximilianum</span> <span class='ocrx_word' id='word_1_345' title='bbox 1186 2329 1248 2369; x_wconf 89' lang='lat' dir='ltr'>illi,</span> <span class='ocrx_word' id='word_1_346' title='bbox 1270 2328 1327 2362; x_wconf 84' lang='lat' dir='ltr'>alii</span> <span class='ocrx_word' id='word_1_347' title='bbox 1361 2339 1380 2362; x_wconf 87' lang='lat' dir='ltr'>a</span> <span class='ocrx_word' id='word_1_348' title='bbox 1401 2328 1525 2362; x_wconf 82' lang='lat' dir='ltr'>Suecia</span> <span class='ocrx_word' id='word_1_349' title='bbox 1556 2327 1817 2373; x_wconf 81' lang='lat' dir='ltr'>Sigismundum</span> <span class='ocrx_word' id='word_1_350' title='bbox 1851 2326 2047 2361; x_wconf 68' lang='lat' dir='ltr'>Finlandiae</span> 
     </span>
    </p>
   </div>
   <div class='ocr_carea' id='block_1_8' title="bbox 247 2387 2045 2500">
    <p class='ocr_par' dir='ltr' id='par_1_8' title="bbox 247 2387 2045 2500">
     <span class='ocr_line' id='line_1_34' title="bbox 247 2387 2043 2437; baseline -0.003 -9"><span class='ocrx_word' id='word_1_351' title='bbox 247 2389 388 2433; x_wconf 38' lang='lat' dir='ltr'>elect-ionis</span> <span class='ocrx_word' id='word_1_352' title='bbox 428 2391 639 2437; x_wconf 86' lang='lat' dir='ltr'>Principem,</span> <span class='ocrx_word' id='word_1_353' title='bbox 662 2391 792 2425; x_wconf 83' lang='lat' dir='ltr'>Ducem</span> <span class='ocrx_word' id='word_1_354' title='bbox 809 2392 986 2426; x_wconf 58' lang='lat' dir='ltr'>Ferraria?</span> <span class='ocrx_word' id='word_1_355' title='bbox 1006 2392 1076 2432; x_wconf 81' lang='lat' dir='ltr'>alii,</span> <span class='ocrx_word' id='word_1_356' title='bbox 1099 2391 1155 2426; x_wconf 82' lang='lat' dir='ltr'>alii</span> <span class='ocrx_word' id='word_1_357' title='bbox 1176 2403 1197 2425; x_wconf 87' lang='lat' dir='ltr'>a</span> <span class='ocrx_word' id='word_1_358' title='bbox 1224 2390 1425 2437; x_wconf 86' lang='lat' dir='ltr'>proceribus</span> <span class='ocrx_word' id='word_1_359' title='bbox 1452 2390 1507 2424; x_wconf 90' lang='lat' dir='ltr'>vel</span> <span class='ocrx_word' id='word_1_360' title='bbox 1526 2390 1654 2425; x_wconf 82' lang='lat' dir='ltr'>exteris</span> <span class='ocrx_word' id='word_1_361' title='bbox 1673 2389 1729 2423; x_wconf 90' lang='lat' dir='ltr'>vel</span> <span class='ocrx_word' id='word_1_362' title='bbox 1749 2388 1922 2433; x_wconf 88' lang='lat' dir='ltr'>indigenis</span> <span class='ocrx_word' id='word_1_363' title='bbox 1941 2387 2043 2427; x_wconf 84' lang='lat' dir='ltr'>alios,</span> 
     </span>
     <span class='ocr_line' id='line_1_35' title="bbox 249 2428 2045 2500; baseline -0.003 -10"><span class='ocrx_word' id='word_1_364' title='bbox 249 2428 383 2494; x_wconf 45' lang='grc' dir='ltr'>ξὲἷέζᾶὲο-</span> <span class='ocrx_word' id='word_1_365' title='bbox 429 2455 629 2489; x_wconf 83' lang='lat' dir='ltr'>invitarent.</span> <span class='ocrx_word' id='word_1_366' title='bbox 655 2454 694 2488; x_wconf 91' lang='lat' dir='ltr'>In</span> <span class='ocrx_word' id='word_1_367' title='bbox 714 2453 773 2488; x_wconf 91' lang='lat' dir='ltr'>illo</span> <span class='ocrx_word' id='word_1_368' title='bbox 798 2454 995 2489; x_wconf 89' lang='lat' dir='ltr'>animorum</span> <span class='ocrx_word' id='word_1_369' title='bbox 1023 2466 1062 2489; x_wconf 83' lang='lat' dir='ltr'>ac</span> <span class='ocrx_word' id='word_1_370' title='bbox 1080 2466 1188 2500; x_wconf 90' lang='lat' dir='ltr'>prope</span> <span class='ocrx_word' id='word_1_371' title='bbox 1224 2465 1398 2488; x_wconf 79' lang='lat' dir='ltr'>armorum</span> <span class='ocrx_word' id='word_1_372' title='bbox 1428 2452 1590 2487; x_wconf 83' lang='lat' dir='ltr'>conflictu</span> <span class='ocrx_word' id='word_1_373' title='bbox 1623 2452 1713 2486; x_wconf 85' lang='lat' dir='ltr'>Socii</span> <span class='ocrx_word' id='word_1_374' title='bbox 1746 2462 1870 2486; x_wconf 89' lang='lat' dir='ltr'>numen</span> <span class='ocrx_word' id='word_1_375' title='bbox 1892 2451 2045 2485; x_wconf 90' lang='lat' dir='ltr'>divinum</span> 
     </span>
    </p>
   </div>
   <div class='ocr_carea' id='block_1_9' title="bbox 249 2506 2044 2563">
    <p class='ocr_par' dir='ltr' id='par_1_9' title="bbox 249 2506 2044 2563">
     <span class='ocr_line' id='line_1_36' title="bbox 249 2506 2044 2563; baseline -0.002 -10"><span class='ocrx_word' id='word_1_376' title='bbox 249 2506 330 2533; x_wconf 72' lang='lat'>¹⁰¹¹⁰⁸&#39;</span> <span class='ocrx_word' id='word_1_377' title='bbox 428 2518 546 2553; x_wconf 90' lang='lat' dir='ltr'>multis</span> <span class='ocrx_word' id='word_1_378' title='bbox 564 2517 688 2552; x_wconf 87' lang='lat' dir='ltr'>hostiis</span> <span class='ocrx_word' id='word_1_379' title='bbox 707 2521 741 2552; x_wconf 89' lang='lat' dir='ltr'>et</span> <span class='ocrx_word' id='word_1_380' title='bbox 760 2517 898 2552; x_wconf 89' lang='lat' dir='ltr'>indictis</span> <span class='ocrx_word' id='word_1_381' title='bbox 923 2529 985 2563; x_wconf 89' lang='lat' dir='ltr'>per</span> <span class='ocrx_word' id='word_1_382' title='bbox 1013 2517 1182 2563; x_wconf 83' lang='lat' dir='ltr'>Collegia,</span> <span class='ocrx_word' id='word_1_383' title='bbox 1204 2517 1511 2563; x_wconf 70' lang='lat' dir='ltr'>quadragenarum</span> <span class='ocrx_word' id='word_1_384' title='bbox 1539 2516 1644 2551; x_wconf 68' lang='lat' dir='ltr'>etiam</span> <span class='ocrx_word' id='word_1_385' title='bbox 1665 2515 1842 2555; x_wconf 78' lang='lat' dir='ltr'>horarum,</span> <span class='ocrx_word' id='word_1_386' title='bbox 1874 2514 2044 2560; x_wconf 81' lang='lat' dir='ltr'>snpplica-</span> 
     </span>
    </p>
   </div>
  </div>
 </body>
</html>
