2184 2953
616 302 721 331 LlssER
747 302 903 330 TERTIUS
928 300 1138 337 (1580-1590).
1660 298 1714 328 103

100 409 118 424 κ
140 406 263 441 nempe
284 394 352 440 ipsi
371 393 550 428 ministelli
577 394 697 434 vestri,
734 393 985 428 obtrectatores
1014 389 1233 435 iniquissimi,
1263 389 1421 423 insidiosi
1448 401 1550 435 opum
1569 390 1715 436 depecu-

104 471 119 486 ιι
140 456 271 491 latores
294 460 501 495 vestrarum,
523 455 721 489 conflarint.
744 456 850 501 Agite
868 455 963 494 dum,
979 454 1053 499 jam
1080 452 1237 497 hospites
1264 452 1350 485 istos
1370 452 1402 485 in
1424 453 1542 487 urbem
1561 457 1714 487 vestram

104 534 119 548 a
140 517 287 564 accipite
309 517 413 563 grati,
448 517 851 561 commendationemque
871 519 1039 552 nostram,
1065 524 1168 558 quam
1190 513 1286 558 justa
1310 513 1365 553 sit,
1386 513 1513 559 placati
1532 526 1715 560 comesque

104 595 119 610 a
141 578 359 624 experimini.
383 578 494 618 Diem,
518 590 584 624 quo
604 579 804 613 mandatum
824 578 888 611 hoc
907 580 1063 610 nostrum
1083 575 1314 621 exequamini,
1344 586 1454 609 nonas
1473 575 1602 620 apriles
1622 588 1714 621 prae-

104 655 119 669 a
141 640 260 674 stituo.
285 657 300 672 υ
320 639 450 674 Octavo
478 640 555 673 idus
586 640 716 685 apriles
734 641 864 675 tradita
880 640 958 675 Divi
973 639 1098 674 Jacobi
1125 640 1238 681 aetles;
1273 644 1412 686 postero
1443 642 1512 682 die,
1547 642 1581 675 in
1613 654 1714 688 quein

101 712 202 736 sacra
220 700 401 735 catholicis
421 703 625 735 Verbenalia
658 702 690 747 (1)
716 702 922 741 inciderant,
944 713 1005 747 per
1035 701 1227 736 antistitem
1254 702 1457 748 Samogitiae
1487 703 1714 739 Melchiorem

102 763 276 810 Giedroyc
295 764 329 797 in
349 763 478 808 templo
496 762 705 809 perlitatum,
734 763 864 797 habitae
883 763 1003 798 eodem
1021 763 1076 797 die
1095 774 1115 797 a
1135 764 1246 798 Sociis
1264 764 1385 805 latine,
1404 764 1562 810 polonice
1582 769 1615 799 et
1635 776 1712 809 ger-

99 826 233 860 manice
252 826 450 861 conciones
473 826 579 861 Feria
606 826 730 860 deinde
757 830 856 861 sexta
881 826 1025 871 majoris
1044 826 1274 862 hebdomad-ee
1301 828 1335 861 in
1364 828 1457 863 {edes
1488 828 1568 862 huic
1586 827 1715 873 templo

100 888 297 934 proximas,
332 887 413 922 olim
444 888 645 922 monasterii
678 888 776 922 Diva}
811 887 1048 933 Magdalenae,
1070 898 1180 933 grege
1207 889 1487 923 Lutheranorum
1518 889 1715 928 exturbato,

101 949 227 983 Petrus
248 950 388 995 Skarga
402 954 436 983 et
454 949 631 983 Martinus
653 950 806 983 Latcrna
822 960 899 983 cum
914 949 1051 985 Joanne
1069 952 1245 991 Vincerio,
1268 953 1312 986 ad
1326 952 1559 987 instituendas
1579 951 1717 985 scholas

103 1014 137 1045 et
154 1010 338 1045 conciones
353 1010 553 1056 germanice
572 1011 750 1045 habendas
770 1011 880 1046 accito
900 1023 918 1046 e
943 1012 1224 1060 Brunsbergensi
1243 1015 1414 1060 Collegio,
1433 1026 1624 1060 novemque
1643 1014 1714 1055 alii,

103 1086 145 1109 ex
163 1074 242 1109 aliis
260 1074 341 1110 lecti
357 1075 552 1115 domiciliis,
576 1075 717 1109 adducti
744 1087 765 1109 a
800 1076 957 1110 Praeside
987 1076 1211 1115 Provinciali,
1234 1076 1314 1110 novi
1348 1077 1474 1111 incolae
1490 1087 1526 1111 se
1553 1076 1714 1110 intulere.

104 1136 173 1170 Per
190 1147 310 1171 omnes
331 1136 619 1182 Quadragesimae
639 1137 711 1171 dies
727 1148 856 1182 magna
876 1137 1128 1172 catholicorum
1142 1138 1265 1172 laetitia
1284 1142 1318 1172 et
1332 1139 1462 1184 pietate
1478 1138 1720 1173 celebrabatur

103 1196 281 1242 templum,
304 1208 461 1242 novaque
480 1198 659 1232 Sociorum
678 1198 825 1237 colonia,
848 1209 932 1243 rege
963 1197 1165 1243 proceribus
1197 1203 1388 1244 praeeunte.
1412 1199 1472 1233 Bis
1491 1199 1549 1233 ille
1568 1199 1720 1244 quotidie

105 1268 148 1291 ex
166 1268 258 1298 arce,
277 1269 387 1304 eaque
407 1259 548 1305 longius
567 1260 732 1300 distante,
758 1259 927 1303 frequenti
947 1260 1095 1304 stipatus
1115 1259 1292 1299 comitatu,
1323 1261 1610 1295 concursantibus
1644 1261 1722 1295 hinc

108 1319 203 1355 illinc
221 1322 318 1365 quasi
333 1321 379 1355 ad
397 1322 646 1367 spectaculum,
665 1323 939 1368 mirantibusque
958 1322 1145 1363 haereticis‚
1167 1323 1290 1358 itabat.
1312 1323 1587 1359 Assectabantur
1606 1323 1722 1358 aulam

111 1386 261 1418 catervae
278 1384 541 1429 oppidanorum,
572 1388 643 1418 tum
672 1385 766 1430 regis
785 1384 955 1425 intuendi,
977 1388 1049 1418 tuni
1069 1385 1388 1429 cognoscendorum
1420 1386 1548 1419 rituum
1581 1385 1725 1420 catholi-

111 1455 229 1479 corum
258 1445 385 1480 studio.
422 1445 696 1480 Admirabantur
726 1446 859 1491 regiam
888 1446 1064 1491 pietatem,
1086 1460 1162 1482 cum
1195 1460 1273 1483 eum
1301 1453 1500 1494 spectarent
1522 1453 1600 1484 ante
1628 1460 1726 1483 aram

111 1504 232 1550 positis
251 1505 348 1540 humi
366 1506 513 1551 genibus
533 1507 660 1541 multas
679 1507 797 1549 horas,
819 1508 864 1542 ad
892 1519 992 1542 sacra
1022 1513 1257 1554 perattentuni
1276 1510 1312 1544 in
1339 1511 1509 1545 sacrificio
1544 1511 1723 1557 mysteria,

112 1567 379 1613 supplicantem,
414 1569 637 1605 accedentem
658 1570 701 1604 ad
730 1582 886 1605 mensam
910 1571 1199 1611 Eucharisticam,
1229 1584 1340 1607 sacrae
1370 1573 1482 1607 crucis
1513 1572 1650 1618 signum
1671 1572 1726 1607 die

113 1629 326 1666 Parasceves
362 1632 429 1666 ritu
458 1631 630 1666 catholico
663 1633 881 1673 adorantem,
916 1633 1180 1668 Sanctissimum
1211 1634 1246 1668 in
1278 1634 1395 1669 hostia
1426 1634 1559 1680 Corpus
1588 1633 1727 1668 Domini

112 1690 338 1726 deducentem
357 1693 401 1727 ad
427 1693 623 1739 sepulcrale
646 1694 832 1736 theatrum,
851 1696 988 1742 aliaque
1003 1708 1067 1731 sua
1086 1697 1201 1731 devoti
1221 1697 1358 1732 Christo
1378 1697 1485 1731 animi
1505 1697 1723 1732 documenta.

113 1753 202 1788 Pars
216 1755 314 1800 regio
333 1755 474 1790 excitati
489 1756 658 1802 exemplo,
685 1768 766 1802 pars
785 1758 1091 1794 suaeinclinatione
1108 1758 1298 1793 voluntatis
1317 1758 1495 1804 propensi,
1517 1759 1639 1793 eadem
1657 1759 1728 1793 obi-

114 1817 197 1851 bant
214 1818 344 1863 pietate
361 1821 473 1858 tanta,
495 1822 533 1853 ut
551 1818 636 1864 ipsis
656 1820 761 1854 etiam
789 1820 1013 1861 Lutheranis,
1035 1820 1185 1855 vicissim
1205 1831 1282 1855 sese
1301 1820 1591 1866 respectantibus,
1610 1820 1728 1866 injice-

115 1882 209 1913 retur
228 1879 333 1913 ardor
360 1879 466 1913 animi
493 1880 584 1925 pius,
614 1880 804 1926 laetitiaque
824 1881 977 1927 gliscens
995 1881 1171 1929 lacrymas
1206 1882 1386 1917 electaret.
1421 1883 1507 1917 Erat
1537 1882 1725 1921 enimvero,

115 1941 205 1986 quod
237 1941 272 1975 in
302 1953 343 1976 eo
376 1941 577 1976 christianae
605 1942 746 1988 pietatis
775 1943 974 1988 spectaculo
1006 1944 1072 1989 ipsi
1096 1945 1200 1979 etiam
1230 1948 1391 1979 amarent
1427 1944 1583 1978 haeretici
1610 1944 1729 1979 lauda-

115 2006 273 2047 rentque,
311 2002 372 2036 illa
399 2003 562 2039 videlicet
580 2007 651 2038 tam
686 2003 835 2038 illustria
867 2005 961 2050 regis
981 2008 1015 2039 et
1041 2016 1224 2051 procerum
1251 2004 1410 2050 exempla
1433 2017 1439 2038 :
1478 2004 1557 2038 illos
1577 2005 1729 2050 gravita-

114 2063 160 2097 tis
190 2063 311 2108 plenos
343 2067 376 2098 ct
403 2065 595 2099 sanctitatis
629 2066 716 2099 ritus
735 2078 740 2098 :
781 2069 853 2099 tum
890 2065 1110 2110 splendorem
1144 2066 1264 2112 templi
1300 2071 1334 2101 et
1370 2070 1578 2112 apparatum
1596 2095 1603 2107 ,
1642 2066 1730 2100 invi-

116 2136 191 2159 sum
225 2125 339 2159 adhuc
358 2125 590 2171 Rigensibus‚
619 2128 812 2161 carminum
846 2138 1024 2162 sacrorum
1050 2129 1246 2174 appositam
1279 2130 1323 2163 ad
1355 2129 1557 2164 excitandos
1591 2129 1732 2175 pietatis

117 2197 239 2221 sensus
255 2187 405 2233 gratiam
429 2200 435 2222 :
458 2191 586 2222 caetera
606 2188 755 2233 denique
771 2190 887 2223 onmia
897 2194 968 2223 tam
988 2190 1145 2235 pulchra,
1167 2194 1306 2236 tamque
1321 2191 1536 2226 venerabilia
1550 2191 1626 2225 visa
1635 2195 1727 2232 sunt,

117 2250 155 2281 ut
173 2258 290 2282 eorum
309 2248 505 2294 complures
525 2261 598 2295 prae
616 2250 670 2283 his
691 2262 827 2285 omnem
847 2251 991 2286 Lutheri
1011 2255 1045 2285 et
1063 2251 1226 2286 similium
1246 2252 1436 2298 religiones
1455 2253 1617 2298 deinceps
1635 2253 1732 2287 fasti-

119 2309 245 2350 dirent,
267 2310 591 2356 frequentioresque
611 2311 645 2344 in
672 2311 746 2345 dies
766 2312 859 2346 aedes
884 2313 1063 2347 Sociorum
1082 2314 1248 2348 viserent.
1270 2314 1383 2360 AEgre
1402 2326 1439 2349 se
1464 2315 1577 2350 tenuit
1595 2315 1639 2349 ad
1657 2315 1733 2349 haec

121 2371 334 2416 perditorum
354 2362 546 2413 hominum,
567 2373 883 2407 Lutheranicorum
913 2374 1062 2408 maxime
1089 2374 1340 2416 ministrorum,
1361 2375 1477 2416 furor;
1514 2376 1589 2422 ipso
1621 2376 1734 2410 adhuc

121 2432 214 2477 regis
228 2437 320 2468 metu
339 2434 525 2469 cohibitus.
543 2435 644 2480 Rege
658 2435 783 2470 deinde
794 2436 830 2469 in
849 2435 1049 2477 Livoniam,
1064 2436 1290 2471 restituendae
1300 2437 1480 2482 pariterac
1498 2437 1717 2472 stabiliendae

1723 2465 1729 2478 ⁷

164 2492 209 2532 (1)
225 2492 388 2533 [Dominicae
404 2496 567 2525 Palmarum
584 2495 719 2534 scilicet]

1743 394 1805 420 1582

1742 725 1842 751 Sacrifi-

1742 767 1803 791 cant
1815 767 1841 790 ct

1741 806 1841 832 concio-

1743 846 1840 870 uantur

1745 883 1823 909 Socii.

1747 1015 1860 1047 Rigemc

1748 1055 1882 1087 collegium

1754 1332 1873 1358 Haeretici

1751 1371 1858 1404 quidam

1752 1411 1823 1444 regio

1752 1453 1860 1487 pietatis

1752 1491 1869 1524 exemplo

1753 1537 1857 1555 moven-

1754 1572 1806 1596 tur.

1760 2341 1868 2374 Quidam

1760 2381 1792 2407 ad
1806 2380 1904 2406 malefi-

1762 2421 1802 2446 cia
1823 2421 1885 2446 inci-

1761 2460 1858 2485 tantur.
