2184 2953
240 397 300 423 1568

238 479 386 505 8111111οΓ10-

236 520 305 544 trum
332 518 383 544 dis-

237 557 345 583 similia.

248 838 372 864 Littera-

236 888 294 905 rum
301 880 384 913 etpie-

236 918 303 945 tatis
323 918 384 944 felix

236 957 367 990 conjunc-

235 1000 279 1026 tio.

234 1389 267 1416 In
297 1396 371 1415 mor-

237 1429 300 1456 bum
321 1427 385 1454 inci-

237 1467 286 1495 dit.

238 1766 318 1799 AEgcr
335 1766 386 1791 ter-

238 1805 363 1831 ritantcm

239 1845 362 1879 profligat

236 1893 323 1911 orcum
329 1907 334 1911 .

240 2215 337 2242 Divino
355 2215 390 2241 ci-

240 2254 272 2280 bo
298 2254 388 2280 refici-

240 2298 290 2322 tur.

408 300 447 330 20
779 298 1050 328 LITUANICARUM
1076 299 1287 328 SOCIETATIS
1306 300 1390 329 JESU
1416 300 1669 331 HISTORIARUM

410 391 589 432 fratribus,
610 390 766 437 fugiente
792 390 917 433 altero,
948 391 1059 426 altero
1091 395 1334 438 persequente,
1356 391 1560 427 admirabile
1578 393 1741 428 ederetur
1759 394 1884 429 deinde
1902 397 2037 440 specta-

408 453 535 488 culum.
557 453 705 488 Difficile
738 453 795 489 hic
826 453 1002 489 Stanislao
1022 465 1101 488 cum
1130 453 1238 488 fratre
1258 458 1292 488 et
1312 454 1509 499 paedagogo
1540 454 1810 502 diuturnumque
1825 460 2002 492 certamen
2023 470 2030 492 :

411 511 481 555 isti,
498 516 573 562 jam
592 516 666 551 sine
685 516 839 556 arbitris,
864 516 929 550 sibi
955 515 1073 551 vivere
1101 528 1107 550 1
1138 527 1186 559 ex·
1200 515 1344 550 arbitrio
1364 527 1427 550 suo
1457 516 1549 551 diem
1575 517 1761 563 disponere
1782 519 1851 553 :ad
1882 519 2036 554 scholam

410 581 444 613 et
462 577 631 624 templum
662 577 761 619 itare,
791 578 929 624 quando
958 577 1083 612 liberet
1105 589 1112 611 ε
1134 577 1283 611 invitare
1315 577 1448 623 poculis
1480 589 1716 624 congerrones
1743 592 1749 614 2
1772 579 1916 615 lusitare
1941 581 2031 616 alea.

408 639 538 674 Amare
568 640 653 675 istos
674 640 872 675 Stanislaus
890 651 1005 674 mores
1041 639 1218 674 enimvero
1245 650 1315 673 non
1347 643 1482 685 poterat
1505 651 1511 673 ε
1534 640 1670 675 ferebat
1696 641 1815 687 utique
1846 642 2032 688 patienter,

411 702 484 736 suis
508 701 567 737 ille
586 714 724 749 semper
743 705 932 748 occupatus
964 702 1038 736 Deo
1057 700 1220 747 placendi
1256 701 1382 736 studiis
1405 714 1411 736 ε
1433 701 1470 736 111
1488 701 1695 737 meditandis
1715 704 1820 738 rebus
1840 704 1981 745 divinis,
2002 709 2036 740 et

410 763 572 810 precibus
593 776 599 799 :
622 765 658 799 in
676 764 887 810 percolenda
905 763 970 798 Dei
990 764 1142 798 Parente
1173 762 1323 809 Virgine
1342 767 1377 798 et
1404 763 1588 798 Caelitibus
1613 777 1619 798 1
1648 764 1683 798 in
1714 764 1775 799 1110
1794 766 1900 800 01111111
1919 766 2036 801 divino

414 826 541 861 ardore
560 830 595 861 et
612 826 792 873 lacrymiS‚
815 825 956 872 perdius
976 828 1010 859 et
1029 836 1124 871 saepe
1143 832 1279 871 pernox
1296 838 1303 866 ;
1329 839 1343 853 α
1366 829 1405 860 ut
1425 825 1552 860 mirum
1570 826 1717 872 proinde
1735 827 1825 862 foret
1843 827 2035 868 sodalibus,

414 902 429 917 ec
451 888 510 934 qui
528 891 597 923 tam
616 888 703 923 bene
722 891 868 934 paratus
887 888 931 922 ad
963 886 1175 922 scholastica
1194 887 1432 933 experimenta
1451 891 1545 922 esset
1564 899 1714 934 semper,
1734 892 1807 924 tam
1824 889 1928 925 facile
1947 890 2040 925 dicta

414 964 429 979 a
452 950 611 996 magistri
646 950 857 996 conciperet,
878 953 916 984 ut
938 961 1039 984 nemo
1058 949 1172 995 magis
1205 949 1349 990 otiosus,
1384 953 1489 995 atque
1517 949 1554 984 in
1584 950 1638 984 his
1666 950 1752 997 ipsis
1770 956 1945 994 attentus;
1980 953 2039 999 qui

413 1026 428 1041 α
450 1016 569 1047 tamen
588 1011 906 1058 condiscipulorum
926 1023 1015 1046 unus
1047 1011 1202 1046 omnium
1222 1011 1338 1046 omnia
1364 1011 1537 1058 ejusmodi
1555 1012 1733 1047 videretur
1751 1014 1932 1060 negligere
1951 1027 1958 1056 ;
1980 1015 2039 1061 qui

411 1089 427 1103 α
449 1086 521 1109 non
538 1078 610 1109 tam
629 1074 665 1108 in
684 1074 812 1109 scholis
831 1077 865 1108 et
883 1073 983 1108 libris
1016 1085 1120 1119 quam
1140 1073 1175 1107 in
1194 1073 1324 1119 templo
1343 1077 1377 1108 et
1405 1073 1605 1109 coelestibus
1624 1079 1740 1110 mente
1760 1080 1795 1111 et
1826 1076 2039 1122 cogitatione

412 1151 428 1165 ιι
449 1137 635 1171 habitaret.
666 1136 763 1171 Scire
794 1147 831 1170 se
860 1147 902 1171 ex
922 1136 1110 1171 Laurentio
1127 1135 1283 1177 Pacifici,
1307 1135 1475 1170 Stanislai
1494 1136 1723 1176 cubiculario,
1745 1136 1892 1184 aliisque
1920 1139 2038 1174 dome-

411 1213 426 1227 “
450 1198 547 1233 sticis
567 1210 777 1234 arcanorum
795 1210 938 1233 suorum
956 1198 1206 1244 proditoribus,
1229 1201 1399 1244 quantum
1426 1210 1543 1244 operae
1570 1199 1670 1234 daret
1688 1199 1883 1234 litterarum
1902 1201 2029 1236 studio.

411 1277 427 1292 κ
450 1260 657 1297 Confirmari
672 1260 766 1295 idem
784 1272 847 1295 suo
866 1260 975 1306 ipsius
990 1260 1167 1306 exemplo;
1190 1271 1293 1306 quem
1310 1260 1471 1295 viderent
1490 1261 1644 1306 quotidie
1662 1265 1800 1296 tantum
1815 1263 1982 1308 temporis
2002 1263 2038 1298 in

412 1339 428 1354 a
450 1323 578 1370 templo
594 1323 747 1369 exigere.
781 1340 796 1354 n
1587 1365 1589 1367 ‚

461 1385 562 1425 Quod
589 1384 681 1431 {equi
703 1384 843 1431 pietatis
869 1384 1103 1420 aestimatores
1139 1384 1400 1419 admirabantur
1440 1384 1476 1419 in
1508 1384 1685 1420 Stanislao
1719 1388 1754 1420 et
1789 1386 1967 1428 amabant,
2006 1387 2041 1422 id

412 1448 524 1484 Paulo
543 1451 619 1483 erat
645 1447 785 1482 dividiae
808 1462 813 1482 z
835 1447 917 1482 hinc
935 1447 997 1482 illa
1025 1447 1188 1488 convitia,
1215 1446 1368 1493 injuriae,
1391 1447 1558 1489 verbera;
1590 1458 1669 1493 quae
1696 1447 1842 1494 amplius
1861 1449 2041 1484 biennium

404 1511 549 1559 juvenis
585 1511 782 1545 constantia
817 1514 851 1545 et
881 1509 1149 1545 mansuetudine
1184 1509 1347 1553 toleravit
1381 1509 1590 1544 incredibili.
1627 1510 1723 1545 Inter
1758 1521 1816 1545 eas
1850 1523 2038 1554 ⁴aerumnas,

411 1574 495 1609 anni
516 1573 610 1609 1566
628 1584 746 1608 mense
764 1572 952 1614 decembri,
975 1572 1140 1618 delapsus
1159 1572 1195 1606 in
1214 1571 1386 1606 morbum.
1410 1571 1538 1606 Levius
1565 1571 1693 1606 malum
1720 1573 1887 1619 principio
1907 1574 2038 1616 visum;

412 1647 536 1672 revera
555 1635 709 1671 sonticus
727 1635 791 1670 fuit
818 1635 972 1676 morbus,
995 1646 1108 1681 neque
1128 1646 1193 1680 ope
1207 1634 1362 1668 humana
1379 1633 1597 1668 medicabilis
1617 1646 1624 1663 -·
1644 1634 1760 1680 idque,
1784 1634 1919 1680 opinor,
1942 1640 2041 1671 ratus

413 1703 487 1734 ater
501 1698 637 1745 geniuS‚
660 1709 742 1733 suas
761 1697 820 1732 ille
836 1701 1044 1744 experturus
1070 1696 1223 1737 fraudes,
1247 1696 1274 1730 si
1294 1696 1419 1742 quibus
1442 1699 1585 1730 noceret
1607 1696 1722 1731 inviso
1744 1697 1819 1743 jam
1838 1698 1896 1732 diu
1915 1709 2038 1744 puero,

412 1766 563 1803 tentare,
582 1772 772 1795 conversus
791 1760 826 1794 111
846 1760 998 1794 belluam
1017 1758 1285 1793 formidabilem.
1310 1758 1451 1803 Species
1470 1758 1546 1792 visa
1574 1758 1715 1793 molossi
1744 1759 1939 1805 nigerrimi,
1961 1761 2041 1795 hor-

414 1824 569 1859 rentibus
588 1823 806 1869 perfusisque
826 1833 948 1857 cruore
968 1821 1073 1861 villis,
1092 1820 1362 1855 scintillantibus
1381 1820 1504 1859 oculis,
1526 1821 1615 1855 rictu
1635 1821 1679 1855 ad
1697 1832 1801 1856 aures
1825 1822 2038 1858 dehiscente.

414 1886 483 1922 Sed
509 1897 619 1920 vanas
640 1884 751 1920 hostis
777 1885 860 1925 iras,
891 1884 1000 1919 fretus
1020 1884 1108 1923 Deo,
1133 1883 1242 1917 irrisit
1268 1893 1373 1929 puer;
1395 1886 1449 1916 ter
1476 1882 1663 1917 assultavit
1694 1882 1821 1923 bellua,
1852 1887 1906 1918 ter
1937 1884 2039 1930 signo

413 1948 525 1985 crucis
557 1948 699 1994 rejecta,
730 1959 807 1982 cum
835 1946 1015 1981 fraudibus
1047 1946 1168 1991 iraque
1198 1944 1367 1991 disperiit.
1399 1944 1524 1991 Stygia
1556 1945 1695 1991 quidem
1727 1945 1835 1991 pestis
1861 1946 1959 1986 abiit,
1980 1946 2041 1982 sed

412 2010 544 2046 febrilis
563 2009 722 2045 increvit.
744 2008 850 2043 Nulla
868 2007 1008 2043 interim
1028 2007 1196 2042 sollicitus
1227 2018 1325 2053 aeger
1350 2006 1417 2041 nisi
1451 2018 1493 2041 ea
1517 2018 1567 2048 re,
1590 2007 1641 2042 uti
1669 2018 1713 2042 ne
1742 2007 1898 2042 discedat
1916 2019 1937 2042 a
1953 2008 2038 2049 vita,

413 2084 484 2108 non
504 2083 603 2106 sacro
619 2071 768 2106 refectus
787 2071 911 2105 viatico
927 2084 934 2112 ;
952 2071 986 2104 id
1003 2082 1110 2104 unum
1129 2069 1187 2104 ille
1202 2081 1283 2104 suos
1298 2069 1508 2104 domesticos
1525 2069 1649 2115 cupide
1664 2069 1792 2115 diuque
1807 2073 1883 2104 orat
1896 2069 2037 2111 frustra,

413 2136 498 2171 hero
517 2134 699 2169 diversorii
719 2133 824 2180 impio
850 2133 1011 2179 precibus
1042 2133 1264 2167 adversante.
1288 2132 1379 2170 Quid
1405 2136 1490 2177 agat
1519 2144 1628 2178 aeger,
1645 2133 1722 2178 jam
1741 2144 1804 2167 sua
1823 2133 1929 2168 etiam
1950 2133 2039 2169 fame

415 2209 516 2233 sacra
534 2197 806 2232 contabescens?
827 2195 1069 2231 Commeminit
1096 2195 1132 2229 in
1158 2198 1323 2240 tempore,
1341 2194 1496 2228 sodalem
1516 2206 1553 2229 se
1573 2194 1746 2229 cultorum
1765 2195 1878 2230 beatae
1893 2195 2039 2241 virginis

415 2260 598 2307 Barbarae,
619 2270 729 2304 nuper
749 2262 980 2304 aggregatum
1002 2271 1007 2292 :
1032 2257 1219 2292 beneficam
1237 2256 1273 2290 in
1297 2268 1378 2290 suos
1405 2268 1482 2291 esse
1509 2256 1654 2291 clientes
1673 2256 1803 2296 divam,
1821 2261 1855 2292 et
1874 2257 2039 2303 opitulari

415 2321 656 2357 moribundis:
680 2321 710 2355 ei
729 2332 766 2355 se
790 2320 895 2354 animi
929 2320 1113 2355 devotione
1143 2318 1320 2365 praecipua
1347 2318 1459 2363 pridie
1490 2329 1602 2352 nonas
1634 2318 1826 2353 decembris
1859 2331 2036 2354 commen-

415 2385 537 2424 dasse;
559 2383 649 2417 hanc
677 2394 761 2428 ergo
793 2382 851 2416 ille
879 2382 1067 2427 gemitilms
1099 2382 1275 2417 invocare,
1298 2380 1402 2424 huJus
1433 2391 1533 2425 opem
1559 2380 1722 2426 lacrymis
1758 2384 1890 2426 petere.
1918 2381 2037 2416 Gratae

413 2447 509 2481 fuere
527 2445 700 2480 coelitibus
727 2444 894 2479 Stanislai
914 2456 1049 2490 preces.
1072 2443 1189 2479 Sensit
1208 2453 1302 2483 mox,
1324 2441 1509 2488 palamque
1531 2442 1611 2478 fecit
1626 2443 1659 2489 (1)
1686 2443 1808 2478 adesse
1835 2443 1901 2477 sibi
1921 2444 2033 2478 divam

454 2522 492 2557 (l)
519 2522 646 2548 ''rm-sss,
671 2521 791 2547 Pmsuzm.
813 2529 837 2555 p,
859 2522 927 2547 380,
