2184 2953
617 296 724 324 menn
748 296 886 324 snmus
908 296 995 332 (1610
1007 296 1119 331 11100).
1656 291 1715 322 225

103 385 297 420 Prosecuta
322 397 440 432 regem
459 390 533 421 tota
551 387 683 421 civitas.
707 387 870 422 Instituta
888 398 949 432 pro
979 386 1124 420 victoria
1143 388 1177 420 et
1204 384 1346 419 victoris
1366 384 1607 418 incolumitate
1637 393 1717 428 sup·
1747 384 1810 411 1611

102 446 254 492 plicatio.
279 448 363 483 Inde
382 449 637 495 Sigismundus,
660 450 800 484 remotis
831 449 1000 487 arbitriis,
1022 448 1098 493 ipso
1129 447 1200 481 filio
1233 458 1295 481 suo
1327 446 1507 480 Vladislao
1528 448 1715 491 praesente,

103 506 161 541 diu
189 508 231 543 de
258 520 447 555 progressu
467 511 647 557 religionis
667 511 849 546 catholicae
868 511 903 544 in
923 509 1072 551 civitate,
1097 510 1272 545 erroribus
1299 509 1481 544 Photianis
1502 508 1640 547 infecta,
1659 506 1717 541 diu

103 567 145 603 de
164 570 267 604 rebus
291 571 469 606 Sociorum
498 573 532 607 in
551 585 592 608 ea
619 573 754 607 colonia
774 585 815 608 ex
842 573 990 619 praeside
1018 572 1139 606 domus
1161 575 1405 618 percontatus;
1439 571 1592 616 cognito,
1614 580 1717 614 quam

102 629 246 675 frugifer
281 637 373 668 esset
402 646 472 669 non
503 634 570 680 ipsi
601 635 702 670 modo
739 635 886 675 civitati,
916 634 978 670 sed
1009 634 1182 668 universa}
1217 633 1320 667 etiam
1352 632 1481 667 circum
1512 631 1713 677 provinciae,

104 691 283 729 Sociorum
298 695 408 738 labor,
431 697 595 743 templum
614 698 858 745 suppellectili,
880 699 1017 732 domuin
1035 696 1134 731 novis
1153 695 1251 729 auxit
1265 694 1473 729 redditibus.

153 754 219 792 Qui
259 758 390 801 pariter
433 759 553 794 Socios
597 771 656 794 sua
692 760 725 794 in
766 761 850 795 urbe
893 759 1094 797 collocaret,
1119 758 1193 803 J'am
1234 757 1291 791 diu
1324 755 1548 802 exspectabat
1573 754 1711 792 Plocia,
1823 775 1839 800 2

103 814 224 850 civitas
249 818 405 854 Poloniae
438 821 634 867 Superioris
663 822 852 869 praecipua.
872 822 1063 856 Introducti
1086 833 1126 856 eo
1163 821 1230 854 duo
1258 831 1276 854 e
1309 820 1464 866 Collegio
1501 818 1718 854 Pultoviensi
1748 814 1843 860 Plociae

104 878 314 921 sacerdotes,
337 881 504 917 Nicolaus
524 883 689 930 Niszczyc
705 888 738 918 et
758 884 987 919 Sebastianus
1005 884 1211 923 Romanus;
1233 882 1279 916 ad
1298 882 1408 916 aedem
1433 882 1533 916 beato
1552 879 1720 915 Michaeli
1748 862 1888 920 ἓξζωεῖἔῑῖ.

105 950 253 981 sacram,
284 948 431 979 exeunte
468 946 667 990 septembri,
697 957 718 980 a
752 946 908 981 Martino
940 945 1209 992 Szyszkovskio,
1248 945 1323 990 ejus
1357 944 1518 978 dioecesis
1551 943 1718 982 antistite,
1750 943 1816 961 rum.

105 1002 276 1039 collocati.
304 1005 484 1041 Fructibus
502 1007 650 1052 primum
669 1007 765 1053 ipsis,
788 1019 872 1053 quos
897 1019 938 1042 ex
967 1007 1124 1042 decumis
1150 1007 1351 1052 assignarat
1379 1006 1574 1053 episcopus,
1596 1005 1723 1040 deinde

106 1075 147 1099 ex
162 1066 328 1101 attributo
348 1068 480 1113 praedio
507 1069 721 1109 Littobroco,
744 1069 904 1115 denique,
928 1081 1004 1104 cum
1025 1069 1100 1103 haec
1127 1069 1203 1114 ipsa
1229 1072 1454 1114 carperentur
1472 1069 1516 1103 ab
1543 1068 1669 1102 invidis
1691 1071 1724 1102 et

106 1127 405 1169 subtraherentur,
426 1130 588 1165 subsidiis
608 1135 641 1165 et
659 1131 869 1166 liberalitate
885 1132 1020 1177 piorum
1039 1131 1163 1165 civium
1179 1143 1215 1166 se
1234 1131 1488 1165 sustentabant.
1508 1130 1662 1176 Magnus
1681 1129 1725 1164 ad

107 1200 223 1224 sacras
238 1191 420 1225 conciones
435 1191 540 1226 fiebat
556 1204 758 1233 concursus,
774 1193 883 1239 major
898 1194 942 1228 ad
960 1193 1168 1227 familiarem
1183 1193 1351 1227 doetrinae
1370 1193 1412 1227 de
1432 1192 1553 1227 officiis
1574 1191 1725 1226 hominis

108 1250 288 1286 christiani
304 1252 595 1298 explanationem.
619 1254 674 1288 Ad
690 1256 847 1290 scholam
864 1268 997 1302 quoque
1017 1257 1118 1302 pueri
1138 1257 1331 1291 convocati.

158 1315 300 1361 Aliquot
320 1328 362 1351 ex
380 1317 446 1351 hac
465 1319 642 1363 provincia
663 1320 819 1364 insignes
834 1318 963 1364 pietate
979 1319 1071 1353 viros
1089 1320 1133 1354 ad
1147 1320 1252 1354 vitam
1269 1320 1406 1354 beatam
1422 1330 1514 1353 mors
1532 1317 1723 1353 transtulit.
1756 1364 1782 1390 M
1821 1319 1856 1390 -3t
1875 1363 1880 1368 ¹

1785 1372 1842 1397 agis
1859 1372 1882 1389 ri

1758 1409 1854 1435 Mloeki
1874 1408 1909 1433 fe-

113 1440 252 1486 generis
264 1442 482 1484 nobilissimi,
496 1444 647 1478 ²lacobus
663 1445 851 1485 Mlockius,
866 1446 1011 1491 poeticae
1026 1444 1059 1478 in
1075 1444 1258 1491 gymnasio
1273 1443 1419 1489 Rigensi
1436 1443 1615 1488 magister,
1629 1442 1730 1477 annis
1758 1449 1792 1476 iix
1815 1448 1901 1473 obitus

115 1503 241 1538 abhinc
259 1509 335 1539 octo
362 1504 397 1538 in
426 1505 635 1540 Societatem
662 1511 844 1553 acceptus;
875 1506 1069 1547 modestiaae,
1092 1506 1320 1546 castimoniae,
1344 1505 1482 1551 pietatis
1515 1504 1728 1550 exemplum3
1760 1489 1841 1521 ngae.

115 1565 231 1612 legum
263 1567 507 1612 religiosarum
544 1572 577 1602 et
607 1569 895 1603 consuetudinum
927 1569 1276 1609 observantissimus3
1311 1567 1357 1602 ad
1391 1579 1512 1602 omnes
1543 1567 1731 1613 praesiduni

119 1637 258 1661 suorum
291 1631 393 1661 nutus
424 1631 560 1662 erectus
588 1640 724 1675 semper
744 1634 777 1664 et
795 1630 924 1671 alacer,
947 1631 1099 1665 omnium
1120 1642 1242 1665 amans
1261 1630 1295 1663 in
1324 1629 1461 1664 Christo
1493 1641 1534 1664 ac
1554 1641 1731 1669 reverens,

119 1688 271 1723 oninium
290 1688 364 1734 ipse
379 1701 496 1723 amore
516 1693 549 1724 et
564 1692 761 1725 reverentia
780 1697 921 1738 propter
939 1694 1111 1739 ingenuos
1128 1704 1255 1731 mores,
1271 1696 1305 1726 et
1324 1693 1515 1739 spirantem
1529 1692 1564 1726 in
1583 1693 1637 1726 his
1657 1693 1738 1726 vitae

121 1749 353 1786 innocentiam
382 1763 422 1786 ac
441 1752 719 1793 sanctimoniam,
739 1754 832 1788 visus
852 1758 903 1789 ost
929 1767 1065 1801 semper
1084 1755 1224 1802 dignus.
1252 1756 1389 1790 Memor
1408 1755 1593 1801 praesentis
1613 1755 1740 1800 ubique

119 1814 196 1856 Dei,
219 1814 335 1849 omnia
353 1826 416 1848 sua
436 1826 610 1860 exequens
629 1816 884 1858 honestissime,
908 1818 1078 1853 sieamore
1102 1818 1160 1852 11111
1178 1818 1405 1852 animabatur
1431 1817 1560 1858 divino,
1581 1821 1616 1852 ut
1636 1817 1741 1864 hujus

124 1876 268 1923 igniculi
296 1888 315 1911 e
345 1880 485 1922 pectore
510 1889 603 1923 saepe
635 1878 668 1912 in
707 1878 853 1919 vultum,
876 1891 969 1926 saepe
1000 1880 1035 1914 in
1066 1880 1216 1925 suspiria
1249 1883 1281 1914 et
1312 1879 1476 1925 gemitus,
1500 1891 1567 1913 non
1603 1890 1682 1929 raro
1707 1878 1743 1912 in

125 1939 298 1988 lacrymas
329 1940 433 1975 etiam
465 1946 699 1987 erumperent.
719 1942 917 1977 Secundum
944 1942 1056 1977 Deum
1083 1944 1148 1979 Dei
1182 1947 1361 1990 parentem
1390 1943 1574 1989 Virginem
1602 1943 1742 1978 amabat

128 2003 277 2038 maxime
311 2002 533 2048 colebatque;
568 2002 722 2048 quotidie
750 2008 845 2038 certa
876 2005 906 2038 ei
942 2005 1040 2050 quasi
1072 2005 1201 2040 tributa
1236 2005 1376 2051 pietatis
1413 2005 1600 2039 devotione
1635 2005 1743 2039 animi

128 2066 305 2112 praecipua
323 2065 531 2111 pensitabat.
551 2066 701 2100 Gratum
717 2065 781 2100 sibi
800 2077 877 2099 eum
897 2065 1032 2100 clientis
1048 2066 1101 2100 sui
1116 2068 1268 2101 animum
1287 2067 1396 2102 Beata
1412 2068 1527 2101 Mater
1545 2066 1651 2101 fuisse
1667 2079 1746 2101 0011-

129 2128 295 2170 firmavit3
315 2128 464 2163 maxime
490 2140 694 2174 oppressum
718 2130 838 2163 morbo
860 2142 1032 2176 supremo,
1051 2130 1170 2164 diebus
1194 2134 1275 2165 ante
1295 2130 1426 2164 obitum
1446 2130 1583 2165 circiter
1610 2131 1742 2170 decem,

132 2194 316 2237 conspectu
341 2202 402 2225 suo
426 2190 562 2232 solata;
584 2191 617 2225 id
638 2191 728 2236 quod
760 2191 925 2232 Jacobus,
947 2192 1073 2227 mentis
1102 2192 1207 2226 etiam
1241 2195 1313 2225 tum
1339 2203 1492 2237 compos,
1514 2192 1637 2227 laetitia
1667 2204 1744 2238 per-

133 2251 229 2287 fusus
259 2252 412 2294 insolita,
447 2253 632 2293 sacerdoti,
671 2253 802 2287 arbitro
838 2255 1072 2295 conscientae,
1104 2255 1177 2288 viro
1213 2253 1377 2299 prudenti
1411 2265 1452 2288 ac
1487 2254 1557 2299 pio,
1579 2254 1744 2300 prodidit.

133 2314 246 2350 Biduo
277 2319 359 2350 ante
390 2319 547 2356 mortem,
570 2319 670 2350 nocte
700 2315 920 2362 intempesta,
943 2329 1019 2351 cum
1054 2316 1170 2351 lumen
1190 2316 1224 2349 in
1252 2315 1447 2350 cubiculum
1477 2316 1601 2361 aegroti
1634 2320 1749 2350 custos

135 2377 290 2419 inferret,
307 2378 366 2413 ille
385 2378 484 2424 quasi
503 2382 728 2424 experrectus
753 2390 759 2412 :
781 2393 795 2407 α
819 2379 950 2420 omitte,
969 2378 1091 2424 inquit,
1104 2379 1184 2417 ista,
1201 2378 1310 2412 frater
1328 2377 1527 2419 carissime;
1548 2377 1665 2412 lumen
1684 2378 1749 2412 1100

141 2451 155 2466 α
177 2439 262 2474 meis
281 2440 330 2473 uti
357 2451 400 2475 ne
420 2439 547 2474 officiat
577 2439 798 2485 spectaculis.
816 2440 908 2475 Audi
935 2444 972 2474 tu
996 2440 1134 2474 interim
1153 2452 1240 2474 meae
1264 2440 1392 2486 pariter
1414 2444 1552 2486 tuaeque
1570 2440 1747 2474 felicitatis

141 2513 156 2528 α
179 2500 348 2536 nuntium.
371 2501 626 2537 Illustrissimos
644 2501 830 2541 habuimus
858 2515 937 2539 0000
966 2515 1057 2537 1111110
1073 2503 1252 2549 hospites:
1275 2503 1484 2538 exhilaravit
1511 2515 1578 2545 me,
1598 2502 1745 2548 dignata

1624 2562 1655 2587 29

111 1378 295 1425 Antecepit
313 1379 450 1415 virtutis
475 1393 547 1416 sua}
566 1382 713 1417 fructum
732 1383 937 1417 adolescens
956 1382 1216 1428 integerrimus,
1238 1382 1282 1416 ad
1314 1382 1429 1416 omnia
1449 1391 1583 1415 summa
1609 1384 1725 1420 natus,
