2184 2953
664 287 769 315 LIBER
794 285 959 315 OCTAVUS
983 284 1192 321 (1630-1640).
1635 284 1691 314 311

81 381 205 416 Plures
223 391 333 413 annos
357 381 390 413 in
422 379 602 414 tradendis
622 379 815 424 disciplinis
842 378 1062 423 theologicis,
1086 389 1175 412 nunc
1195 378 1356 423 positiva,
1378 379 1479 412 modo
1507 378 1690 424 polemica,

81 443 168 477 alias
199 441 334 479 morali,
374 441 521 475 subinde
561 441 595 474 in
632 440 801 475 habendis
841 440 1064 474 concionibus
1099 439 1272 474 industria
1313 440 1484 485 singulari
1516 445 1549 474 et
1580 440 1693 475 fructu

81 503 262 549 transegit.
284 503 339 536 Ab
354 514 444 537 anno
464 503 551 538 1611
575 501 858 561 Vilnaepovitios
873 505 987 535 rector
1001 505 1035 535 et
1049 501 1216 546 magister
1231 501 1274 534 ad
1294 502 1397 541 1617,
1415 501 1540 536 deinde
1555 502 1695 536 domum

82 566 196 600 tertiae
228 564 446 610 probationis
473 563 640 603 Nesvisii‚
662 564 709 597 ita
729 563 949 608 gubernavit,
982 567 1031 601 ut,
1057 563 1150 608 quod
1184 562 1305 596 scribit
1333 563 1367 596 in
1399 562 1467 597 vita
1502 564 1685 598 Laurentii

82 627 246 661 Albertus
267 625 481 660 Koialowicz
505 638 511 659 :
531 640 545 653 u
569 625 658 659 inter
676 625 835 670 ingentia
854 625 1023 660 beneficia
1043 624 1171 665 divina,
1199 636 1327 670 magna
1346 636 1422 659 cum
1451 626 1554 660 animi
1576 626 1695 672 volup-

87 703 101 717 ιι
124 692 207 727 tate,
230 691 412 722 numerent
432 690 707 731 memorentque,
725 686 849 731 quibus
864 686 1030 732 magistro
1046 685 1106 719 illo
1126 686 1175 720 uti
1190 686 1406 732 contigisset.
1433 705 1448 718 „

132 750 216 784 Pari
231 761 309 783 cum
328 749 431 783 laude
451 749 541 783 rexit
561 748 751 793 Collegium
768 747 951 786 Pultoviae,
974 748 1080 782 semel
1094 751 1197 793 atque
1216 748 1341 782 iterum
1355 748 1467 782 eidem
1494 748 1690 794 praefectus.

84 812 124 845 In
142 810 356 856 praefecturis
376 810 481 845 etiam
501 821 601 844 nemo
630 809 818 844 Laurentio
837 808 1021 849 humiliem
1044 821 1144 843 nemo
1163 809 1208 844 ad
1238 810 1383 844 humilia
1402 810 1511 844 officia
1531 810 1692 845 alacrior.

83 872 221 906 Primus
242 871 311 910 ille,
346 872 443 905 festis
463 871 611 905 maxime
643 871 779 911 diebus,
801 871 844 904 ad
876 871 1110 916 exceptandas
1138 871 1376 917 poenitentium
1405 871 1641 906 confessiones
1661 883 1697 906 se

82 934 239 969 conferre
259 947 264 968 :
304 934 435 980 primus
471 933 615 978 aegrotis
657 933 795 967 adesse.
836 932 913 977 Ipse
957 932 1036 971 sibi,
1075 933 1163 978 ipse,
1201 934 1306 968 etiam
1343 938 1458 968 rector
1493 938 1579 974 tum,
1618 933 1697 968 aliis

82 997 279 1032 ministrare
311 996 453 1030 solitus:
493 996 579 1041 ipse,
618 995 875 1040 quiescentibus
911 995 1002 1028 domi
1035 995 1206 1034 omnibus,
1245 995 1405 1040 vigilare.
1445 995 1476 1029 A
1511 995 1697 1030 conticinio

81 1063 249 1093 nocturno
282 1059 368 1092 hora
400 1058 551 1092 secunda
581 1057 716 1091 visebat
748 1057 927 1102 regimem
959 1056 1080 1090 domus
1112 1068 1262 1096 omnem,
1292 1068 1432 1096 cavens,
1468 1069 1509 1092 ne
1528 1057 1608 1103 quid
1637 1069 1699 1103 per

82 1120 351 1167 imprudentiam
371 1119 552 1160 custodum
579 1119 766 1153 obnoxium
794 1122 885 1153 esset
903 1118 1056 1163 periculo
1074 1131 1080 1152 :
1107 1122 1179 1152 tum
1198 1119 1234 1152 in
1252 1119 1399 1154 transitu
1420 1123 1500 1154 ante
1528 1119 1698 1154 sociorum

82 1182 238 1217 cubicula
257 1180 463 1227 provolutus
499 1180 660 1225 genibus,
692 1180 839 1214 salutem
873 1179 1122 1225 quiescentium
1141 1180 1303 1225 precibus
1323 1181 1397 1216 Deo
1417 1181 1696 1216 commendabat.

81 1244 218 1278 Delicta
236 1244 285 1277 ita
304 1242 514 1287 castigabat,
541 1245 578 1275 ut
596 1242 676 1275 facti
697 1242 942 1287 indignitatem
962 1242 1015 1275 sui
1030 1242 1171 1287 punitus
1191 1242 1320 1277 clarius
1340 1254 1381 1277 ex
1412 1243 1555 1277 lenitate
1585 1255 1699 1288 poenae

81 1305 304 1350 intelligeret.
329 1303 523 1349 Egentibus
554 1302 783 1337 subveniebat
809 1302 979 1336 charitate
1011 1314 1147 1348 magna.
1179 1303 1407 1350 Advigilabat
1433 1304 1634 1350 diligenter,
1657 1316 1699 1339 ne

83 1368 164 1415 quid
184 1367 335 1402 alienum
368 1378 388 1399 a
421 1366 604 1411 disciplina
636 1365 803 1410 religiosa
834 1365 906 1398 suis
937 1365 1133 1410 obreperet.
1161 1366 1349 1401 Sacerdote
1379 1366 1567 1412 aliquando
1600 1379 1618 1402 e
1637 1379 1699 1402 suo

84 1429 252 1474 Collegi0‚
273 1428 346 1462 viro
365 1427 487 1468 nobili,
509 1427 648 1461 militari
671 1426 847 1472 praesectQ
870 1425 1031 1460 invitanti
1059 1426 1103 1459 ad
1123 1438 1269 1468 coenam,
1292 1427 1466 1474 denegare
1483 1440 1552 1463 non
1572 1429 1695 1474 potuit.

85 1492 207 1526 Coenat
226 1490 315 1536 apud
352 1490 494 1524 militem
527 1490 670 1523 Socius:
706 1491 819 1522 rector
852 1488 990 1522 interim
1022 1487 1113 1521 domi
1133 1488 1302 1523 sollicitus
1320 1490 1429 1529 timet,
1450 1502 1494 1525 ne
1526 1491 1608 1536 quid
1632 1491 1699 1525 ista

82 1553 301 1598 indulgentia
335 1564 398 1586 sua
415 1554 627 1586 contractum
648 1551 692 1584 sit
724 1549 835 1594 culpae
853 1561 859 1583 t
890 1561 931 1583 ne
951 1561 1019 1594 qua
1037 1550 1290 1585 contaminetur
1309 1547 1391 1586 suus
1411 1553 1504 1598 apud
1523 1556 1697 1598 raptorem

82 1615 228 1649 conviva
246 1625 288 1648 ex
325 1613 410 1647 cibis
441 1612 650 1657 contagione
681 1612 821 1657 prfedze.
846 1611 930 1657 Ejus
950 1623 1050 1646 noxa}
1069 1612 1299 1657 deprecandae
1330 1625 1436 1649 causa
1468 1619 1636 1649 convocat
1655 1615 1699 1648 ad

84 1678 206 1723 stipem
226 1676 415 1715 mendicos,
437 1678 471 1709 et
490 1675 574 1709 cibis
594 1686 636 1709 ex
652 1674 804 1708 triclinio
824 1673 868 1708 ad
888 1678 1023 1719 portam
1052 1674 1172 1708 domus
1194 1675 1304 1719 pascit
1323 1675 1410 1720 ipse.
1432 1676 1548 1710 Tanta
1566 1676 1645 1709 huic
1665 1676 1697 1709 in

84 1739 125 1773 iis
144 1738 261 1776 etiam,
284 1738 318 1771 in
346 1737 470 1782 quibus
489 1736 545 1771 vel
572 1736 692 1770 umbra
726 1748 826 1770 noxa¹
854 1736 1043 1776 videretur,
1073 1741 1145 1771 erat
1175 1737 1314 1783 religio.
1349 1739 1402 1773 Ex
1433 1750 1499 1784 quo
1527 1740 1700 1785 conjicere

82 1800 173 1839 licet,
195 1811 298 1845 quam
314 1798 470 1833 curiosus
490 1798 593 1832 fuerit
612 1797 657 1831 ad
676 1798 912 1843 integritatem
932 1798 1039 1831 animi
1058 1799 1111 1832 sui
1131 1799 1407 1834 conservandam
1425 1812 1431 1833 :
1462 1801 1519 1845 qui
1539 1800 1572 1833 in
1594 1801 1698 1835 rebus

83 1862 229 1896 aliorum
243 1861 348 1896 etiam
367 1864 460 1895 esset
474 1864 545 1894 tam
563 1864 697 1894 cautus.

130 1923 195 1958 Dei
219 1923 403 1968 praesentis
418 1932 555 1967 semper
586 1921 644 1955 ille
664 1926 698 1954 et
717 1922 843 1967 ubique
876 1934 1018 1956 memor.
1042 1923 1116 1957 Etsi
1137 1934 1218 1957 vero
1238 1924 1271 1956 in
1293 1934 1331 1957 ea
1350 1923 1426 1958 luce
1445 1924 1552 1957 animi
1579 1935 1696 1958 versa-

82 1990 177 2021 retur
194 1989 373 2031 perpetuo,
395 1988 620 2029 saepetamen
637 1984 703 2017 sibi
723 1984 884 2018 veniebat
902 1984 935 2017 in
952 1988 1101 2018 mentem
1121 1996 1126 2017 :
1150 1995 1193 2018 ne
1212 1984 1293 2028 quid
1312 1995 1379 2018 non
1401 1984 1497 2030 digni
1516 1986 1698 2031 majestate

81 2047 245 2094 praesenti
264 2058 326 2092 per
359 2046 625 2091 imprudentiam
657 2045 868 2079 excidisset:
907 2057 1013 2090 quare
1049 2049 1132 2090 quot
1166 2045 1275 2084 horis,
1297 2045 1377 2090 quid
1397 2046 1510 2091 egerit
1529 2046 1698 2083 dixeritve

82 2110 115 2144 in
144 2109 341 2144 memoriam
366 2108 566 2143 revocabat.
590 2108 682 2145 Quot
707 2107 818 2147 annis,
838 2107 1027 2147 mensibus,
1049 2111 1084 2141 et
1109 2107 1338 2141 hebdomadis
1356 2111 1514 2153 tempora
1532 2109 1597 2143 sibi
1617 2121 1697 2144 con-

83 2172 199 2207 stituta
223 2174 335 2211 erant,
359 2170 482 2216 quibus
501 2169 647 2215 putabat
661 2180 775 2203 secum
793 2170 905 2203 exacti
925 2169 1089 2214 temporis
1109 2169 1275 2204 rationes.
1297 2169 1334 2203 Si
1352 2170 1434 2215 quid
1453 2171 1569 2206 delicti
1595 2172 1696 2213 foret,

83 2232 185 2268 certis
206 2232 239 2266 id
259 2231 370 2277 poenis
390 2231 599 2276 castigabat.
622 2230 793 2269 Virtutes,
823 2230 856 2263 111
877 2230 1000 2275 quibus
1030 2240 1066 2263 se
1097 2240 1159 2274 per
1177 2229 1430 2264 hebdomadam
1450 2236 1642 2272 exerceret,
1665 2233 1700 2267 in

83 2295 240 2342 singulos
260 2296 333 2329 dies
352 2283 475 2329 habuit
502 2294 710 2340 propositas.
734 2291 836 2329 Quod
863 2302 905 2325 ex
932 2291 1134 2336 praescripto
1153 2291 1296 2336 egisset,
1318 2291 1353 2325 in
1380 2293 1700 2328 commentariolum

85 2360 246 2391 accurate
265 2355 448 2390 referebat.
472 2355 603 2389 Beatos
630 2354 786 2399 Angelos
819 2357 853 2386 et
873 2353 946 2398 ipsc
973 2363 1053 2386 suos
1072 2352 1298 2386 reverebatur
1317 2352 1521 2399 colebatque
1539 2356 1701 2390 custodes

83 2418 213 2464 pietate
248 2418 437 2463 praecipua,
459 2421 492 2451 et
522 2417 645 2461 cuique
680 2415 867 2450 tutelarem
901 2425 1013 2452 suum,
1036 2413 1218 2447 colendum
1253 2414 1397 2459 pariter,
1420 2417 1697 2452 commendabat.

86 2480 196 2521 Nihil,
218 2480 253 2514 in
285 2480 474 2524 majoribus
510 2478 702 2524 praesertim
734 2477 884 2523 negotiis
915 2476 1112 2521 inceptabat
1142 2476 1251 2520 prius,
1287 2488 1390 2521 quam
1416 2489 1478 2523 per
1509 2480 1701 2514 orationem

1725 384 1785 410 1635

1721 423 1839 449 Lukiscis

1722 460 1787 486 serit
1804 468 1843 486 ar-

1721 499 1854 525 busculas.

1724 754 1802 787 Regit
1812 753 1868 780 Col-

1723 793 1801 826 legia.

1727 1323 1794 1350 Cura
1812 1330 1869 1348 suo-

1726 1372 1782 1389 rum
1790 1364 1869 1389 etsui.

1725 1933 1851 1959 Memoria.

1724 1974 1751 1998 et
1767 1981 1837 1999 reve-

1725 2012 1810 2038 rentia
1822 2012 1872 2038 Dei

1725 2051 1872 2085 praesentis.

1728 2239 1874 2271 Diligentia

1727 2288 1846 2312 progres-

1729 2326 1772 2343 sus
1795 2317 1872 2351 spiri-

1729 2359 1816 2385 tualis.
