2184 2953
625 330 731 359 Lissnfl
756 330 941 360 SECUNDUS
964 330 1176 366 (1571-1580).
1695 326 1733 358 67

123 439 137 454 ει
163 424 254 458 Vere
285 423 328 458 de
359 423 424 457 hoc
458 421 562 468 plane
589 421 705 456 divino
738 422 810 456 viro
855 422 922 457 dici
953 421 1089 467 potuit,
1127 420 1220 467 quod
1262 420 1296 454 in
1341 421 1434 455 omni
1465 421 1537 456 vita
1572 432 1635 456 sua
1665 431 1735 454 non
1764 430 1828 456 1579

122 500 137 514 κ
158 485 243 520 abiit
281 484 316 517 in
343 483 486 518 consilio
512 483 708 528 impiorum,
744 487 778 518 et
802 483 837 518 in
873 484 926 518 via
959 486 1177 529 peccatorum
1213 494 1281 517 non
1309 482 1416 523 stetit,
1442 486 1476 517 et
1500 483 1535 516 in
1571 482 1737 517 cathedra

122 562 136 576 α
158 546 366 592 pestilenti-te
392 557 461 579 non
489 544 590 580 sedit.
612 545 666 579 Ab
685 549 784 580 utero
805 546 897 580 enim
925 545 1043 580 matris
1070 556 1143 579 suffe
1170 555 1310 589 egressa
1339 548 1391 579 est
1415 555 1530 578 secum
1559 544 1682 589 pietas,
1704 547 1738 578 et

123 624 138 637 ιι
159 619 181 642 a
200 607 321 642 diebus
349 607 505 641 infantis‘c
536 618 610 641 suae
642 607 748 641 crevit
778 607 977 648 miseratio;
1011 617 1112 652 quam
1133 617 1194 651 per
1224 617 1360 640 onmem
1386 605 1467 639 vitae
1502 616 1575 639 siue
1599 617 1737 640 cursum

124 685 138 699 ιι
161 681 294 703 summo
314 680 452 714 semper
479 669 592 703 studio
621 668 795 714 animique
823 668 1044 703 contentione
1074 668 1313 708 conservavit;
1347 678 1411 701 nec
1439 678 1588 711 unquam
1621 667 1655 700 in
1684 668 1740 701 via

123 747 138 761 a
160 731 324 766 vanitatis
359 731 562 771 ambulavit,
584 742 648 765 nec
679 742 798 765 curam
817 742 915 765 suam
930 731 966 765 in
984 731 1108 765 studiis
1122 730 1329 764 invanitatis
1347 740 1501 775 unquam
1526 729 1654 774 posuit,
1676 741 1740 764 nec

123 808 137 823 κ
159 805 196 829 se
227 793 282 828 vel
309 793 420 827 virum
454 793 509 827 vol
536 793 702 838 juvenem
731 804 808 827 csse
842 793 878 826 in
909 792 1124 838 perferendis
1159 792 1449 837 exantlandisque
1480 803 1543 836 pro
1581 790 1743 826 adeunda

124 870 139 884 α
162 856 267 890 totius
285 855 426 900 pietatis
454 855 676 900 possessione
706 854 885 888 laboribus
911 858 1074 899 expertus
1102 858 1154 889 est
1177 866 1184 888 :
1209 854 1300 900 quod
1331 866 1394 888 suo
1422 858 1578 899 tempore
1608 857 1642 888 et
1667 853 1743 888 loco

124 931 139 946 a
161 917 196 950 in
216 916 326 951 oculis
345 921 379 950 et
398 916 433 950 in
463 916 605 950 auribus
634 916 788 949 omnium
819 915 977 961 gentium
1004 927 1045 950 ac
1074 916 1255 950 nationum
1279 915 1385 961 longe
1417 915 1543 950 clarius
1574 918 1607 949 et
1633 915 1744 950 mani-

125 993 140 1008 «
162 978 283 1013 festius
310 978 514 1012 innotescet.
538 977 627 1011 Mihi
646 977 682 1011 in
701 977 767 1012 hoc
793 981 950 1023 temporo
968 977 1056 1012 nihil
1075 977 1172 1012 aliud
1200 978 1426 1012 constitutum
1452 989 1492 1012 ac
1511 976 1744 1012 deliberatum

126 1054 141 1069 κ
163 1043 229 1080 est,
262 1051 363 1085 quam
382 1043 419 1073 ut
445 1039 487 1073 ad
505 1043 540 1073 te
559 1038 661 1073 simul
675 1050 753 1073 cum
772 1039 864 1073 fama
879 1039 992 1073 obitus
1011 1039 1100 1085 ejus,
1123 1051 1202 1085 quae
1222 1039 1380 1085 protinus
1408 1039 1529 1073 orbem
1543 1039 1746 1074 universum

126 1116 141 1130 α
162 1101 282 1147 procul
296 1101 400 1135 dubio
427 1100 633 1146 pervolabit,
653 1100 727 1145 ojus
742 1112 878 1146 quoque
897 1101 946 1136 rei
961 1101 1171 1146 significatio
1192 1101 1377 1146 perveniat
1395 1113 1402 1141 ς
1421 1112 1524 1146 quam
1552 1100 1657 1135 fuerit
1676 1112 1746 1135 om-

126 1178 142 1192 «
164 1163 265 1198 nibus
284 1167 365 1198 ante
391 1166 481 1197 actae
506 1163 587 1197 vitae
605 1161 730 1196 studiis
757 1163 979 1197 consentiens
999 1166 1037 1198 et
1052 1167 1308 1198 consentaneus
1327 1163 1385 1197 hic
1411 1163 1486 1208 ejus
1505 1174 1548 1197 ex
1567 1164 1634 1198 hac
1660 1175 1750 1198 mor-

128 1239 142 1253 ιι
165 1224 226 1259 tali
245 1224 317 1258 vita
343 1235 518 1264 excessus,
549 1228 584 1258 et
602 1235 703 1269 quem
723 1228 895 1269 p1²aete1¹ea
912 1224 1068 1260 ordinem
1100 1225 1134 1259 in
1161 1225 1278 1259 anima
1296 1236 1360 1259 sua
1375 1224 1526 1265 Christo,
1547 1236 1569 1259 a
1587 1236 1654 1270 quo
1673 1236 1750 1260 eam

128 1300 143 1315 ιι
165 1290 364 1332 acceperat,
386 1286 679 1332 repraesentanda,
706 1297 916 1320 conservare
945 1286 1106 1326 voluerit,
1128 1298 1297 1333 quamque
1323 1298 1444 1321 verum
1459 1287 1502 1321 sit
1533 1286 1632 1327 illud,
1658 1288 1750 1333 quod

129 1363 144 1377 α
167 1349 249 1383 olim
267 1352 409 1383 sanctus
424 1349 565 1394 quidam
584 1351 685 1394 pater
705 1347 791 1381 dixit
814 1360 820 1382 z
843 1360 913 1382 non
932 1353 1045 1394 potest
1063 1349 1154 1384 male
1173 1349 1273 1391 mori,
1288 1349 1484 1395 quicunque
1502 1350 1591 1385 bene
1611 1350 1747 1385 vixerit.

178 1426 193 1440 a
214 1411 235 1445 J
239 1422 295 1445 am
311 1410 444 1456 aliquot
460 1421 596 1444 menses
616 1409 904 1450 intercesserant,
923 1421 965 1444 ex
984 1422 1051 1456 quo
1074 1411 1356 1457 languidiuscule
1375 1415 1531 1457 coeperat
1552 1412 1695 1454 habere,
1718 1416 1753 1447 ct

132 1487 147 1501 α
168 1472 241 1507 alvi
259 1472 353 1506 fluxu
375 1471 478 1517 paulo
498 1471 751 1506 vehementiori
776 1471 959 1513 laborarc;
981 1483 1157 1518 nunquam
1181 1477 1297 1507 tamen
1324 1473 1450 1507 adduci
1468 1474 1593 1519 potuit,
1617 1478 1654 1509 ut
1671 1474 1750 1520 plu-

136 1548 151 1563 κ
176 1534 309 1569 sculum
325 1533 455 1579 aliquid
470 1545 511 1567 ex
525 1533 595 1567 otio
616 1537 650 1567 et
677 1533 854 1578 quietibus
882 1534 1018 1568 caeteris
1035 1534 1185 1580 vitaeque
1211 1524 1513 1570 commoditatibus
1531 1536 1751 1582 indulgeret;

137 1610 152 1625 u
173 1595 235 1630 secl
249 1595 285 1629 in
300 1599 463 1640 suscepta
477 1594 725 1640 propositaque
741 1595 916 1629 sententia
931 1596 1210 1630 constantissime
1221 1597 1475 1642 perseveravit;
1494 1609 1557 1632 nec
1572 1598 1615 1632 de
1630 1599 1754 1634 studiis

137 1671 153 1686 α
170 1668 234 1692 nec
244 1657 287 1691 de
300 1656 450 1691 lectione
466 1657 521 1691 vel
538 1656 726 1702 scriptione
740 1657 945 1702 caeterisque
964 1657 1104 1703 pietatis
1120 1658 1294 1693 exercitiis
1310 1659 1497 1704 quidquam
1516 1659 1650 1695 remisit
1664 1673 1671 1701 ;
1694 1661 1756 1695 sed

138 1732 153 1747 α
175 1729 312 1752 omnem
326 1718 433 1752 animi
454 1718 507 1752 sui
526 1718 797 1758 contentionem,
819 1719 907 1752 sicut
927 1719 951 1752 ii
966 1719 1091 1760 solent,
1114 1720 1172 1765 qui
1186 1720 1230 1754 ad
1245 1728 1372 1755 metam
1390 1721 1540 1755 instituti
1558 1733 1679 1756 cursus
1697 1734 1755 1757 ac-

138 1794 153 1809 e<
181 1780 347 1819 celerant,
368 1779 481 1825 magis
508 1780 552 1814 ad
571 1791 707 1814 omnem
726 1780 867 1825 pietatis
892 1781 1153 1816 meditationem
1173 1782 1343 1817 incitavit.
1362 1783 1448 1818 Cum
1466 1786 1583 1817 autem
1608 1784 1644 1818 in
1662 1784 1756 1818 omni
1784 1794 1899 1827 JeJ‘unio-

141 1863 155 1871 ·-
178 1842 249 1876 vita
267 1852 331 1876 sua
358 1841 432 1876 dies
446 1841 661 1887 jejuniorum
681 1842 724 1875 ab
744 1841 903 1876 Ecclesia
922 1842 1098 1877 institutos
1113 1844 1376 1889 religiosissime
1401 1844 1665 1891 castissimeque
1684 1857 1756 1880 ser·
1785 1833 1930 1902 Ξὲῇῇῃὲἓ·

141 1917 156 1932 α
177 1907 305 1943 vasset,
327 1914 372 1938 ne
388 1903 424 1936 in
440 1903 506 1937 hac
524 1902 663 1948 quidem
689 1906 793 1937 {etate
812 1915 876 1937 sua
893 1903 1068 1949 decrepita
1088 1906 1272 1940 sententiae
1287 1917 1360 1940 suae
1387 1906 1621 1941 constantiam
1648 1907 1758 1942 voluit
1925 1896 1930 1901 ’

143 1978 158 1993 α
182 1965 377 1999 immutare.
397 1965 510 2003 Quam
528 1965 570 1998 ob
585 1975 658 1999 rem
674 1968 708 1999 et
722 1965 936 2010 superiorem
968 1966 1268 2012 quadragesimam
1296 1979 1430 2002 summa
1456 1979 1533 2002 cum
1552 1968 1660 2002 animi
1683 1969 1757 2004 ala-

145 2040 159 2055 «
181 2026 303 2061 critate
329 2027 365 2061 in
392 2037 526 2061 summa
556 2026 768 2061 abstinentia
786 2031 820 2061 et
848 2027 883 2061 in
903 2039 965 2061 usu
993 2028 1351 2073 quadragesimalium
1376 2029 1532 2064 ciborum
1563 2031 1754 2076 transegit;

146 2102 161 2117 κ
181 2099 246 2123 nec
261 2088 373 2134 potuit
390 2087 471 2122 ullis
490 2092 550 2122 aut
572 2087 785 2122 medicorum
817 2092 876 2122 aut
895 2100 1188 2135 quorumcumque
1210 2089 1351 2125 tandem
1370 2090 1532 2136 precibus
1548 2095 1582 2126 et
1601 2092 1758 2127 cohorta—

147 2163 162 2177 κ
185 2149 349 2190 tionibus,
371 2153 408 2184 ut
429 2160 515 2194 quos
541 2149 593 2183 illi
612 2153 750 2189 vocant,
780 2150 865 2184 cibis
885 2154 1040 2185 uteretur
1066 2150 1332 2191 salubrioribus,
1357 2153 1566 2198 expugnari.
1587 2153 1659 2188 Imo
1678 2166 1760 2189 vero

150 2224 165 2239 u
187 2210 310 2245 solitus
328 2214 403 2245 erat
418 2211 545 2250 dicere,
564 2215 750 2257 propterea
770 2222 806 2246 se
820 2212 1032 2257 jejuniorum
1047 2212 1120 2246 dies
1139 2213 1182 2246 ab
1198 2213 1356 2248 Ecclesia
1376 2214 1555 2249 institutos
1574 2215 1763 2261 diligenter

150 2288 166 2302 κ
186 2273 374 2308 observare
389 2273 624 2314 consuevisse,
646 2273 739 2319 quod
766 2273 870 2308 vellet
890 2285 967 2308 esse
985 2273 1168 2318 longaevus
1188 2286 1292 2320 super
1321 2279 1463 2310 terram.
1486 2275 1661 2322 Scriptum
1688 2288 1765 2312 esse

152 2350 167 2365 κ
189 2336 404 2371 memorabat
438 2348 445 2370 :
479 2337 613 2370 honora
643 2340 778 2382 patrem
809 2340 906 2370 tuum
935 2340 968 2370 et
999 2340 1141 2370 matrem
1172 2340 1280 2376 tuam,
1300 2341 1338 2372 ut
1369 2337 1417 2372 sis
1444 2337 1629 2383 longaevus
1661 2350 1766 2384 super

154 2411 169 2425 α
191 2401 321 2432 terram
343 2410 349 2432 z
372 2398 479 2432 Pater
497 2409 593 2432 meus
621 2402 673 2432 est
702 2398 796 2432 Deus
815 2398 851 2432 in
870 2397 988 2437 coelis;
1020 2397 1135 2432 Mater
1154 2409 1232 2432 mea
1255 2402 1309 2433 est
1335 2398 1490 2433 Ecclesia
1509 2399 1544 2433 in
1563 2400 1681 2434 terris.
1704 2400 1768 2434 Ille

159 2474 174 2487 α
196 2459 353 2504 praecipit
381 2464 417 2493 ut
430 2460 599 2505 jejunem,
626 2464 663 2494 ut
689 2460 743 2493 his
769 2460 823 2494 vel
849 2460 917 2493 illis
944 2459 1078 2495 diebus,
1101 2462 1134 2493 et
1164 2459 1230 2494 isto
1255 2460 1307 2494 vel
1336 2460 1401 2494 isto
1421 2464 1576 2506 temporo
1595 2461 1764 2507 jejunem.

158 2535 173 2548 a
196 2520 388 2566 Utrumque
411 2521 639 2557 libentissime
657 2521 773 2561 audio,
795 2525 995 2567 certamque
1011 2532 1106 2566 spem
1131 2521 1299 2567 concipio,
1322 2522 1487 2563 futurum,
1507 2527 1543 2557 ut
1562 2524 1770 2558 obedientia¹
