2184 2953
574 312 678 340 Lissssn
703 311 859 340 Titurius
883 311 1094 347 (ιω-1590).
1619 310 1676 340 110

67 418 82 433 u
104 404 149 438 sit
175 403 274 437 vobis
294 413 382 447 erga
413 401 620 436 Societatem
649 405 799 436 vestram
819 402 979 436 voluntas
1001 405 1123 436 nostra
1133 402 1146 436 ’.ἶ
1166 401 1217 441 Si,
1235 401 1327 447 quod
1353 402 1432 447 jure
1459 401 1674 448 postulamus

67 480 82 494 a<
105 468 237 505 nostro,
269 463 421 498 abnuitis
448 476 454 497 :
481 463 628 503 efficitis,
663 468 700 498 ut
727 475 861 498 mecum
888 463 992 497 aulici
1023 463 1146 503 nostri,
1184 466 1218 498 et
1244 462 1410 508 oppidani
1437 464 1673 502 Grrodnenses,

67 541 81 555 κ
104 529 138 560 et
151 536 311 572 paganus
326 525 454 558 circum
472 524 634 570 populus,
657 525 835 570 neglectos
851 536 887 559 se
903 536 924 558 a
943 525 1040 559 vobis
1060 525 1093 558 in
1114 525 1236 559 salutis
1256 537 1329 559 suae
1348 525 1504 569 negotio,
1527 536 1676 570 conque-

67 603 81 617 ιε
105 591 237 622 rantur.
259 587 364 632 Atqui
384 598 450 632 ego
469 598 531 620 vos
550 599 684 621 mecum
711 588 846 621 Brestae
872 587 976 622 etiam
995 598 1169 632 cuperem,
1193 587 1227 620 in
1255 586 1382 632 oppido
1410 597 1525 631 operae
1552 590 1678 620 vestr-ee

67 665 82 679 ιι
104 649 340 695 egentissimo.
355 649 423 683 Sed
438 648 981 694 Brestensium,quandoquidem
996 648 1185 683 illiberales
1204 648 1292 683 adeo
1311 652 1531 694 attentosque
1550 648 1679 682 adrem

56 728 83 742 ’κ
105 716 256 746 vestram
279 722 356 746 esse
382 710 509 757 placet,
526 711 757 757 indigentiam
784 711 917 745 omitto.
941 710 1093 745 Grodnae
1113 711 1197 745 mihi
1219 711 1331 756 pietas
1358 715 1475 745 vestra
1493 710 1679 755 collegium

69 790 83 804 a
109 774 235 820 viginti
254 774 371 819 utique
387 773 580 814 Sociorum,
599 785 745 819 quorum
761 773 900 818 quidam
915 773 1054 807 scholas
1073 773 1191 813 etiam,
1204 773 1320 813 velim,
1334 774 1531 813 instituant,
1549 784 1680 817 negare

70 852 84 864 a
106 836 199 870 haud
219 835 357 882 poterit.
382 834 449 869 Hic
468 847 579 880 neque
599 834 764 881 oppidum
784 835 952 880 ignobile,
976 839 1009 869 et
1028 846 1183 881 campus,
1205 835 1296 880 quod
1323 835 1472 870 maxime
1499 833 1677 880 spectatis,

73 912 87 926 a
108 897 287 931 laboribus
306 899 432 933 vestris
448 902 481 933 et
499 897 669 932 fructibus
683 896 843 942 legendis
859 896 1107 942 amplissimus.

120 974 134 988 a<
162 960 331 1006 Equidem
350 961 462 1008 majus
486 972 602 1006 opera}
626 960 774 1004 pretium
798 958 873 993 fore
892 959 1065 999 existimo,
1088 959 1117 993 si
1137 958 1214 1004 plus
1234 958 1268 991 in
1291 957 1476 1003 juventute
1496 957 1679 999 nobilium,

71 1036 86 1050 α
112 1021 237 1056 litteris
256 1026 290 1056 et
313 1022 431 1068 probis
451 1022 606 1056 moribus
626 1021 813 1055 imbuenda
832 1033 895 1066 per
918 1020 1067 1061 scholas,
1091 1032 1194 1066 quam
1220 1021 1253 1054 in
1278 1019 1468 1054 formandis
1496 1020 1569 1065 ipso
1588 1023 1681 1054 cate-

73 1099 88 1113 ει
109 1083 241 1118 chismo
260 1095 323 1129 per
347 1095 460 1130 pagos
489 1083 701 1129 agrestibus,
724 1083 824 1117 labor
854 1094 891 1117 se
922 1086 1039 1117 vester
1068 1083 1262 1117 exercuerit
1283 1095 1290 1116 ;
1313 1094 1393 1116 nam
1423 1082 1499 1127 quis
1526 1082 1680 1127 ignorat,

72 1161 86 1175 κ
109 1150 275 1192 quantum
295 1146 467 1181 commodi
486 1145 679 1191 salutisque
698 1145 732 1178 in
760 1156 879 1179 servos
900 1146 1004 1179 etiam
1022 1149 1152 1185 manet,
1175 1146 1203 1179 si
1224 1145 1353 1179 domini
1373 1145 1427 1179 sui
1451 1145 1516 1179 rite
1540 1144 1585 1179 ad
1612 1144 1681 1190 pie-

72 1222 87 1236 κ
113 1212 221 1243 tatem
244 1207 373 1243 fuerint
391 1208 566 1243 instituti!
587 1207 635 1241 Ut
657 1207 812 1241 omittam
838 1207 966 1248 dicere,
989 1211 1155 1253 quantum
1181 1207 1283 1242 faciat
1306 1206 1351 1241 ad
1377 1205 1576 1241 felicitatem
1605 1218 1683 1252 pro-

73 1284 88 1299 «
115 1270 239 1305 vinciae
261 1276 366 1317 atque
384 1270 471 1305 adeo
504 1270 677 1303 universae
696 1268 819 1314 patria}
846 1269 1002 1304 liberalis
1021 1270 1148 1315 piaque
1176 1268 1305 1303 sobolis
1326 1268 1497 1303 educatio.
1524 1268 1570 1303 At
1593 1269 1684 1303 enim

76 1347 90 1361 α
111 1332 240 1372 Vilnae,
261 1333 514 1378 Brunsbergae,
537 1331 710 1365 Pultoviae
728 1334 852 1376 aperta
878 1335 997 1366 vestra
1016 1331 1298 1366 adolescentibus
1319 1330 1503 1377 gymnasia
1533 1343 1539 1364 :
1567 1341 1683 1376 operae

76 1408 90 1423 α
112 1394 147 1428 in
165 1393 234 1428 illis
253 1394 410 1435 multum,
438 1393 587 1439 operarii
622 1392 735 1438 pauci.
758 1392 853 1427 Alibi
872 1404 934 1439 per
960 1393 1112 1439 inopiam
1131 1392 1291 1438 magistri
1310 1395 1495 1433 vestrates,
1522 1392 1684 1437 quemad-

75 1470 90 1484 α
113 1455 252 1490 modum
280 1455 383 1490 etiam
412 1455 566 1495 Lublini‚
590 1454 760 1493 nesciunt,
792 1458 907 1488 utrum
933 1458 1065 1500 agant3
1096 1466 1223 1500 pueros
1251 1454 1295 1488 ad
1319 1454 1473 1489 scholam
1497 1465 1541 1488 an
1561 1454 1685 1499 stipem

77 1532 91 1546 u
114 1517 147 1550 in
167 1517 353 1551 manticam
380 1517 459 1562 cogi
490 1517 600 1563 prius,
624 1519 796 1562 oporteat.
821 1516 860 1550 ld
879 1528 961 1551 vero
981 1528 1043 1563 per
1074 1528 1128 1551 me
1158 1516 1255 1551 vobis
1287 1528 1398 1562 neque
1426 1516 1545 1561 Rigae,
1575 1527 1686 1561 neque

77 1594 92 1608 κ
114 1579 278 1619 Polociae,
306 1591 418 1625 neque
444 1578 610 1619 Grodna),
635 1578 814 1624 polliceor,
846 1578 901 1613 vel
932 1579 961 1612 si
986 1578 1053 1624 ipsi
1076 1578 1269 1619 volueritis,
1295 1578 1444 1613 licuerit.
1471 1578 1684 1613 Contendam

75 1655 90 1670 κ
113 1644 219 1682 certe,
243 1644 280 1676 ut
307 1641 527 1686 intelligatis,
551 1652 618 1674 non
652 1639 700 1674 ita
724 1651 787 1674 nos
812 1651 888 1674 esse
911 1639 1031 1675 tardos
1060 1641 1104 1675 ad
1132 1652 1187 1675 res
1205 1644 1340 1675 vestras
1359 1640 1544 1681 curandas,
1567 1651 1684 1686 quem-

77 1718 92 1732 α
113 1702 297 1737 admodum
316 1714 376 1737 vos
400 1703 512 1737 lentos
532 1702 567 1736 in
595 1701 805 1747 accipiendis
824 1702 1015 1742 beneficiis,
1033 1713 1073 1736 ac
1091 1702 1288 1747 pertinaces
1304 1702 1408 1736 etiam
1432 1701 1642 1747 experimur.
1667 1719 1683 1733 n

76 1765 161 1800 Haec
179 1765 314 1811 aliaque
342 1764 375 1798 in
404 1776 481 1800 eam
509 1764 718 1799 sententiam
742 1764 919 1809 Campano
939 1765 1113 1810 princeps.
1141 1764 1443 1810 Compendiariam
1467 1764 1615 1809 denique
1642 1763 1687 1798 ad

79 1827 207 1861 exitum
226 1826 361 1861 consilii
386 1827 439 1861 sui
458 1830 555 1861 ratus
574 1826 679 1866 viam,
702 1826 744 1865 si,
766 1825 857 1871 quod
876 1826 919 1860 de
939 1826 1049 1861 Sociis
1073 1827 1234 1861 constitui
1261 1826 1415 1861 Grodnae
1445 1825 1619 1871 cupiebat,
1642 1825 1686 1859 ad

78 1888 112 1922 id
130 1888 337 1923 auctoritate
361 1888 525 1934 Gregorii
554 1887 735 1922 Pontificis
755 1891 924 1928 uteretur,
955 1888 1105 1922 Romam
1134 1888 1350 1934 perscripsit.

126 1950 252 1991 Vilnae,
284 1951 425 1997 negotia
461 1950 620 1995 Collegio
653 1949 905 1984 facessentibus
941 1950 1131 1984 identidem
1161 1950 1350 1990 haereticis,
1382 1953 1482 1984 erant
1512 1950 1569 1995 qui
1600 1948 1690 1983 illud

79 2016 217 2048 strenue
235 2012 469 2047 defensarent.
488 2012 757 2047 Descendebant
775 2011 887 2051 amici,
912 2023 979 2046 non
998 2012 1165 2058 appellati
1189 2013 1305 2053 etiam,
1328 2013 1372 2046 ad
1388 2011 1591 2057 Collegium,
1612 2023 1690 2057 per—

80 2074 242 2109 contandi
270 2074 397 2115 studio,
420 2086 464 2107 an
493 2073 608 2107 onmia
635 2074 814 2108 Sociorum
833 2073 877 2107 ab
902 2073 1114 2108 adversariis
1133 2086 1256 2109 secura
1275 2078 1392 2108 essent
1410 2073 1688 2119 tranquillaque:

81 2147 172 2182 saepe
191 2136 298 2182 ipsius
317 2136 508 2171 voluntatis
526 2147 600 2170 suae
628 2135 833 2181 profitenda?
853 2135 987 2181 gratim
1010 2136 1059 2170 sic
1078 2144 1188 2182 nuper
1202 2136 1399 2171 cardinales
1415 2136 1496 2175 duo,
1515 2136 1690 2181 Georgius

81 2197 273 2232 Radivillus
297 2198 330 2245 (1)
358 2198 393 2232 S.
425 2198 471 2232 R.
505 2198 539 2232 J.
569 2198 745 2244 princeps,
774 2201 807 2232 et
839 2197 1017 2232 Robertus
1046 2197 1280 2243 Bolognettus
1307 2198 1447 2232 nuntius
1475 2198 1510 2231 in
1542 2197 1691 2232 Polonia

82 2259 303 2305 apostolicus,
338 2259 471 2305 accepti
503 2260 663 2294 omnibus
687 2260 828 2298 officiis;
863 2259 980 2299 iidem,
1011 2271 1088 2293 cum
1122 2271 1184 2294 rex
1214 2259 1330 2294 Vilnae
1356 2260 1391 2293 in
1423 2259 1551 2305 templo
1575 2259 1692 2294 cathe-

83 2320 171 2355 drali
188 2333 209 2356 a
231 2321 392 2357 Romano
412 2321 582 2356 Pontifice
601 2322 756 2367 insignia
784 2321 1021 2356 Cardinalium
1041 2321 1195 2361 offerret,
1217 2321 1356 2367 publica
1380 2334 1397 2356 e
1417 2325 1585 2368 suggesto
1615 2333 1692 2357 ora-

81 2382 174 2417 tione
194 2383 235 2418 de
259 2384 430 2430 dignitate
450 2384 568 2419 Sacrae
588 2385 761 2418 Romanae
783 2395 947 2429 purpurae
967 2395 1028 2429 per
1054 2384 1335 2418 concionatorem
1358 2388 1516 2419 nostrum
1535 2384 1688 2419 salutati.

85 2444 280 2480 Secundum
307 2445 563 2492 gratulationes
590 2446 809 2491 honoresque
841 2445 907 2480 sibi
938 2457 959 2480 a
990 2445 1191 2490 proceribus
1222 2446 1373 2487 habitos,
1396 2445 1575 2491 postridie,
1605 2445 1692 2480 nihil

126 2519 164 2556 (1)
187 2519 225 2548 Dc
241 2520 387 2549 Cardinale
404 2522 539 2559 Georgio,
554 2522 647 2550 vi11.i.
666 2521 716 2550 ΙΙΙ,
735 2529 761 2548 n.
782 2521 830 2548 13.

1704 401 1767 427 1584

1771 2205 1812 2232 23.

1722 2249 1854 2275 Salutatio

1722 2287 1826 2320 publica

1723 2326 1805 2352 Vilnae
1819 2325 1864 2351 du-

1722 2375 1795 2393 orum
1805 2366 1867 2393 Car-

1722 2406 1859 2433 dinanum.
