2184 2953
607 314 711 341 Llssliss
732 313 885 340 TERTH'S
908 313 1115 347 <15so-'15sw2
1655 311 1707 341 151

100 404 247 439 tionibus
262 403 459 448 placabant.
484 402 593 437 Erant
612 403 847 443 nihilominus,
869 401 926 448 qui
942 402 962 436 J
967 402 1096 437 esuitas
1116 401 1218 435 etiam
1246 401 1401 445 partibus
1420 402 1572 442 studere,
1594 406 1628 437 et
1646 414 1707 448 per

98 465 313 499 clandestina
340 476 418 510 quae
436 465 554 499 nescio
574 465 718 498 consilia
748 465 810 498 hos
831 463 1073 503 Maximiliani,
1103 463 1181 497 illos
1201 462 1431 508 Sigismundi,
1454 463 1541 497 alios
1560 464 1707 498 aliorum

99 526 304 561 factionibus
340 526 533 571 implicatos
565 537 653 566 esse,
674 526 813 559 invidiae
847 524 1040 559 conflandae
1072 536 1179 558 causa
1209 524 1338 570 populo
1372 525 1584 569 persuadere
1603 537 1706 559 cona-

98 593 241 624 rentur:
277 589 455 635 proposito
482 589 631 623 maxime
663 589 866 628 Posseviuo,
897 588 954 633 qui
975 588 1077 633 jussu
1109 587 1199 622 Sixti
1224 587 1255 621 V
1275 587 1460 621 comitatus
1480 592 1555 621 erat
1576 588 1709 622 Hanni-

99 652 211 687 balem
247 652 463 697 Capuanum,
517 651 788 697 Neapolitanum
830 650 1142 696 archiepiscopum,
1197 650 1426 696 apostolicum
1471 649 1512 683 ad
1557 650 1709 685 Polonos

96 714 261 760 legatum.
294 714 408 760 Hujus
444 713 626 748 industria}
645 713 864 748 commissum
883 724 960 747 esse
979 713 1149 758 putabant
1169 712 1300 746 Suetici
1320 711 1492 757 Principis
1512 712 1704 757 negotium,

98 780 200 822 atque
218 788 295 811 eam
334 777 369 810 in
389 788 461 810 rom
492 776 649 821 pecuniae
668 776 737 810 vim
768 786 932 821 magnam
951 774 991 808 ab
1025 786 1065 808 eo
1098 773 1261 808 collatam
1292 786 1333 808 ex
1369 773 1471 808 Italia
1502 774 1711 809 electoribus

99 838 283 884 largitione
318 837 592 883 corrumpendis.
615 838 660 872 Et
692 841 767 872 erat
801 838 830 871 is
850 835 1081 876 rumusculus,
1106 836 1250 875 ‚tametsi
1277 836 1398 876 falsus,
1422 835 1567 870 celebris
1595 840 1711 870 tamen

96 900 195 941 adeo,
220 904 258 935 ut
272 901 421 935 Romam
437 901 541 935 etiam
561 900 749 935 affluxerit.
774 901 866 934 Ictus
883 911 923 933 co
940 899 1060 933 nuntio
1081 899 1259 938 Claudius,
1280 899 1461 944 proposita
1479 911 1517 934 re
1534 899 1707 940 Pontifici,

97 966 130 997 et
147 963 333 1009 impetrata
346 964 465 1003 venia,
483 974 525 997 ox
544 963 619 1008 ipso
639 974 754 998 rerum
769 966 856 996 {estu
871 962 905 995 in
927 961 1065 996 Italiam
1085 965 1226 996 revocat
1240 961 1482 996 possevinum.

145 1024 200 1058 Ne
230 1025 361 1070 pariter
388 1024 600 1059 avelleretur
627 1025 671 1058 ab
698 1023 779 1058 aula
808 1023 986 1058 Antonius
1014 1023 1130 1063 Arias,
1153 1022 1331 1057 Radivillo
1355 1022 1524 1057 cardinali
1553 1023 1587 1057 in
1607 1024 1709 1057 comi-

94 1086 220 1119 tiorum
253 1089 391 1131 tempus
410 1097 613 1124 concessus,
635 1085 732 1119 nulla
758 1085 846 1119 ratio
870 1085 1073 1130 postulavit.
1096 1085 1306 1119 Percautum
1329 1084 1388 1119 ille
1406 1084 1441 1118 in
1471 1084 1592 1119 officiis
1623 1085 1708 1119 inte-

96 1158 265 1193 grumque
296 1159 333 1182 se
353 1159 395 1181 ex
413 1148 616 1194 praescripto
636 1147 751 1192 legum
788 1158 942 1187 suarum,
973 1150 1007 1180 et
1042 1146 1262 1186 monitorum,
1285 1158 1363 1192 quae
1377 1158 1398 1181 a
1416 1146 1623 1192 praesidibus
1643 1147 1714 1182 suis

98 1208 300 1254 accepisset,
326 1220 471 1244 servare
499 1209 633 1243 studuit
656 1222 662 1243 :
685 1220 792 1254 quare
811 1208 998 1242 multorum
1013 1218 1148 1253 quoque
1167 1207 1231 1241 sibi
1250 1211 1284 1241 et
1302 1218 1376 1241 sua}
1393 1208 1582 1253 provinciae
1601 1208 1712 1242 conci-

96 1270 194 1304 liavit
210 1270 487 1305 benevolentiam
504 1285 510 1311 ;
533 1276 570 1305 ut
592 1272 640 1305 ita
659 1271 784 1312 dignus
805 1271 850 1304 sit
870 1270 978 1308 visus,
996 1270 1039 1303 ad
1060 1280 1161 1314 quem
1180 1268 1310 1307 multis,
1332 1269 1390 1314 qui
1410 1281 1451 1303 ex
1466 1269 1587 1303 altiore
1607 1270 1711 1304 etiam

95 1333 205 1377 gradu
225 1332 259 1366 id
277 1332 420 1366 honoris
435 1333 500 1367 sibi
516 1333 765 1378 deposcebant,
788 1331 986 1377 prafftsu’itis,
1009 1331 1158 1376 publicae
1177 1343 1194 1365 e
1210 1335 1375 1377 suggesto
1395 1331 1471 1377 regi
1490 1331 1612 1371 electo,
1630 1343 1710 1365 con-

96 1405 198 1428 sensu
214 1394 285 1428 fere
305 1394 456 1428 omnium
490 1394 736 1439 gratulationis
756 1393 904 1428 officium
941 1393 1145 1427 deterretur.
1178 1393 1392 1438 Deprecatus
1411 1397 1463 1427 est
1482 1404 1502 1426 a
1521 1405 1558 1427 se
1580 1392 1710 1438 specio-

97 1466 170 1489 sum
205 1455 333 1490 donum
360 1455 532 1490 Antonius
566 1468 572 1489 t
602 1456 741 1490 videbat
764 1455 928 1500 prudens,
962 1454 1190 1488 honorificum
1222 1454 1255 1488 id
1283 1454 1421 1499 quidem
1453 1454 1606 1489 futurum
1646 1455 1711 1488 sibi

97 1517 236 1562 suisque
268 1517 401 1558 Sociis;
435 1521 471 1551 at
491 1518 579 1552 idem
608 1517 749 1551 invidia}
770 1517 956 1551 obnoxium
986 1527 1103 1550 eorum
1123 1516 1252 1561 utique,
1283 1516 1353 1561 qui,
1376 1515 1445 1550 alia
1471 1520 1543 1550 tum
1570 1516 1713 1562 ancipiti

97 1579 207 1613 animo
227 1583 465 1625 respectantes
494 1579 651 1619 consilia,
674 1579 826 1613 nondum
857 1578 960 1623 plane
989 1578 1033 1612 ad
1061 1577 1265 1623 popularem
1297 1578 1483 1613 electorum
1504 1577 1710 1612 sententiam

93 1641 332 1676 accessissent.
355 1640 476 1675 Valuit
491 1640 540 1675 ita
558 1641 650 1686 apud
671 1652 791 1675 omnes
814 1640 965 1674 hominis
984 1639 1166 1685 prudentis
1190 1639 1389 1684 deprecatio
1408 1652 1414 1673 :
1432 1639 1530 1684 cujus
1553 1639 1710 1685 exemplo

95 1701 373 1736 Bartholomaeus
391 1713 527 1748 quoque
545 1702 712 1742 Villerus,
747 1713 767 1735 a
799 1701 975 1735 Stanislao
995 1701 1177 1741 Paulovio,
1201 1700 1495 1735 Olomuciensium
1532 1701 1706 1746 episcopo,

96 1763 243 1798 Caesaris
263 1764 411 1809 Legato,
433 1764 603 1798 adductus
621 1760 842 1802 Varsaviam,
865 1762 1013 1796 officium
1041 1762 1132 1796 idem
1169 1762 1300 1807 pariter
1319 1763 1507 1797 recusavit.
1538 1763 1708 1808 Intempe-

99 1825 221 1859 stivum
241 1826 377 1871 utrique
392 1826 518 1865 visum,
549 1837 608 1859 sua
624 1825 718 1871 prius
734 1825 890 1859 homines
906 1824 1090 1858 Societatis
1109 1823 1266 1869 profiteri
1285 1825 1413 1864 studia,
1435 1836 1538 1870 quam
1556 1825 1708 1859 omnium

95 1898 262 1921 consensu
282 1887 441 1922 ordinum
460 1887 642 1933 imperium
659 1886 809 1921 delatum
829 1887 917 1920 soret
932 1885 975 1919 ad
990 1885 1193 1931 principem.
1212 1886 1302 1920 Ante
1316 1886 1391 1920 haec
1410 1886 1561 1926 comitia,
1583 1887 1708 1932 quibus

96 1947 241 1994 denique
269 1948 515 1994 Sigismundus
547 1948 765 1983 renuntiatus
794 1952 846 1982 est
864 1948 954 1987 Rex,
973 1947 1007 1980 in
1035 1947 1306 1992 provincialibus
1322 1959 1384 1993 per
1409 1948 1606 1982 Lituaniam
1627 1960 1706 1982 con-

93 2010 264 2051 ventibus,
288 2011 401 2045 Vilnae
421 2011 580 2049 maxime,
602 2010 637 2044 id
656 2010 788 2055 negotii
823 2009 950 2054 legatis
970 2009 1042 2043 suis
1069 2009 1199 2044 dabant
1217 2009 1573 2056 commendabantque
1596 2009 1707 2044 haere—

93 2071 163 2112 tici,
191 2076 270 2107 acta
302 2073 470 2118 Stephani
497 2073 592 2118 regis
627 2073 669 2107 de
703 2072 860 2117 Collegio
889 2071 1085 2105 Polociensi
1117 2076 1278 2106 curarent
1309 2071 1550 2112 rescindenda,
1586 2076 1706 2106 contra

94 2135 271 2169 catholicis
292 2135 503 2180 proceribus,
529 2135 647 2180 legum
665 2134 733 2168 illis
753 2134 945 2180 patriarum
971 2138 1003 2167 et
1028 2133 1176 2178 justitiae
1210 2133 1407 2179 religiosius
1427 2134 1703 2173 observantibus,

94 2196 269 2242 periniqua
288 2197 362 2231 visa
377 2208 419 2231 ea
437 2197 583 2231 istorum
597 2196 803 2242 postulatio;
824 2196 940 2240 itaque
955 2195 1084 2240 rejecta
1099 2199 1162 2235 est,
1179 2195 1257 2229 aliis
1274 2195 1417 2230 eandem
1438 2196 1521 2230 alibi
1540 2207 1705 2241 respuen-

94 2257 193 2298 tibus,
226 2262 329 2304 atque
360 2259 433 2304 ipso
469 2259 572 2293 etiam
598 2258 813 2293 Calviniana}
828 2257 984 2291 studioso
1013 2260 1116 2291 sectae
1135 2257 1303 2303 principe,
1337 2258 1483 2292 Nicolao
1511 2257 1702 2298 Radivillo,

95 2318 420 2365 Novogrodensium
438 2321 605 2366 palatino,
627 2320 702 2354 istis
722 2331 863 2354 suorum
891 2318 1044 2353 consiliis
1074 2318 1287 2363 refragante.
1318 2318 1489 2353 Caeterum
1517 2320 1552 2353 in
1575 2319 1705 2364 pietate

95 2386 128 2417 et
145 2383 270 2418 virtute
288 2384 394 2429 ipsius
406 2383 515 2428 Regis
530 2383 625 2418 Deus
644 2383 772 2417 certius
790 2382 893 2415 rebus
907 2380 1036 2415 nostris
1051 2379 1253 2425 firmiusque
1272 2380 1379 2414 voluit
1394 2391 1471 2414 esse
1490 2379 1700 2425 11›1·aesidium.

98 2443 283 2479 Catholicae
311 2445 491 2491 religionis
515 2444 794 2490 diligentissima,
817 2443 955 2488 Regina
976 2441 1123 2482 Sueciae,
1146 2441 1335 2476 Catharina
1361 2441 1561 2487 Jagellonia
1588 2445 1703 2482 natus,

97 2511 280 2552 sancteque
296 2519 316 2541 a
334 2508 445 2553 prima
457 2508 533 2553 jam
553 2507 701 2552 pueritia
725 2506 915 2543 institutus,
937 2503 1058 2538 laudes
1087 2503 1301 2537 tortitudinis
1333 2515 1405 2538 sua¹
1424 2503 1529 2538 nullis
1548 2503 1600 2537 vel
1620 2502 1706 2536 diffi-

1742 412 1804 438 1587

1739 606 1768 631 In
1788 606 1878 632 Posse-

1740 645 1829 670 vinum

1740 689 1798 715 oli-a
1811 697 1868 715 con<

1740 729 1867 754 citantur.

1743 896 1889 922 Revocatur

1742 937 1787 962 illc
1800 937 1825 962 iu

1742 975 1855 1001 ltaliam.

1740 1284 1791 1310 PP.
1803 1285 1847 1310 Ari
1854 1294 1873 1310 :e

1739 1324 1765 1346 et
1780 1322 1873 1348 Villeri

1740 1369 1834 1387 munus

1740 1408 1859 1426 recusan-

1739 1440 1805 1466 tium
1822 1449 1872 1467 mo-

1738 1479 1832 1506 destia.

1735 1961 1818 1995 Sigis-

1735 2000 1847 2027 mundus

1735 2042 1842 2075 eligitur

1734 2084 1796 2110 Rex.

1734 2128 1881 2154 Postulatio

1733 2167 1858 2192 adversus

1733 2206 1879 2238 Collegium

1734 2246 1874 2271 Polocense

1733 2285 1860 2317 rejicitur.
