2184 2953
615 307 721 336 mnan
745 306 931 335 SECUNDUS
954 306 1162 342 <mm-1580).
1690 304 1726 334 81

112 400 298 435 sessionem
314 400 458 446 excepit.
478 400 648 434 Hortatus
665 399 812 444 denique
827 398 872 433 ad
890 398 1074 444 religionis
1093 402 1127 433 et
1141 397 1223 432 fidei
1243 397 1487 438 constantiam,
1510 408 1547 431 sc
1562 407 1729 441 suumque

113 463 261 497 reditum
281 463 346 509 piis
365 462 624 509 precationibus
644 461 912 496 commendavit.

163 525 282 560 Rebus
304 525 339 558 in
355 525 479 560 Suecia
495 536 563 558 uon
582 535 746 569 prospere
763 523 980 562 cadentibus,
1002 521 1204 557 consolatus
1224 523 1275 555 est
1294 520 1329 554 in
1352 520 1466 566 patria
1484 520 1636 554 Polonos
1650 530 1730 554 suos

115 586 272 622 servulos
292 587 397 621 Deus.
421 586 610 626 Polociam,
630 585 804 620 Lituanici
817 585 891 631 jam
912 584 993 618 olim
1002 584 1092 630 juris
1111 583 1245 624 urbem,
1264 594 1341 617 cum
1361 594 1424 616 sua
1442 593 1549 628 prope
1569 581 1732 616 universa

115 649 303 695 provincia,
326 648 514 682 Moscovize
548 648 629 686 dux.
663 648 819 682 tIoannes
848 646 1035 685 Basilides,
1070 650 1225 692 ereptam
1256 645 1471 679 nostratibus
1503 656 1593 678 anno
1625 644 1729 683 1562,

116 711 305 746 obtinebat.
320 710 383 744 Est
400 721 441 744 ea
457 710 538 743 urbs
554 710 694 744 Russiae
716 709 805 743 inter
822 709 970 748 Dunam,
986 708 1116 743 flumen
1132 707 1344 753 navigabile,
1363 706 1532 753 inclytum
1547 706 1729 746 mercibus,

116 777 150 809 et
168 772 398 807 confluentem
419 771 589 811 Polotam,
608 771 675 805 sita
694 784 699 804 z
725 771 842 817 ampla
868 775 901 806 et
922 770 1087 817 opulenta
1115 770 1209 810 olim,
1228 781 1337 815 eaque
1357 773 1430 804 tum
1448 767 1731 814 propugnaculis,

116 838 189 870 tum
206 833 314 879 ipsius
333 833 591 879 opportunitate
618 833 685 867 loci
717 845 779 879 pro
811 845 851 869 eo
882 838 1075 880 temporum
1109 837 1201 869 statu
1223 833 1429 879 permunita.
1450 832 1582 877 Magno
1609 834 1735 866 conatu

116 897 235 931 hostes
254 907 296 930 ex
314 895 439 941 oppido
459 895 657 941 Stephanus
678 907 738 930 rex
769 895 925 930 Poloniae
944 896 1092 942 ejectum
1116 896 1200 931 ibat.
1224 896 1314 930 Rem
1342 894 1452 941 primo
1478 897 1614 929 tentare
1640 892 1735 928 visus

118 956 353 991 difficillimam
379 969 384 990 :
406 956 486 990 hinc
502 956 653 996 civitate,
673 955 815 990 hosticis
835 956 1039 991 confirmata
1058 957 1245 1003 praesidiis,
1262 955 1486 1002 pertinaciter
1503 956 1733 999 repugnante,

117 1019 212 1054 illinc
246 1019 339 1053 foeda
371 1018 628 1064 continentique
647 1019 724 1053 coeli
756 1021 989 1055 autumnantis
1018 1024 1224 1066 tempestate
1259 1023 1372 1053 castra
1399 1018 1498 1064 regia
1526 1016 1737 1061 consiliaque

118 1081 321 1127 dissipante.
345 1081 484 1122 Totum,
507 1085 655 1126 quantus
685 1086 835 1128 quantus
864 1086 928 1123 est,
948 1083 1107 1118 sextilem
1127 1082 1268 1128 pluebat
1290 1093 1296 1115 z
1320 1083 1356 1115 ut
1383 1080 1551 1115 creditum
1582 1079 1638 1119 sit,
1661 1089 1736 1112 eam

119 1143 154 1177 in
169 1142 285 1188 regios
300 1146 433 1188 pestem
450 1143 596 1188 magicis
615 1144 811 1178 Russorum
824 1145 1034 1179 carminibus
1052 1145 1158 1179 fuisse
1178 1147 1404 1178 contractam.
1417 1142 1567 1176 Multam
1582 1145 1737 1186 stragem

118 1208 306 1251 tempestas
323 1205 430 1239 edidit
456 1217 462 1239 :
484 1205 737 1240 intereuntibus
762 1206 904 1252 passim,
928 1206 996 1240 dux
1025 1206 1164 1247 milites,
1187 1205 1313 1240 milites
1329 1205 1487 1250 jumenta
1516 1214 1579 1237 sua
1597 1214 1734 1248 resque,

121 1266 279 1301 eluvione
307 1270 500 1312 corruptas,
531 1268 763 1313 requirebant.
794 1270 897 1305 Hosti
929 1269 1060 1304 recenti
1091 1269 1228 1303 interim
1260 1272 1293 1303 et
1326 1268 1417 1302 sicco
1447 1267 1490 1301 dc
1517 1265 1675 1300 manibus
1704 1268 1739 1299 et

121 1328 277 1364 excursio
298 1327 431 1362 facilior
449 1332 483 1363 et
497 1328 645 1374 impetus
670 1330 703 1364 111
729 1335 898 1365 metantes
921 1331 1064 1371 certior;
1086 1330 1162 1365 istis
1183 1341 1278 1370 vero,
1302 1329 1336 1363 in
1355 1329 1431 1363 loco
1456 1327 1559 1374 plano
1579 1330 1612 1361 et
1636 1326 1738 1372 pleno

122 1389 263 1435 uliginis
284 1390 358 1436 Jam
386 1390 443 1424 diu
464 1391 759 1437 permadentibus,
782 1393 871 1427 bona
899 1393 1066 1428 facinoris
1092 1404 1171 1439 spes
1191 1392 1297 1426 nulla.
1328 1391 1502 1436 Plerique,
1521 1388 1621 1423 malis
1641 1388 1736 1429 victi,

121 1456 214 1487 tecta
227 1451 450 1498 caldariaque
469 1454 725 1499 respectabant.
748 1454 864 1489 Dilabi
882 1455 1024 1489 calones
1045 1458 1078 1490 et
1096 1455 1177 1489 lixae
1195 1454 1296 1500 primi
1315 1465 1321 1487 :
1343 1452 1403 1487 alii
1419 1451 1544 1486 deinde
1564 1450 1739 1485 molliores

122 1518 198 1560 post
212 1514 298 1549 alios
312 1526 333 1549 a
346 1518 447 1560 tergo
466 1515 618 1550 defluere
638 1533 645 1550 :
663 1527 758 1561 zegre
791 1516 827 1551 in
855 1517 926 1552 suis
945 1517 1084 1552 haerere
1111 1516 1291 1551 ordinibus
1309 1514 1444 1561 reliqui.
1464 1513 1662 1548 Admonere
1678 1524 1741 1548 rex

123 1577 240 1618 duces,
263 1577 367 1612 duces
394 1578 527 1612 hortari
561 1580 750 1614 exercitum
777 1591 901 1614 :orare
933 1581 1059 1622 Deum,
1078 1583 1127 1621 ut,
1150 1580 1180 1615 si
1201 1579 1308 1625 justae
1341 1577 1492 1623 suscepti
1524 1576 1636 1611 forent
1658 1575 1741 1610 belli

123 1650 251 1679 causae,
269 1640 451 1674 adversam
470 1642 712 1685 tempestatem
735 1641 1005 1676 averteret.Rex
1024 1645 1104 1676 ante
1124 1641 1210 1676 alios
1236 1639 1417 1679 sollicitus,
1439 1637 1532 1684 quod
1553 1637 1627 1683 jam
1661 1640 1741 1671 ante

123 1701 238 1736 animo
254 1705 468 1747 conceperat,
489 1706 590 1736 vovet
613 1715 618 1736 ;
641 1703 670 1736 si
686 1714 806 1748 preces
822 1715 903 1738 suas
919 1704 1068 1739 audierit
1084 1704 1191 1745 Deus,
1210 1702 1421 1737 domicilium
1442 1700 1598 1745 Collegio
1619 1699 1742 1735 Socie-

123 1761 203 1796 tatis
218 1763 251 1796 in
269 1773 310 1797 ea
324 1763 408 1798 urbe
424 1774 460 1797 se
479 1764 710 1798 conditurum.
727 1765 941 1800 Conserenat
961 1766 1042 1800 inde
1060 1765 1186 1800 coelum
1210 1776 1216 1798 :
1236 1764 1384 1798 redeunt
1398 1762 1443 1797 ad
1460 1765 1572 1797 castra
1588 1760 1712 1795 milites
1732 1773 1738 1794 :

125 1824 279 1870 procedit
298 1836 352 1860 res
367 1837 542 1872 prospere.
559 1827 752 1872 Receptum
772 1828 934 1874 oppidum
951 1829 1001 1863 ΙΙΙ
1022 1828 1190 1863 kalendas
1210 1827 1437 1873 septembres,
1456 1825 1543 1859 divis
1568 1823 1677 1858 Felici
1709 1834 1743 1865 et

125 1886 280 1921 Adaucto
295 1888 507 1934 martyribus
530 1900 642 1923 sacro.
665 1890 772 1935 Cujus
799 1891 966 1924 memoria
984 1891 1141 1925 victoriae
1159 1893 1243 1936 quot
1269 1888 1367 1923 annis
1395 1887 1516 1922 eodem
1534 1886 1589 1920 die
1604 1884 1742 1931 publica

124 1948 251 1983 ibidem
274 1949 527 1995 supplicatione
563 1951 772 1986 celebratur.
795 1954 907 1991 Quam
935 1953 1079 1988 feliciter
1110 1954 1157 1988 ibi
1186 1965 1242 1988 res
1277 1955 1376 1998 gesta
1400 1950 1456 1991 sit,
1478 1961 1578 1986 nemo
1605 1948 1742 1984 fidelius

125 2010 333 2051 narraverit,
351 2023 453 2056 quam
470 2011 545 2057 ipse
564 2024 625 2047 rex
644 2013 755 2048 victor
775 2014 809 2049 in
837 2026 898 2049 suo
922 2015 967 2048 ad
994 2015 1085 2050 cives
1116 2016 1158 2050 de
1184 2013 1495 2061 supplicationibus
1522 2011 1634 2047 edicto
1653 2023 1741 2045 anno

125 2072 244 2107 eodem
270 2072 380 2118 pridie
401 2072 543 2108 kalend.
566 2075 778 2120 septembres
797 2076 1053 2122 perscripserit,
1078 2077 1181 2123 idque
1210 2089 1253 2112 ex
1284 2076 1304 2111 J
1309 2086 1421 2111 oanne
1441 2073 1603 2115 Pistorio,
1626 2085 1741 2108 rerum

127 2133 370 2168 Polonicarum
393 2135 574 2180 scriptore,
596 2137 794 2171 recitamus.

179 2211 193 2224 a
217 2197 316 2235 Quod
337 2198 573 2243 superioribus
593 2200 757 2244 proximis
778 2199 930 2233 omnium
960 2199 1177 2245 Reipublicae
1203 2199 1373 2234 Ordinum
1392 2199 1545 2234 Comitiis
1564 2199 1741 2234 decretum

132 2271 147 2286 κ
168 2257 242 2298 fuit,
264 2263 301 2292 ut
320 2259 447 2293 bellum
466 2259 531 2294 hoc
559 2271 649 2294 anno
677 2264 797 2295 contra
828 2261 878 2295 M.
902 2260 1102 2295 Moscorum
1128 2261 1250 2295 ducem
1278 2261 1614 2301 administraremus,
1650 2272 1743 2295 curte

130 2333 144 2347 α
166 2319 264 2354 nobis
280 2332 340 2366 pro
360 2321 458 2366 regio
474 2325 592 2356 nostro
615 2334 757 2357 munere
778 2327 965 2368 nostroque
986 2322 1021 2356 in
1040 2323 1307 2368 Rempublicam
1327 2323 1441 2358 studio
1457 2334 1534 2358 esse
1549 2322 1711 2357 scivimus
1732 2334 1737 2356 :

133 2394 147 2408 e<
172 2384 217 2420 et,
234 2382 416 2417 contractis
448 2384 655 2418 exercitibus
682 2384 824 2425 nostris,
851 2388 1120 2430 comparatoque
1152 2384 1281 2430 aliquo,
1303 2385 1430 2431 partim
1449 2385 1742 2420 contributionum

135 2457 149 2471 κ
172 2444 337 2488 pecuniis,
359 2445 496 2491 partim,
515 2447 605 2491 quod
624 2447 917 2481 contributionum
937 2446 1093 2492 pecuniae
1113 2447 1253 2482 minime
1272 2448 1524 2488 satisfacerent,
1542 2447 1620 2481 aliis
1640 2446 1744 2480 ratio-

133 2518 148 2532 α
170 2504 271 2539 nibus
303 2506 384 2540 belli
409 2512 595 2552 apparatu,
617 2513 773 2543 extrema
787 2508 876 2554 junii
906 2508 974 2547 die,
999 2508 1101 2542 Vilna
1128 2509 1170 2543 ad
1202 2509 1319 2555 copias
1352 2514 1486 2544 nostras
1513 2507 1745 2544 recensendas

1591 2569 1616 2594 11

1758 400 1820 427 1579

1809 511 1849 537 43.

1757 549 1891 576 Polociam

1758 588 1836 614 arinis
1859 589 1902 614 Li-

1758 628 1834 653 tuani
1864 636 1903 654 rc-

1758 670 1893 702 cuperant.

1758 709 1837 736 Urbis
1862 709 1904 735 de-

1758 750 1873 783 scriptio.

1765 1078 1879 1105 Difficul-

1764 1121 1805 1145 tas
1817 1119 1844 1145 111
1866 1127 1906 1144 ex—

1763 1166 1882 1192 pugnau-

1764 1198 1804 1223 (lis
1828 1197 1908 1223 hosti-

1765 1237 1821 1262 bus.

1769 2063 1905 2097 Recipitur

1767 2105 1880 2132 Polocia.

1768 2208 1822 2234 Rex
1850 2215 1915 2234 nun-

1768 2249 1818 2274 tiat
1832 2247 1863 2274 dc

1768 2289 1843 2320 parta
1861 2286 1914 2312 vic-

1769 2328 1844 2359 toria,
1856 2328 1914 2353 hor·

1768 2368 1891 2399 taturque

1769 2407 1838 2432 cives
1852 2405 1885 2431 ad

1772 2444 1902 2478 supplica-

1771 2484 1877 2510 tionem.
