2184 2953
260 390 324 418 1594

278 432 305 457 ei,

258 469 322 495 1595

259 922 323 949 1596

322 963 337 989 9

256 1000 325 1027 Unio
343 1002 397 1028 sive

256 1040 406 1073 conjunctio

257 1078 399 1106 Graecisan·

257 1118 325 1143 tium
339 1118 366 1144 in

255 1158 388 1187 Lituania.

256 1843 308 1869 ΡΡ.
327 1843 403 1869 Skar-

254 1890 288 1914 ga
308 1883 335 1908 et
353 1883 405 1909 Ra-

257 1921 312 1946 bus.

254 2267 375 2293 Haeretici

252 2307 381 2340 Synodum

253 2348 401 2374 disturbare

254 2390 390 2416 conantur.

436 295 494 326 174
823 299 1098 328 LITUANICARUM
1122 300 1333 328 SOClETATlS
1355 300 1439 330 JESU
1463 301 1716 332 HISTORIARUM

484 391 604 426 Suecis
635 391 684 426 ita
715 392 878 428 haeresim
906 405 1005 428 suam
1031 391 1121 428 tueri
1153 391 1422 433 obstinantibus‚
1445 393 1576 429 Ruteni
1608 395 1761 436 interim,
1797 396 1832 430 in
1862 397 2050 442 provinciis

435 452 594 487 Poloniae
621 457 654 488 et
691 454 866 489 Lituaniae
896 455 1058 499 permixti
1082 466 1159 488 cum
1190 454 1386 494 catholicis,
1411 455 1486 500 jam
1512 455 1569 490 diu
1597 468 1617 490 a
1651 457 1811 491 Romana
1840 458 1997 493 Ecclesia
2026 462 2059 493 et

434 514 655 560 opinionibus
671 515 882 551 dissidentes
902 517 1117 551 Graecanicis
1138 520 1172 551 et
1191 516 1328 557 ritibus,
1351 517 1416 551 sub
1436 517 1502 552 hoc
1527 518 1676 564 denique
1700 525 1836 566 tempus
1854 521 1887 555 in
1907 522 2059 567 gratiam

433 589 509 611 cum
525 577 697 613 Romanis
724 579 873 613 rediere.
905 578 1110 625 Complures
1132 590 1175 613 ex
1202 590 1243 613 ea
1274 583 1366 613 secta
1386 578 1557 625 dynastas
1586 587 1620 615 et
1647 582 1859 622 sacerdotes,
1878 583 1912 616 in
1939 583 2059 628 primis

433 639 707 674 Zaslaviensium
739 641 875 681 ducem,
915 641 1133 682 Janussium,
1173 641 1377 675 Palatinum
1415 641 1446 674 V
1449 641 1591 676 olhiniae
1631 654 1708 676 cum
1740 655 1804 677 sua
1839 644 1989 689 conjuge
2026 649 2060 689 et

432 701 573 741 familia,
594 714 686 736 anno
706 703 845 737 circiter
868 703 960 738 1594
976 703 1109 737 strenui
1125 715 1143 737 e
1158 703 1333 738 Societate
1358 714 1419 749 per
1447 703 1616 738 Russiam
1641 705 1805 751 operarii,
1828 706 1901 740 ΡΡ.
1920 706 2058 752 Gaspar

433 764 594 800 Nahaius
615 770 648 800 et
667 766 845 800 Martinus
877 766 1045 805 Laterna,
1067 765 1188 800 eadem
1219 770 1430 811 ten‘qc›estate
1462 772 1686 801 revocarunt.
1720 767 1855 802 Eodem
1883 769 2058 802 contraxit

438 827 712 862 innumerabiles
731 828 930 874 conjunctio
952 828 1174 862 Rutenorum
1193 840 1270 862 cum
1290 828 1449 862 Ecclesia
1468 828 1642 869 Romana,
1665 829 1844 864 conciliari
1865 834 1979 876 coepta
1998 841 2059 876 per

434 891 616 938 synodum,
644 892 795 933 Brestae‚
818 892 852 926 in
885 891 1013 938 oppido
1047 890 1235 931 Lituaniae,
1259 901 1279 923 a
1308 890 1444 924 Latinis
1466 891 1599 936 pariter
1617 894 1652 925 et
1680 892 1958 927 Graecisantibus
1983 893 2056 928 Ru-

434 954 525 989 tenis
545 953 714 994 habitam,
734 965 829 987 anno
854 954 959 994 1596,
991 953 1102 999 pridie
1129 964 1242 987 nonas
1275 953 1438 987 octobres
1473 953 1679 988 institutam.
1704 954 1791 992 Quze
1810 966 1865 989 res
1891 967 1967 989 cuin
1987 967 2058 990 me-

434 1016 542 1050 moria
573 1016 617 1050 sit
653 1015 760 1062 digna
786 1027 848 1062 per
876 1027 925 1056 se,
950 1020 984 1050 et
1016 1019 1133 1061 partes
1167 1019 1366 1049 nostrorum
1403 1027 1539 1060 quoque
1565 1014 1694 1050 fuerint
1726 1016 1761 1050 in
1793 1028 1831 1050 ea
1859 1017 2054 1057 Sociorum,

435 1077 610 1123 copiosius
638 1078 755 1119 etiam,
779 1089 881 1123 quam
912 1077 1061 1112 fortasse
1093 1077 1168 1123 quis
1200 1078 1266 1111 hoc
1297 1076 1372 1111 loco
1404 1076 1570 1122 postulet,
1586 1078 1796 1112 narrabitur.
1820 1078 2002 1124 Frequens
2029 1078 2058 1111 is

435 1147 627 1173 conventus
646 1140 709 1173 fuit
735 1151 776 1174 ac
795 1139 933 1174 nobilis.
958 1140 997 1173 ln
1019 1139 1138 1185 primis
1158 1140 1392 1173 censebantur
1412 1140 1526 1175 Graeci
1546 1141 1632 1175 ritus
1656 1142 1808 1188 episcopi
1823 1142 1876 1188 (1):
1904 1141 2059 1176 Michael

436 1202 594 1241 Raliosa,
610 1202 774 1247 Kijoviae,
798 1202 947 1236 Haliciae
965 1202 1124 1241 antistes,
1144 1206 1177 1235 et
1196 1201 1369 1235 universa]
1390 1202 1680 1248 metropolitanus
1697 1204 1857 1244 Russiae3
1882 1204 2056 1250 Hypatius

435 1265 577 1309 Pociey,
590 1264 832 1298 Volodimirize
847 1269 880 1298 et
899 1264 1035 1298 Brestae
1052 1263 1314 1308 protothronius
1330 1277 1337 1304 3
1356 1264 1506 1310 Cyrillus
1525 1265 1742 1307 Terledzius,
1761 1267 1909 1301 exarcha
1926 1268 2056 1301 Luceo-

432 1327 600 1361 riensium
620 1330 654 1360 et
674 1326 976 1366 Ostroviensium;
1008 1326 1266 1370 Hermogenes.
1289 1326 1570 1372 archiepiscopus
1591 1328 1836 1363 Polocensium
1856 1335 1889 1363 et
1920 1329 2055 1364 Vitebs-

430 1388 607 1429 censium3
639 1388 794 1423 Joannes
823 1388 941 1422 Hohol
976 1387 1216 1423 Pinscensium
1250 1394 1284 1424 et
1311 1390 1593 1430 Turoviensium,
1618 1391 1806 1438 Dionysius
1829 1392 2056 1426 Zbieruskius

430 1449 686 1485 Clielmensium
707 1455 741 1484 et
771 1449 992 1484 Belsensium
1013 1450 1207 1493 antistites;
1238 1457 1310 1487 tum
1341 1464 1357 1487 a
1389 1452 1551 1488 Romano
1572 1455 1743 1489 Pontifice
1763 1455 1940 1490 Clemente
1968 1456 2054 1490 VllI

430 1513 638 1548 internuntii
671 1526 676 1547 ;
704 1513 860 1547 Joannes
906 1513 1106 1547 Demetrius
1154 1514 1417 1555 Sulikovskiw,
1459 1516 1743 1562 archiepiscopus
1788 1517 2050 1563 Leopolitanus,

428 1579 632 1614 Bernardus
659 1578 932 1623 Maciejovskius
962 1577 1260 1617 Luceoriensium‚
1282 1577 1477 1612 Stanislaus
1497 1578 1758 1613 Gomolinskius
1779 1578 2051 1618 Chelmensium‚

430 1641 598 1687 praesides
618 1640 774 1681 infulati3
797 1640 958 1680 consciis,
973 1646 1077 1685 atque
1097 1651 1173 1673 eam
1194 1639 1366 1686 synodum
1386 1638 1627 1685 probantibus,
1651 1640 1878 1686 Sigismundo
1894 1641 2055 1676 Poloniae

431 1707 465 1737 et
510 1702 645 1737 Sueciae
688 1713 772 1747 rege
787 1730 794 1742 ,
840 1706 873 1736 et
921 1702 1022 1747 regni
1074 1701 1219 1746 primate
1264 1701 1522 1736 Gnesnensium
1569 1701 1830 1748 archiepiscopo
1876 1703 2053 1737 Stanislao

431 1764 697 1799 Karnkovskio.

479 1831 564 1865 Cum
583 1830 638 1864 his
661 1829 808 1864 aderant
828 1840 846 1863 e
865 1828 1041 1862 Societate
1063 1833 1181 1861 nostra
1208 1827 1378 1872 theologi,
1400 1826 1601 1872 pontificum
1618 1831 1665 1861 vet
1688 1839 1870 1873 procerum
1900 1827 2052 1874 postula-

428 1892 581 1927 tionibus
609 1891 778 1933 obsecuti,
804 1891 839 1925 in
867 1890 987 1936 primis
1020 1890 1145 1924 Petrus
1179 1889 1318 1934 Skarga
1345 1894 1377 1923 et
1407 1889 1529 1923 Justus
1562 1889 1696 1924 Rabus.
1727 1890 1918 1935 Negotium
1939 1890 2004 1925 rite
2030 1901 2052 1924 a

429 1956 708 2002 comprecatione
733 1958 766 1989 et
786 1954 893 1988 divini
913 1953 1067 1987 numinis
1094 1953 1311 1987 invocatione
1338 1953 1453 1987 exorsi
1473 1953 1661 1993 antistites,
1683 1955 1930 2000 przestolantur
1952 1955 2049 2001 lega-

429 2021 545 2052 torum
563 2029 583 2051 a
604 2028 689 2062 rege
703 2015 889 2056 adventui;
912 2026 1055 2061 quorum
1077 2014 1208 2049 scilicet
1222 2015 1387 2059 praesenti
1411 2015 1594 2050 autoritate
1614 2016 1706 2055 freti,
1725 2017 1880 2050 securius
1904 2016 1995 2051 inter
2016 2028 2053 2052 se

431 2081 579 2127 agitent.
598 2080 710 2114 Erant
732 2079 825 2114 enim
858 2077 928 2124 qui,
951 2076 1057 2122 copiis
1077 2076 1322 2111 haereticorum
1343 2077 1545 2116 contractis,
1562 2079 1752 2111 eorundem
1781 2078 1898 2119 duces,
1920 2079 1963 2113 ad
1984 2080 2053 2114 dis-

431 2143 576 2190 sipanda
602 2142 854 2177 catholicorum
870 2139 1017 2175 consilia
1036 2149 1113 2173 cuni
1129 2137 1293 2183 Ostrogio
1312 2138 1467 2183 principe
1486 2139 1716 2173 accurrerint.
1740 2139 1778 2172 In
1799 2139 1858 2173 illo
1886 2140 2052 2174 bonorum

432 2210 525 2240 metu
545 2209 579 2240 et
607 2204 862 2250 expectatione,
885 2213 965 2237 ecce
997 2201 1059 2235 tibi
1089 2211 1110 2233 a
1138 2211 1221 2245 rege
1255 2200 1417 2245 princeps
1450 2200 1614 2235 NiCOlssuS
1645 2201 1858 2239 Radivillus.
1877 2202 2053 2248 palatinus

432 2266 631 2306 Trocensis,
675 2265 745 2299 Leo
773 2263 926 2310 Sapieha
945 2261 1174 2296 cancellarius
1202 2262 1388 2303 Lituaniae,
1428 2262 1626 2296 Demetrius
1651 2263 1859 2298 Chaleckius
1880 2265 2052 2299 Lituaniae

432 2327 687 2361 thesaurarius.
711 2325 845 2359 Horum
876 2324 1029 2359 adventu
1061 2323 1225 2369 depulsus
1254 2327 1376 2363 metus,
1400 2325 1580 2370 proposita
1607 2325 1700 2371 regis
1731 2327 1868 2361 nomine
1899 2326 1944 2360 ad
1979 2338 2052 2361 rem

430 2388 704 2436 persequendam
717 2388 946 2422 invitamenta
961 2386 1197 2432 congregatis.
1213 2385 1445 2431 Expostulare
1460 2386 1516 2420 hic
1530 2386 1638 2432 legati
1658 2388 1747 2433 regii
1763 2400 1840 2422 cuin
1860 2388 2047 2428 haereticis,

472 2466 511 2502 (1)
528 2465 566 2493 De
582 2465 690 2500 synodo
708 2465 758 2491 hac
773 2464 828 2491 vid.
845 2465 921 2498 plura
939 2465 965 2490 in
983 2463 1172 2491 Msscellaneis
1190 2463 1217 2491 Ρ.
1234 2463 1337 2490 Atheni
1354 2462 1528 2497 Kojalowicz
1545 2471 1559 2491 a
1577 2472 1640 2501 pag.
1657 2464 1706 2492 5¹.
1726 2464 1831 2492 ibidem
1847 2465 1881 2492 de
1898 2465 2048 2493 schismate

427 2521 573 2552 rhenano,
587 2527 601 2547 a
616 2526 680 2554 pag.
699 2517 747 2547 43.
