2184 2953
285 399 348 425 1644

276 944 333 970 lbid
338 953 378 971 em

276 987 401 1020 pestilen-

275 1027 323 1053 tia.

341 1120 372 1145 15

274 1157 382 1190 Reginae

273 1197 383 1225 Caeciliae

272 1238 367 1264 obitus.

332 1578 364 1605 16

267 1620 358 1647 Carolo

267 1660 411 1686 Ferdinan-

266 1701 307 1732 do,
321 1709 379 1726 con-

265 1741 345 1767 ditori
367 1741 410 1766 do-

265 1788 333 1811 mus,
343 1780 410 1807 Socii

263 1823 366 1854 gratias

262 1864 356 1895 agunt.

329 2195 359 2220 17

263 2233 379 2261 Smolen·

261 2283 364 2302 sccnscs

262 2315 328 2340 Socii
342 2324 386 2348 pa-

262 2354 375 2380 latinum

260 2394 377 2420 civitatis

260 2435 389 2461 salutant.

454 299 514 331 338
823 301 1099 331 LITUANICARUM
1125 301 1335 331 SOCIETATIS
1357 302 1443 332 JESU
1466 301 1724 332 HISTORIARUM

455 403 497 426 ex
516 391 594 426 nive
613 391 784 427 concretis
800 391 1002 438 duratisque
1029 393 1147 439 rigore
1166 393 1259 439 pilis,
1278 393 1370 428 malo
1395 393 1574 428 nonnullis
1590 393 1700 429 citreo
1720 393 1909 440 majoribus
1923 394 1969 441 (1),
1991 396 2085 430 acuti

454 457 556 488 erant
574 453 688 488 silices
711 466 717 488 z
740 454 775 488 in
806 454 923 489 multis
943 466 1044 490 ossea
1071 455 1232 501 quaedam
1261 456 1413 502 capitum
1443 456 1645 498 simulacra,
1664 456 1763 502 quasi
1795 456 1824 490 si
1853 456 1940 491 coelo
1966 462 2085 492 essent

454 516 601 563 sculpta,
623 517 673 552 sic
693 516 829 558 efficta;
848 529 891 552 ex
909 517 1034 563 quibus
1053 518 1199 552 ostentis
1224 519 1396 564 majorum
1418 518 1545 565 populo
1573 519 1723 553 attonito
1743 518 1977 565 periculorum
2004 531 2083 566 por-

451 579 661 614 tendebatur
686 583 811 620 metus‚
843 591 947 626 quam
979 579 1205 615 formidolosa
1236 581 1360 616 suisset
1392 581 1469 627 ipsa
1500 581 1685 628 lapidatio.
1718 580 1880 616 Metuere
1908 581 1990 617 hinc
2017 582 2083 617 sibi

452 642 597 688 quisque
620 642 689 677 :ad
708 642 838 689 templa
858 646 892 677 et
922 642 1078 677 remedia
1108 642 1231 678 salutis
1260 644 1462 689 confugere.
1489 644 1625 679 Praeter
1654 643 1725 678 alia
1754 644 1821 678 hoc
1849 655 1985 690 quoque
2019 644 2084 679 fuit

453 704 621 740 miraculo
644 717 650 739 :
673 705 880 750 praediolum
900 705 1063 740 Orsensis
1097 705 1245 751 Collegii
1277 706 1454 747 Czernica‚
1477 706 1591 741 locum
1606 706 1762 752 imagine
1780 706 1904 741 Beatae
1923 707 2082 753 Virginis

452 767 579 802 Matris
598 773 632 803 et
651 768 829 802 beneficiis
848 767 1034 809 celebrem,
1053 768 1165 814 ipsum
1186 768 1260 813 ejus
1276 768 1357 802 mali
1373 769 1503 803 circum
1517 769 1688 804 vastantis
1705 769 1823 803 onmia
1838 768 1945 804 fuisse
1960 770 2082 804 immu-

451 841 544 871 nem,
567 830 784 876 supplicante
808 830 855 864 ibi
880 834 964 864 tunc
989 830 1130 876 populo.
1151 830 1302 876 Lapides
1328 831 1385 877 qui
1405 832 1439 865 in
1460 832 1536 866 istis
1568 831 1825 877 malogranatis
1855 843 1918 877 pro
1950 831 2082 867 nucleis

451 896 563 933 erant,
588 892 707 926 mortis
727 892 858 938 pariter
877 893 1075 937 compuncti
1095 892 1257 926 dicuntur
1272 892 1379 928 fuisse
1399 894 1490 928 notis
1512 905 1575 928 :ex
1590 894 1715 928 horum
1735 893 1872 928 acervis
1892 893 1952 928 diu
1967 905 2080 929 asser-

450 958 548 988 vatas
567 953 700 999 aliquot
731 965 807 989 esse
832 954 921 999 pilas
950 955 1048 1000 ajunt
1067 955 1102 988 in
1130 955 1305 989 tabulario
1326 955 1488 990 Orsensis
1522 956 1633 990 nostri
1661 955 1842 990 domicilii.
1866 956 2081 991 Grandinem

450 1015 625 1062 lapideam
653 1021 842 1051 consecuta
873 1029 953 1051 mox
984 1017 1201 1063 pestilentia3
1236 1017 1298 1052 sed
1321 1018 1355 1051 in
1389 1018 1530 1064 oppido,
1552 1018 1637 1064 ipsis
1672 1018 1808 1053 Judaeis
1836 1017 2017 1054 mortifera
2046 1023 2080 1054 et

450 1079 692 1120 schismaticis,
715 1091 845 1125 paucos
865 1079 1060 1125 absumpsit
1080 1080 1284 1114 catholicos,
2066 1083 2070 1085 ’

498 1141 638 1176 Czccilia
670 1142 823 1181 Renata,
846 1141 1020 1176 Vladislai
1043 1142 1092 1175 lV
1124 1142 1263 1187 conjux,
1286 1142 1501 1176 Ferdinandi
1532 1143 1564 1176 ΙΙ
1596 1143 1819 1188 imperatoris
1845 1143 1931 1184 filia,
1948 1154 2078 1189 magno

446 1203 537 1238 aulae
556 1208 589 1239 et
608 1204 760 1239 omnium
779 1204 874 1238 luctu
894 1204 1023 1238 denaia
1042 1208 1095 1238 est
1114 1204 1231 1238 Vilnae
1252 1204 1305 1238 IX
1328 1204 1499 1239 kalendas
1518 1204 1661 1250 apriles.
1680 1205 1902 1240 Desideravit
1927 1206 2078 1242 maxime

444 1271 566 1300 nostra
583 1266 618 1300 in
639 1266 694 1301 his
717 1266 907 1312 provinciis
935 1266 1092 1301 Societas
1119 1266 1292 1312 reginam,
1323 1266 1460 1312 magnis
1480 1267 1551 1301 suis
1572 1267 1740 1302 obstricta
1760 1267 1953 1303 beneficiis.
1973 1268 2073 1309 Haec,

445 1328 534 1362 irato
553 1328 659 1364 etiam
678 1329 802 1362 marito
823 1340 884 1362 suo
903 1340 1000 1374 rege,
1016 1328 1136 1363 Socios
1156 1328 1236 1362 clim
1256 1328 1311 1374 pie
1327 1328 1507 1374 complexa
1521 1329 1566 1363 ad
1581 1341 1781 1375 supremum
1795 1333 1932 1375 tempus
1947 1330 2077 1365 amavit

443 1394 662 1428 constanter:
694 1402 757 1426 nec
788 1391 884 1436 prius
915 1403 996 1425 suos
1020 1391 1153 1425 aulicos
1174 1390 1359 1437 theologos
1380 1390 1522 1432 dimisit,
1546 1402 1650 1436 quam
1671 1404 1753 1426 suus
1782 1396 1879 1426 artus
1907 1392 2073 1428 mortales

442 1454 578 1489 animus
596 1454 805 1500 reliquisset.
831 1456 927 1489 Inter
944 1454 1015 1489 alia
1043 1455 1184 1500 pietatis
1206 1466 1279 1489 suae
1297 1454 1381 1488 alibi
1406 1459 1635 1490 monumenta
1654 1455 1781 1490 visitur
1798 1456 1984 1491 Varsaviae
2011 1468 2074 1492 ara

442 1516 532 1551 divae
552 1528 625 1551 sua}
650 1516 800 1551 Caeciliae
819 1516 968 1562 virginis
987 1521 1021 1551 et
1040 1520 1158 1551 statua
1177 1517 1212 1551 in
1226 1517 1355 1563 templo
1372 1516 1532 1562 Collegii.

492 1579 639 1613 Donnnn
655 1579 822 1624 professis
841 1578 971 1613 nostris
996 1579 1125 1617 Vilnae,
1156 1591 1173 1612 a
1208 1590 1292 1624 rege
1312 1579 1536 1624 Sigismundo
1557 1579 1622 1617 ΙΙΙ,
1640 1583 1786 1624 parente
1802 1591 1878 1618 suo,
1901 1581 2069 1616 aedificari

439 1644 601 1687 coeptam,
620 1640 786 1686 impensis
806 1641 878 1675 suis
897 1641 1148 1675 absolvendam
1165 1641 1311 1675 curabat
1326 1640 1444 1686 regius
1462 1641 1624 1686 princeps
1641 1640 1788 1675 Carolus
1807 1641 2065 1678 Ferdinandus.

440 1703 582 1738 Gratias
614 1703 687 1749 egit
718 1703 890 1737 conditori
920 1707 993 1737 tum
1025 1702 1210 1737 Societatis
1242 1703 1383 1737 nomine
1414 1703 1622 1749 praepositus
1656 1703 1831 1748 generalis
1851 1704 1986 1740 Mutius
2006 1717 2069 1751 per

437 1765 585 1807 litteras,
609 1770 682 1800 tum
703 1777 766 1800 suo
794 1766 916 1800 domus
936 1765 1114 1811 professa;
1137 1766 1203 1799 hoc
1221 1777 1314 1800 anno
1346 1765 1534 1811 praecipue,
1569 1778 1647 1800 cum
1678 1766 1924 1802 Ferdinandus
1955 1767 2067 1813 ponti-

433 1828 548 1863 ficiam
582 1829 804 1863 Plocensiuin
832 1828 1041 1862 ascenderet
1074 1827 1292 1868 cathedram,
1321 1828 1439 1862 oblata
1469 1839 1490 1862 a
1517 1840 1553 1862 se
1584 1828 1743 1862 oratione
1781 1830 2013 1876 panegyrica;
2033 1830 2069 1864 in

438 1903 518 1936 qua,
555 1905 570 1919 a
592 1891 684 1925 hanc
711 1896 761 1931 tu,
792 1890 916 1936 inquit,
940 1890 1124 1925 Societatis
1155 1890 1307 1929 domum,
1330 1890 1431 1935 regia
1462 1891 1701 1925 munificentia
1720 1892 1939 1937 Sigismundi
1963 1893 2014 1927 III
2035 1896 2068 1927 et

442 1968 456 1982 α
480 1953 708 1993 Constantia,
726 1965 862 1999 regum,
880 1959 1065 1998 parentum
1085 1959 1224 1987 tuorum
1240 1956 1391 1987 erectam
1412 1957 1699 1998 exornatamque,
1720 1957 1771 1987 tot
1788 1954 1931 2000 insuper
1950 1966 2067 1989 cumu-

441 2030 456 2044 α
477 2015 558 2050 lasti
579 2015 756 2050 beneficiis
780 2027 786 2049 :
809 2019 846 2049 ut
869 2015 1135 2049 beneficentiam
1164 2015 1207 2048 ad
1232 2015 1368 2050 culmen
1392 2015 1620 2060 perduceres,
1639 2015 1739 2060 eique
1759 2027 1899 2050 manum
1926 2016 2067 2062 imposi-

440 2091 455 2105 α
478 2082 589 2118 turus,
610 2076 776 2111 fundator
794 2077 869 2123 ejus
885 2077 1131 2111 serenissimus
1146 2076 1269 2111 haberi
1288 2076 1458 2123 patereris
1478 2080 1544 2111 etc.
1567 2094 1581 2108 n
1599 2076 1680 2111 Alia
1694 2077 1837 2111 laudum
1856 2082 2065 2123 argumenta

438 2152 458 2175 a
477 2153 514 2175 se
533 2141 679 2175 contulit
699 2141 869 2175 Plocense
890 2140 1085 2186 Collegium
1104 2140 1140 2174 in
1156 2140 1303 2174 eundem
1319 2151 1417 2174 suum
1438 2140 1644 2174 antistitem.

487 2204 578 2238 Suus
597 2204 701 2238 etiam
728 2203 885 2250 palatino
911 2202 1137 2237 Sinolensciae
1167 2202 1320 2247 Georgio
1356 2202 1545 2237 Hlebovicz
1579 2203 1615 2236 in
1646 2203 1756 2249 primo
1789 2215 1867 2238 cum
1897 2203 2063 2250 palatinis

433 2267 586 2301 fascibus
618 2266 654 2300 in
686 2266 805 2300 urbem
836 2265 1001 2310 ingressu
1034 2276 1054 2299 a
1087 2264 1243 2310 Collegio
1272 2263 1523 2299 Smolenscano
1550 2264 1692 2299 habitus
1726 2270 1778 2300 est
1809 2266 1934 2300 honos.
1961 2266 2061 2300 Salu-

433 2336 527 2366 tatus
554 2330 711 2364 oratione
738 2329 966 2375 panegyrica,
989 2329 1082 2374 grati
1103 2328 1206 2362 animi
1226 2327 1436 2362 testificandi
1456 2339 1562 2362 cansa
1590 2327 1787 2374 Collegium
1807 2328 1888 2362 visit
1909 2333 1943 2363 et
1962 2340 2060 2375 gym-

434 2393 571 2428 nasium
603 2404 609 2426 z
637 2403 700 2426 sua
727 2391 837 2426 Sociis
857 2388 970 2425 officia
1000 2390 1134 2436 prolixe
1164 2389 1350 2436 pollicitus.
1389 2389 1539 2435 Excepit
1569 2390 1763 2435 principem
1794 2394 1909 2425 rector
1935 2390 2058 2425 domus

476 2469 517 2507 (1)
539 2466 610 2507 [lia]
626 2467 747 2494 Historia
766 2467 884 2505 (Tolicgii
903 2467 1078 2494 Orscnsis'ct
1095 2466 1209 2500 Annine,
1227 2469 1357 2493 accurate
1374 2466 1491 2500 scripum
1511 2466 1594 2500 idque
1612 2467 1674 2493 milii
1693 2467 1796 2494 certius
1809 2470 1862 2501 cst,
1880 2475 1962 2502 quam
1979 2467 2054 2502 quod

432 2523 576 2558 scripserit
593 2523 740 2558 profanus,
761 2522 786 2548 in
805 2525 898 2548 monte
915 2520 1022 2548 Albano
1038 2524 1064 2547 ct
1081 2521 1144 2547 alibi
1164 2520 1308 2555 lapidibus
1326 2520 1444 2555 pluisse.
