2184 2953
222 393 286 419 1574

286 886 325 912 23.

229 927 351 953 Varsevi-

229 966 284 992 cius
302 975 317 992 a
341 966 373 992 R.

230 1005 355 1030 Pontifice

230 1045 348 1071 mittitur

229 1085 263 1111 ad
286 1092 373 1117 regem

230 1122 334 1148 Sueciae.

232 1374 377 1401 Periculum

232 1420 359 1444 navigan-

233 1454 278 1479 tis.

238 1938 373 1972 Accipitur

238 1979 356 2012 benigne.

392 295 431 326 52
760 295 1032 325 LITUANICARUM
1047 272 1268 324 χΞΟΟΙΕΤΑΤΙΞ
1290 295 1375 325 JESU
1399 295 1651 324 HISTORIARUM

394 388 548 423 Palatini
582 387 759 423 Vilnensis
789 389 894 430 filios,
920 389 956 423 in
989 399 1109 424 errore
1143 388 1259 423 adhuc
1294 389 1537 434 patrissantes,
1565 387 1723 433 exemplo
1748 398 1811 422 suo
1834 397 1856 420 a
1879 386 2018 421 Calvini

393 454 490 485 secta
529 450 670 486 reduxit
726 451 985 486 Professionem
1022 454 1235 496 exceperunt
1272 450 1470 485 Stanislaus
1504 449 1775 485 Varszevickius
1820 452 1854 484 et
1893 450 2022 484 Petrus

392 512 557 558 Skarga3
589 527 604 541 α
632 513 831 559 gratulante
854 513 995 548 interim
1026 512 1121 547 fideli
1152 513 1294 558 populo,
1322 513 1371 547 sic
1401 512 1520 547 irritos
1551 511 1720 546 cecidisse
1745 514 1890 545 conatus
1919 510 2024 556 Nigri

397 589 413 603 sc
439 574 533 609 illius
557 575 724 617 Palatini,
752 579 790 610 ut
817 576 875 621 qui
900 574 1099 621 nuperrime
1126 574 1169 608 ab
1194 574 1355 609 Ecclesia
1387 574 1569 609 Catholica
1600 585 1763 608 aversum
1788 573 1862 608 ibat
1886 584 2020 613 omnes,

400 652 415 666 ιι
440 638 516 684 ejus
540 637 673 672 familia
697 638 809 672 omnis
830 649 905 672 eam
935 637 1151 682 impietatem
1183 647 1281 671 suam
1307 636 1424 682 palam
1449 636 1539 671 omni
1566 635 1693 681 populo
1718 635 1980 670 condemnaret.
2010 652 2026 667 n

447 700 565 734 Laetus
581 712 622 735 eo
638 700 673 734 in
689 700 856 734 Lituania
874 699 1002 739 fructu,
1021 699 1205 733 Romanus
1233 698 1397 733 Pontifex
1412 698 1619 744 Gregorius,
1638 698 1831 744 periculum
1853 698 2024 738 facturus,

398 761 482 807 quid
500 762 534 795 in
550 762 689 801 Suecia,
711 773 756 795 an
772 761 904 807 pariter
915 761 1097 795 Sociorum
1116 772 1224 806 opera
1238 760 1360 806 profici
1378 760 1501 806 possit,
1524 771 1566 794 ac
1583 749 1733 805 primum
1751 759 1891 806 quidem
1910 758 2029 805 explo-

399 827 554 865 raturus,
581 835 649 869 quo
678 827 784 863 esset,
815 826 849 857 et
872 834 930 862 an,
949 823 998 856 uti
1027 821 1218 863 ferebatur,
1250 822 1300 856 ita
1322 834 1497 868 propenso
1514 833 1599 868 erga
1618 821 1818 856 Romanam
1834 820 2030 855 Ecclesiam

400 885 517 919 animo
538 896 599 919 rex
617 885 692 931 ejus
712 885 828 930 gentis
850 885 1007 919 Joannes
1029 885 1095 925 ΙΙΙ,
1114 884 1263 918 Gustavi
1282 884 1389 919 Vasae
1419 884 1526 921 filius.
1548 895 1641 918 anno
1676 883 1766 918 1569
1798 883 1902 917 Erico
1928 881 2029 916 fratri

401 947 543 982 detruso
575 948 608 981 111
641 959 789 993 regnum
816 946 997 985 suffectus,
1032 950 1202 980 rectorem
1232 946 1381 992 Collegii
1400 946 1581 980 Vilnensis
1600 945 1707 979 mittit
1724 945 2027 980 Varszeviekium.

401 1009 556 1055 Septimo
577 1009 653 1042 idus
672 1009 793 1055 junias
813 1008 919 1042 Vilna
938 1008 1113 1054 profectus
1130 1012 1196 1045 est.
1219 1008 1341 1043 relicto
1357 1008 1513 1042 muneris
1533 1008 1587 1041 sui
1606 1007 1737 1042 vicario
1752 1008 1858 1042 Petro
1875 1007 2026 1052 Skarga.

400 1071 587 1110 Emensus,
600 1081 705 1116 quam
717 1070 824 1115 longa
838 1074 903 1111 est,
918 1070 1115 1109 Livoniani,
1130 1070 1225 1104 venit
1239 1070 1546 1109 Revaliam:iude,
1561 1069 1768 1103 transmisso
1784 1069 1870 1103 Sinu
1885 1069 2028 1110 finnico,

400 1132 446 1166 ad
458 1133 556 1167 littus
572 1132 823 1180 Stockholmiae
842 1132 898 1167 die
918 1132 1191 1178 quadragesimo
1222 1133 1338 1166 navim
1364 1132 1512 1178 appulit,
1535 1144 1597 1177 per
1619 1131 1729 1165 multa
1756 1130 1880 1165 salutis
1911 1130 2033 1164 discri-

400 1195 508 1235 mina,
530 1195 706 1241 impeditis
733 1195 897 1230 videlicet
924 1206 987 1241 per
1010 1194 1173 1240 scopulos
1199 1194 1285 1229 viis:
1312 1194 1469 1229 Moschis
1499 1193 1675 1228 hostiliter
1702 1193 1830 1227 circum
1849 1193 2037 1227 Revaliam

400 1256 493 1292 ferro
509 1261 543 1292 et
562 1258 645 1303 igne
660 1257 778 1292 onmia
797 1257 1068 1303 populantibus:
1089 1257 1213 1302 piratis
1243 1257 1387 1302 insuper
1406 1260 1478 1290 toto
1500 1256 1577 1290 sinu
1599 1255 1759 1296 infestis;
1790 1256 1825 1289 in
1848 1267 1935 1301 quos
1960 1267 2044 1299 cum

403 1320 553 1354 turbinis
573 1320 704 1366 impetu
719 1324 900 1365 ageretur,
922 1319 1044 1365 praeda
1063 1319 1225 1353 barbaris
1241 1319 1450 1359 certissima,
1472 1322 1618 1364 repente
1636 1322 1774 1358 ventus,
1797 1329 1838 1352 ac
1857 1318 1887 1351 si
1898 1318 2035 1364 jussus,

405 1382 521 1417 divino
541 1386 636 1417 certe
662 1382 822 1428 imperio,
855 1380 987 1416 fractus
1018 1381 1236 1427 finitusque:
1263 1382 1362 1415 navis
1390 1381 1508 1427 itaque
1536 1381 1686 1427 impulsa
1712 1380 1861 1426 remigio
1889 1379 2039 1414 elabitur

405 1450 534 1491 praeter
554 1445 630 1491 ipsa
649 1444 863 1479 cessantium
883 1454 945 1477 ora
960 1443 1175 1489 piratarum;
1199 1454 1345 1488 quorum
1369 1443 1533 1478 videlicet
1564 1455 1799 1490 myoparones
1823 1442 1912 1477 coelo
1944 1446 2039 1476 tran-

407 1507 514 1553 quillo
541 1506 601 1552 agi
628 1507 694 1541 hoc
717 1505 793 1540 loco
821 1509 1010 1551 nequeant.
1046 1504 1297 1540 Stockholmiae
1328 1506 1467 1551 regina,
1502 1506 1596 1551 regis
1639 1505 1798 1539 Poloniae
1821 1504 2040 1550 Sigismundi

406 1568 558 1614 Augusti
578 1569 592 1602 I
613 1579 726 1609 soror,
749 1567 955 1607 Catharina,
977 1568 1012 1601 111
1033 1567 1148 1601 8111(110
1175 1567 1359 1613 religionis
1387 1567 1570 1601 catholicae
1597 1567 1689 1601 inter
1716 1567 1903 1601 haereticos
1936 1566 2041 1600 etiam

407 1631 707 1677 pertinacissimos
727 1630 908 1665 remissior
927 1629 989 1663 illa
1004 1629 1127 1670 nihilo,
1144 1629 1300 1675 legatum
1315 1641 1336 1663 a
1349 1630 1424 1663 suis
1440 1630 1585 1664 Polonis
1598 1629 1729 1675 gaudio
1745 1630 1880 1675 excepit
1890 1641 2039 1675 magno;

408 1693 822 1740 curavitque*hospitium
841 1692 1097 1737 assignandum
1116 1692 1151 1725 111
1167 1703 1261 1733 arce,
1279 1703 1346 1738 quo
1365 1691 1483 1726 aditus
1503 1693 1625 1727 nuntio
1644 1692 1690 1726 ad
1712 1704 1750 1727 se
1773 1696 1867 1727 esset
1885 1692 2040 1738 propior.

409 1755 477 1790 Hic
491 1754 760 1789 Varszevickius
776 1755 853 1800 regi
868 1755 996 1800 hospes
1016 1754 1188 1799 principio
1204 1766 1273 1788 non
1289 1754 1513 1799 gratissimus
1525 1767 1532 1795 ;
1545 1754 1696 1794 timenti,
1710 1766 1753 1789 ne
1768 1753 1851 1800 quid
1862 1754 2043 1788 turbarum

410 1817 502 1851 inter
516 1817 622 1858 cives,
644 1816 725 1851 aliis
744 1817 885 1850 omnino
905 1816 1137 1861 religionibus
1152 1816 1324 1857 addictos,
1343 1827 1385 1850 ex
1405 1828 1445 1850 eo
1466 1816 1644 1851 Pontificii
1658 1816 1811 1850 adventu
1834 1815 2041 1850 internuntii

411 1880 622 1920 conciretur,
639 1879 809 1925 vigilante
828 1879 978 1913 maxime
993 1878 1039 1912 ad
1058 1890 1195 1913 omnem
1214 1879 1268 1913 sui
1288 1879 1507 1913 occasionem
1535 1879 1727 1914 ulciscendi
1742 1879 1847 1913 Erico
1869 1878 1978 1913 fratre
2006 1878 2040 1912 in

412 1942 584 1977 custodia.
606 1942 765 1977 Accersit
782 1945 899 1976 tamen
926 1941 1099 1975 nuntium.
1119 1941 1312 1981 Salutatus,
1335 1941 1479 1975 auribus
1494 1941 1674 1987 oculisque
1689 1942 1852 1987 agnoscit
1865 1941 2042 1976 hominem

413 2016 491 2038 esse
510 2004 651 2039 minime
667 2003 948 2050 aspernandum:
970 2002 1090 2038 afferri
1105 2015 1167 2049 per
1186 2015 1265 2037 eum
1284 2007 1447 2049 oportere
1462 2003 1640 2049 quidpiam
1658 2004 1825 2038 momenti
1855 2015 1922 2037 11011
1938 2002 2038 2037 levis.

415 2066 620 2101 Proluditur
638 2066 893 2112 quaestionibus
913 2066 1053 2100 interim
1072 2065 1304 2111 hospitaliter,
1324 2065 1357 2098 in
1391 2065 1512 2111 primis
1538 2065 1581 2100 de
1613 2066 1666 2100 sui
1694 2066 1854 2100 instituto
1883 2065 2041 2111 religiosi

414 2128 560 2169 ordinis,
583 2140 625 2163 ex
643 2140 711 2174 quo
731 2129 760 2162 is
779 2128 918 2162 demum
936 2128 1068 2173 primus
1083 2127 1150 2161 sibi
1166 2131 1257 2162 esset
1277 2127 1428 2161 oblatus.
1447 2127 1597 2172 Cognita
1611 2128 1761 2173 pristina
1775 2127 1926 2161 hominis
1941 2128 2042 2161 istius

413 2190 626 2231 conditione,
644 2190 765 2224 mirari
784 2190 946 2235 princeps
974 2200 1050 2223 eam
1082 2201 1198 2223 rerum
1226 2189 1459 2223 humanarum
1491 2189 1778 2234 despicientiam;
1803 2203 1818 2217 α
1844 2189 1901 2234 qui
1932 2200 1973 2223 ex
2000 2200 2041 2223 eo

418 2267 433 2280 α
452 2252 564 2297 gradu
585 2252 689 2298 (quod
707 2251 850 2286 aliunde
869 2250 1079 2296 inaudierat)
1099 2252 1133 2285 111
1153 2262 1220 2297 quo
1236 2254 1270 2285 et
1284 2262 1407 2296 regum
1424 2251 1553 2296 gratia,
1577 2256 1611 2285 et
1631 2263 1693 2297 pro
1711 2262 1774 2286 sua
1793 2251 1966 2296 dignitate
1980 2251 2042 2285 ho-

418 2329 434 2343 c<
452 2315 609 2352 neribus.
628 2318 662 2349 et
680 2314 844 2349 amicitiis
859 2313 1002 2347 floreret
1020 2325 1203 2359 procerum
1219 2316 1253 2347 01
1279 2313 1403 2357 opibus
1419 2329 1426 2346 .·
1457 2313 1491 2346 in
1520 2324 1598 2348 eam
1627 2324 1665 2347 se
1688 2313 1932 2353 humilitatem,
1964 2325 2042 2359 quae

419 2390 434 2404 α
452 2377 534 2411 111110
552 2388 745 2422 pauperum
760 2375 874 2410 ordini
896 2380 989 2409 esset
1002 2375 1158 2421 propria,
1175 2386 1239 2409 sua
1258 2374 1439 2409 voluntate
1469 2375 1701 2410 submisisset.
1731 2374 1811 2409 Non
1840 2375 2041 2409 Phaenicem

420 2454 434 2467 α
454 2439 620 2474 Societati
637 2451 674 2473 se
698 2439 889 2483 obtigisse:
926 2438 1111 2483 plerosque
1143 2438 1176 2471 111
1206 2450 1246 2471 ea
1277 2437 1371 2471 viros
1408 2449 1485 2471 esse
1518 2437 1765 2478 mbilissimos,
1808 2436 2042 2483 respondente

420 2516 436 2530 ιι
455 2502 605 2547 hospite,
628 2505 732 2546 atque
742 2502 815 2546 jam
831 2501 921 2534 inter
937 2500 1109 2545 ejusmodi
1129 2510 1308 2535 sermones
1323 2499 1368 2533 ad
1384 2511 1539 2534 mensam
1568 2500 1702 2545 regiam
1729 2499 1876 2534 conviva
1894 2513 1901 2540 ;
1931 2499 2042 2534 admi-
