<?xml version="1.0" encoding="UTF-8"?>
<!DOCTYPE html PUBLIC "-//W3C//DTD XHTML 1.0 Transitional//EN"
    "http://www.w3.org/TR/xhtml1/DTD/xhtml1-transitional.dtd">
<html xmlns="http://www.w3.org/1999/xhtml" xml:lang="en" lang="en">
 <head>
  <title>
</title>
<meta http-equiv="Content-Type" content="text/html;charset=utf-8" />
  <meta name='ocr-system' content='tesseract 3.04.00' />
  <meta name='ocr-capabilities' content='ocr_page ocr_carea ocr_par ocr_line ocrx_word'/>
</head>
<body>
  <div class='ocr_page' id='page_1' title='image "./lituanicarumsoci00rost_0036.png"; bbox 0 0 2184 2953; ppageno 0'>
   <div class='ocr_carea' id='block_1_1' title="bbox 208 375 271 401">
    <p class='ocr_par' dir='ltr' id='par_1_1' title="bbox 208 375 271 401">
     <span class='ocr_line' id='line_1_1' title="bbox 208 375 271 401; baseline 0 -1"><span class='ocrx_word' id='word_1_1' title='bbox 208 375 271 401; x_wconf 72' lang='lat'>1565</span> 
     </span>
    </p>
   </div>
   <div class='ocr_carea' id='block_1_2' title="bbox 204 491 357 686">
    <p class='ocr_par' dir='ltr' id='par_1_2' title="bbox 204 491 357 686">
     <span class='ocr_line' id='line_1_2' title="bbox 205 491 351 518; baseline 0.007 -2"><span class='ocrx_word' id='word_1_2' title='bbox 205 491 351 518; x_wconf 45' lang='lat' dir='ltr'>§tanis-‚laus</span> 
     </span>
     <span class='ocr_line' id='line_1_3' title="bbox 207 533 314 558; baseline 0.009 -1"><span class='ocrx_word' id='word_1_3' title='bbox 207 533 314 558; x_wconf 81' lang='lat' dir='ltr'>Varsze-</span> 
     </span>
     <span class='ocr_line' id='line_1_4' title="bbox 205 573 357 599; baseline 0 0"><span class='ocrx_word' id='word_1_4' title='bbox 205 574 282 599; x_wconf 76' lang='lat' dir='ltr'>wieki</span> <span class='ocrx_word' id='word_1_5' title='bbox 293 573 357 599; x_wconf 75' lang='lat' dir='ltr'>visit</span> 
     </span>
     <span class='ocr_line' id='line_1_5' title="bbox 205 614 348 640; baseline 0.007 -1"><span class='ocrx_word' id='word_1_6' title='bbox 205 614 348 640; x_wconf 85' lang='lat' dir='ltr'>Brunsber-</span> 
     </span>
     <span class='ocr_line' id='line_1_6' title="bbox 204 661 275 686; baseline 0 -7"><span class='ocrx_word' id='word_1_7' title='bbox 204 661 263 686; x_wconf 65' lang='lat' dir='ltr'>gam</span> <span class='ocrx_word' id='word_1_8' title='bbox 270 674 275 679; x_wconf 90' lang='lat'><strong>.</strong></span> 
     </span>
    </p>
   </div>
   <div class='ocr_carea' id='block_1_3' title="bbox 202 973 349 1161">
    <p class='ocr_par' dir='ltr' id='par_1_3' title="bbox 202 973 349 1161">
     <span class='ocr_line' id='line_1_7' title="bbox 204 973 347 1000; baseline 0.007 -1"><span class='ocrx_word' id='word_1_9' title='bbox 204 973 347 1000; x_wconf 80' lang='lat' dir='ltr'>Brunsber-</span> 
     </span>
     <span class='ocr_line' id='line_1_8' title="bbox 203 1015 324 1048; baseline 0 -8"><span class='ocrx_word' id='word_1_10' title='bbox 203 1023 253 1048; x_wconf 83' lang='lat' dir='ltr'>geu</span> <span class='ocrx_word' id='word_1_11' title='bbox 258 1015 324 1041; x_wconf 87' lang='lat' dir='ltr'>sium</span> 
     </span>
     <span class='ocr_line' id='line_1_9' title="bbox 202 1055 336 1081; baseline 0.007 0"><span class='ocrx_word' id='word_1_12' title='bbox 202 1055 336 1081; x_wconf 70' lang='lat' dir='ltr'>haeretico-</span> 
     </span>
     <span class='ocr_line' id='line_1_10' title="bbox 202 1095 349 1121; baseline 0.007 -1"><span class='ocrx_word' id='word_1_13' title='bbox 202 1103 260 1120; x_wconf 86' lang='lat' dir='ltr'>rum</span> <span class='ocrx_word' id='word_1_14' title='bbox 280 1095 349 1121; x_wconf 82' lang='lat' dir='ltr'>frau-</span> 
     </span>
     <span class='ocr_line' id='line_1_11' title="bbox 203 1133 257 1161; baseline 0.019 -2"><span class='ocrx_word' id='word_1_15' title='bbox 203 1133 257 1161; x_wconf 86' lang='lat' dir='ltr'>des.</span> 
     </span>
    </p>
   </div>
   <div class='ocr_carea' id='block_1_4' title="bbox 204 1959 354 2141">
    <p class='ocr_par' dir='ltr' id='par_1_4' title="bbox 204 1959 354 2141">
     <span class='ocr_line' id='line_1_12' title="bbox 206 1959 335 1986; baseline -0.016 0"><span class='ocrx_word' id='word_1_16' title='bbox 206 1959 335 1986; x_wconf 73' lang='lat' dir='ltr'>Pultoviae</span> 
     </span>
     <span class='ocr_line' id='line_1_13' title="bbox 204 1999 354 2034; baseline -0.013 -8"><span class='ocrx_word' id='word_1_17' title='bbox 204 1999 354 2034; x_wconf 80' lang='lat' dir='ltr'>Ep.Nosko·</span> 
     </span>
     <span class='ocr_line' id='line_1_14' title="bbox 206 2038 330 2066; baseline -0.008 -2"><span class='ocrx_word' id='word_1_18' title='bbox 206 2039 263 2066; x_wconf 83' lang='lat' dir='ltr'>vius</span> <span class='ocrx_word' id='word_1_19' title='bbox 281 2038 330 2065; x_wconf 85' lang='lat' dir='ltr'>col-</span> 
     </span>
     <span class='ocr_line' id='line_1_15' title="bbox 205 2079 343 2120; baseline 0.014 -16"><span class='ocrx_word' id='word_1_20' title='bbox 205 2079 274 2120; x_wconf 72' lang='lat' dir='ltr'>locat</span> <span class='ocrx_word' id='word_1_21' title='bbox 299 2080 343 2106; x_wconf 87' lang='lat' dir='ltr'>So-</span> 
     </span>
     <span class='ocr_line' id='line_1_16' title="bbox 205 2123 272 2141; baseline 0.015 -1"><span class='ocrx_word' id='word_1_22' title='bbox 205 2123 272 2141; x_wconf 76' lang='lat' dir='ltr'>cios,</span> 
     </span>
    </p>
   </div>
   <div class='ocr_carea' id='block_1_5' title="bbox 210 2248 271 2274">
    <p class='ocr_par' dir='ltr' id='par_1_5' title="bbox 210 2248 271 2274">
     <span class='ocr_line' id='line_1_17' title="bbox 210 2248 271 2274; baseline -0.033 0"><span class='ocrx_word' id='word_1_23' title='bbox 210 2248 271 2274; x_wconf 62' lang='lat'>1566</span> 
     </span>
    </p>
   </div>
   <div class='ocr_carea' id='block_1_6' title="bbox 385 280 1646 316">
    <p class='ocr_par' dir='ltr' id='par_1_6' title="bbox 385 280 1646 316">
     <span class='ocr_line' id='line_1_18' title="bbox 385 280 1646 316; baseline 0.007 -10"><span class='ocrx_word' id='word_1_24' title='bbox 385 280 423 310; x_wconf 84' lang='grc'>12</span> <span class='ocrx_word' id='word_1_25' title='bbox 752 281 1027 310; x_wconf 76' lang='lat' dir='ltr'><strong>LITUANICARUM</strong></span> <span class='ocrx_word' id='word_1_26' title='bbox 1053 282 1267 314; x_wconf 67' lang='lat' dir='ltr'>SOCIETATIS</span> <span class='ocrx_word' id='word_1_27' title='bbox 1289 287 1373 315; x_wconf 89' lang='lat' dir='ltr'>JESU</span> <span class='ocrx_word' id='word_1_28' title='bbox 1399 286 1646 316; x_wconf 71' lang='lat' dir='ltr'><strong>HISTORIARUM</strong></span> 
     </span>
    </p>
   </div>
   <div class='ocr_carea' id='block_1_7' title="bbox 375 370 2011 2480">
    <p class='ocr_par' dir='ltr' id='par_1_7' title="bbox 375 370 2011 2480">
     <span class='ocr_line' id='line_1_19' title="bbox 385 370 2010 423; baseline 0.007 -19"><span class='ocrx_word' id='word_1_29' title='bbox 385 370 536 404; x_wconf 88' lang='lat' dir='ltr'>ducenos</span> <span class='ocrx_word' id='word_1_30' title='bbox 551 370 708 415; x_wconf 87' lang='lat' dir='ltr'>triginta,</span> <span class='ocrx_word' id='word_1_31' title='bbox 726 370 762 405; x_wconf 92' lang='lat' dir='ltr'>in</span> <span class='ocrx_word' id='word_1_32' title='bbox 781 372 932 417; x_wconf 87' lang='lat' dir='ltr'>quinque</span> <span class='ocrx_word' id='word_1_33' title='bbox 950 373 1142 418; x_wconf 86' lang='lat' dir='ltr'>primarum</span> <span class='ocrx_word' id='word_1_34' title='bbox 1160 374 1290 410; x_wconf 79' lang='lat' dir='ltr'>classes</span> <span class='ocrx_word' id='word_1_35' title='bbox 1304 376 1435 411; x_wconf 88' lang='lat' dir='ltr'>artium</span> <span class='ocrx_word' id='word_1_36' title='bbox 1459 377 1603 419; x_wconf 88' lang='lat' dir='ltr'>divisos,</span> <span class='ocrx_word' id='word_1_37' title='bbox 1624 389 1835 423; x_wconf 79' lang='lat' dir='ltr'>generosam</span> <span class='ocrx_word' id='word_1_38' title='bbox 1854 380 2010 416; x_wconf 83' lang='lat' dir='ltr'>sobolem</span> 
     </span>
     <span class='ocr_line' id='line_1_20' title="bbox 387 432 2011 481; baseline 0.007 -15"><span class='ocrx_word' id='word_1_39' title='bbox 387 432 629 467; x_wconf 77' lang='lat' dir='ltr'>censebamus.</span> <span class='ocrx_word' id='word_1_40' title='bbox 652 432 866 468; x_wconf 82' lang='lat' dir='ltr'>Exciverunt</span> <span class='ocrx_word' id='word_1_41' title='bbox 884 434 1058 481; x_wconf 83' lang='lat' dir='ltr'>principes</span> <span class='ocrx_word' id='word_1_42' title='bbox 1078 435 1184 470; x_wconf 82' lang='lat' dir='ltr'>etiam</span> <span class='ocrx_word' id='word_1_43' title='bbox 1210 436 1303 472; x_wconf 85' lang='lat' dir='ltr'>viros</span> <span class='ocrx_word' id='word_1_44' title='bbox 1335 438 1380 472; x_wconf 90' lang='lat' dir='ltr'>ad</span> <span class='ocrx_word' id='word_1_45' title='bbox 1399 438 1580 474; x_wconf 81' lang='lat' dir='ltr'>visendam</span> <span class='ocrx_word' id='word_1_46' title='bbox 1606 452 1681 475; x_wconf 85' lang='lat' dir='ltr'>rem</span> <span class='ocrx_word' id='word_1_47' title='bbox 1699 452 1825 475; x_wconf 86' lang='lat' dir='ltr'>novam</span> <span class='ocrx_word' id='word_1_48' title='bbox 1844 442 1886 477; x_wconf 90' lang='lat' dir='ltr'>de</span> <span class='ocrx_word' id='word_1_49' title='bbox 1904 442 2011 478; x_wconf 90' lang='lat' dir='ltr'>initiis</span> 
     </span>
     <span class='ocr_line' id='line_1_21' title="bbox 388 494 2011 552; baseline 0.007 -24"><span class='ocrx_word' id='word_1_50' title='bbox 388 494 535 540; x_wconf 87' lang='lat' dir='ltr'>Collegii</span> <span class='ocrx_word' id='word_1_51' title='bbox 554 495 855 541; x_wconf 86' lang='lat' dir='ltr'>Brunsbergensis</span> <span class='ocrx_word' id='word_1_52' title='bbox 888 508 1046 531; x_wconf 85' lang='lat' dir='ltr'>rumores</span> <span class='ocrx_word' id='word_1_53' title='bbox 1070 497 1239 544; x_wconf 80' lang='lat' dir='ltr'>dissipati.</span> <span class='ocrx_word' id='word_1_54' title='bbox 1272 500 1409 535; x_wconf 66' lang='lat' dir='ltr'>Praeter</span> <span class='ocrx_word' id='word_1_55' title='bbox 1440 501 1541 542; x_wconf 89' lang='lat' dir='ltr'>alios,</span> <span class='ocrx_word' id='word_1_56' title='bbox 1576 503 1627 537; x_wconf 90' lang='lat' dir='ltr'>rei</span> <span class='ocrx_word' id='word_1_57' title='bbox 1647 505 1899 549; x_wconf 75' lang='lat' dir='ltr'>cognoscendae</span> <span class='ocrx_word' id='word_1_58' title='bbox 1918 505 2011 552; x_wconf 89' lang='lat' dir='ltr'>cupi-</span> 
     </span>
     <span class='ocr_line' id='line_1_22' title="bbox 386 558 2009 613; baseline 0.007 -22"><span class='ocrx_word' id='word_1_59' title='bbox 386 558 461 599; x_wconf 89' lang='lat' dir='ltr'>dos,</span> <span class='ocrx_word' id='word_1_60' title='bbox 483 558 594 593; x_wconf 87' lang='lat' dir='ltr'>adfuit</span> <span class='ocrx_word' id='word_1_61' title='bbox 621 559 815 594; x_wconf 83' lang='lat' dir='ltr'>Stanislaus</span> <span class='ocrx_word' id='word_1_62' title='bbox 842 560 1124 601; x_wconf 83' lang='lat' dir='ltr'>Varszevickius,</span> <span class='ocrx_word' id='word_1_63' title='bbox 1146 562 1199 595; x_wconf 89' lang='lat' dir='ltr'>vir</span> <span class='ocrx_word' id='word_1_64' title='bbox 1229 563 1389 597; x_wconf 84' lang='lat' dir='ltr'>claritate</span> <span class='ocrx_word' id='word_1_65' title='bbox 1416 564 1570 609; x_wconf 87' lang='lat' dir='ltr'>generis,</span> <span class='ocrx_word' id='word_1_66' title='bbox 1593 566 1811 606; x_wconf 77' lang='lat' dir='ltr'>sacerdotiis,</span> <span class='ocrx_word' id='word_1_67' title='bbox 1834 570 1869 601; x_wconf 91' lang='lat' dir='ltr'>et</span> <span class='ocrx_word' id='word_1_68' title='bbox 1886 567 2009 613; x_wconf 76' lang='lat' dir='ltr'>praeci-</span> 
     </span>
     <span class='ocr_line' id='line_1_23' title="bbox 384 619 2010 666; baseline 0.007 -14"><span class='ocrx_word' id='word_1_69' title='bbox 384 619 463 665; x_wconf 90' lang='lat' dir='ltr'>puis</span> <span class='ocrx_word' id='word_1_70' title='bbox 494 619 531 654; x_wconf 93' lang='lat' dir='ltr'>in</span> <span class='ocrx_word' id='word_1_71' title='bbox 575 620 690 666; x_wconf 89' lang='lat' dir='ltr'>patria</span> <span class='ocrx_word' id='word_1_72' title='bbox 725 620 847 655; x_wconf 88' lang='lat' dir='ltr'>officiis</span> <span class='ocrx_word' id='word_1_73' title='bbox 882 621 1043 666; x_wconf 79' lang='lat' dir='ltr'>insignis.</span> <span class='ocrx_word' id='word_1_74' title='bbox 1078 622 1306 664; x_wconf 86' lang='lat' dir='ltr'>Adolescens,</span> <span class='ocrx_word' id='word_1_75' title='bbox 1346 624 1383 658; x_wconf 89' lang='lat' dir='ltr'>in</span> <span class='ocrx_word' id='word_1_76' title='bbox 1415 625 1639 661; x_wconf 76' lang='lat' dir='ltr'>Germaniam</span> <span class='ocrx_word' id='word_1_77' title='bbox 1670 628 1867 663; x_wconf 84' lang='lat' dir='ltr'>litterarum</span> <span class='ocrx_word' id='word_1_78' title='bbox 1903 640 2010 664; x_wconf 90' lang='lat' dir='ltr'>causa</span> 
     </span>
     <span class='ocr_line' id='line_1_24' title="bbox 384 683 2008 731; baseline 0.006 -14"><span class='ocrx_word' id='word_1_79' title='bbox 384 683 524 724; x_wconf 88' lang='lat' dir='ltr'>missus,</span> <span class='ocrx_word' id='word_1_80' title='bbox 547 683 716 729; x_wconf 86' lang='lat' dir='ltr'>magistro</span> <span class='ocrx_word' id='word_1_81' title='bbox 736 683 900 730; x_wconf 89' lang='lat' dir='ltr'>Philippo</span> <span class='ocrx_word' id='word_1_82' title='bbox 928 684 1192 727; x_wconf 86' lang='lat' dir='ltr'>Melanchtone‚</span> <span class='ocrx_word' id='word_1_83' title='bbox 1215 687 1384 722; x_wconf 73' lang='lat' dir='ltr'>doctrinae</span> <span class='ocrx_word' id='word_1_84' title='bbox 1403 687 1534 721; x_wconf 86' lang='lat' dir='ltr'>malum</span> <span class='ocrx_word' id='word_1_85' title='bbox 1559 693 1801 731; x_wconf 77' lang='lat' dir='ltr'>contraxerat3</span> <span class='ocrx_word' id='word_1_86' title='bbox 1826 695 2008 726; x_wconf 84' lang='lat' dir='ltr'>revocatus</span> 
     </span>
     <span class='ocr_line' id='line_1_25' title="bbox 383 745 2008 799; baseline 0.006 -20"><span class='ocrx_word' id='word_1_87' title='bbox 383 745 420 780; x_wconf 87' lang='lat' dir='ltr'>in</span> <span class='ocrx_word' id='word_1_88' title='bbox 445 745 608 791; x_wconf 89' lang='lat' dir='ltr'>patriam,</span> <span class='ocrx_word' id='word_1_89' title='bbox 639 757 658 780; x_wconf 92' lang='lat' dir='ltr'>e</span> <span class='ocrx_word' id='word_1_90' title='bbox 687 745 853 780; x_wconf 86' lang='lat' dir='ltr'>seditiosa</span> <span class='ocrx_word' id='word_1_91' title='bbox 883 749 979 780; x_wconf 86' lang='lat' dir='ltr'>secta</span> <span class='ocrx_word' id='word_1_92' title='bbox 1009 747 1142 791; x_wconf 84' lang='lat' dir='ltr'>pariter</span> <span class='ocrx_word' id='word_1_93' title='bbox 1164 760 1200 783; x_wconf 90' lang='lat' dir='ltr'>se</span> <span class='ocrx_word' id='word_1_94' title='bbox 1219 748 1353 783; x_wconf 80' lang='lat' dir='ltr'>extulit.</span> <span class='ocrx_word' id='word_1_95' title='bbox 1376 749 1719 796; x_wconf 85' lang='lat' dir='ltr'>Brunsbergensium</span> <span class='ocrx_word' id='word_1_96' title='bbox 1739 752 1798 787; x_wconf 92' lang='lat' dir='ltr'>ille</span> <span class='ocrx_word' id='word_1_97' title='bbox 1831 753 2008 799; x_wconf 88' lang='lat' dir='ltr'>hospitum</span> 
     </span>
     <span class='ocr_line' id='line_1_26' title="bbox 382 807 2009 852; baseline 0.005 -10"><span class='ocrx_word' id='word_1_98' title='bbox 382 811 583 842; x_wconf 88' lang='lat' dir='ltr'>nostrorum</span> <span class='ocrx_word' id='word_1_99' title='bbox 602 818 716 842; x_wconf 90' lang='lat' dir='ltr'>mores</span> <span class='ocrx_word' id='word_1_100' title='bbox 736 810 770 841; x_wconf 91' lang='lat' dir='ltr'>et</span> <span class='ocrx_word' id='word_1_101' title='bbox 797 807 913 841; x_wconf 88' lang='lat' dir='ltr'>studia</span> <span class='ocrx_word' id='word_1_102' title='bbox 945 808 1080 842; x_wconf 86' lang='lat' dir='ltr'>curiose</span> <span class='ocrx_word' id='word_1_103' title='bbox 1111 808 1270 851; x_wconf 79' lang='lat' dir='ltr'>intuitus,</span> <span class='ocrx_word' id='word_1_104' title='bbox 1293 811 1341 845; x_wconf 87' lang='lat' dir='ltr'>sic</span> <span class='ocrx_word' id='word_1_105' title='bbox 1368 811 1558 852; x_wconf 86' lang='lat' dir='ltr'>adamavit,</span> <span class='ocrx_word' id='word_1_106' title='bbox 1580 817 1618 847; x_wconf 90' lang='lat' dir='ltr'>ut</span> <span class='ocrx_word' id='word_1_107' title='bbox 1637 824 1674 847; x_wconf 91' lang='lat' dir='ltr'>se</span> <span class='ocrx_word' id='word_1_108' title='bbox 1700 817 1812 848; x_wconf 91' lang='lat' dir='ltr'>totum</span> <span class='ocrx_word' id='word_1_109' title='bbox 1845 814 2009 850; x_wconf 86' lang='lat' dir='ltr'>Societati</span> 
     </span>
     <span class='ocr_line' id='line_1_27' title="bbox 382 870 2007 919; baseline 0.004 -14"><span class='ocrx_word' id='word_1_110' title='bbox 382 870 573 917; x_wconf 60' lang='lat' dir='ltr'>dederim).</span> <span class='ocrx_word' id='word_1_111' title='bbox 597 870 650 904; x_wconf 90' lang='lat' dir='ltr'>Ea</span> <span class='ocrx_word' id='word_1_112' title='bbox 664 882 781 905; x_wconf 88' lang='lat' dir='ltr'>rerum</span> <span class='ocrx_word' id='word_1_113' title='bbox 800 873 1001 904; x_wconf 89' lang='lat' dir='ltr'>nostrarum</span> <span class='ocrx_word' id='word_1_114' title='bbox 1016 870 1115 905; x_wconf 85' lang='lat' dir='ltr'>initia</span> <span class='ocrx_word' id='word_1_115' title='bbox 1132 872 1276 907; x_wconf 85' lang='lat' dir='ltr'>nimium</span> <span class='ocrx_word' id='word_1_116' title='bbox 1296 876 1465 919; x_wconf 85' lang='lat' dir='ltr'>quantum</span> <span class='ocrx_word' id='word_1_117' title='bbox 1482 873 1747 909; x_wconf 84' lang='lat' dir='ltr'>inflammabant</span> <span class='ocrx_word' id='word_1_118' title='bbox 1762 875 2007 911; x_wconf 65' lang='lat' dir='ltr'>haereticorum</span> 
     </span>
     <span class='ocr_line' id='line_1_28' title="bbox 380 932 2003 983; baseline 0.005 -16"><span class='ocrx_word' id='word_1_119' title='bbox 380 932 561 967; x_wconf 89' lang='lat' dir='ltr'>invidiam.</span> <span class='ocrx_word' id='word_1_120' title='bbox 581 932 767 967; x_wconf 89' lang='lat' dir='ltr'>Continere</span> <span class='ocrx_word' id='word_1_121' title='bbox 786 943 823 966; x_wconf 91' lang='lat' dir='ltr'>se</span> <span class='ocrx_word' id='word_1_122' title='bbox 841 943 912 966; x_wconf 88' lang='lat' dir='ltr'>non</span> <span class='ocrx_word' id='word_1_123' title='bbox 930 936 1106 978; x_wconf 80' lang='lat' dir='ltr'>poterant,</span> <span class='ocrx_word' id='word_1_124' title='bbox 1125 936 1220 981; x_wconf 84' lang='lat' dir='ltr'>quin,</span> <span class='ocrx_word' id='word_1_125' title='bbox 1242 936 1359 971; x_wconf 89' lang='lat' dir='ltr'>multis</span> <span class='ocrx_word' id='word_1_126' title='bbox 1377 937 1495 983; x_wconf 87' lang='lat' dir='ltr'>palam</span> <span class='ocrx_word' id='word_1_127' title='bbox 1510 938 1654 973; x_wconf 87' lang='lat' dir='ltr'>tentatis</span> <span class='ocrx_word' id='word_1_128' title='bbox 1670 938 1801 974; x_wconf 86' lang='lat' dir='ltr'>frustra</span> <span class='ocrx_word' id='word_1_129' title='bbox 1820 940 2003 982; x_wconf 90' lang='lat' dir='ltr'>machinis,</span> 
     </span>
     <span class='ocr_line' id='line_1_29' title="bbox 381 995 2006 1047; baseline 0.004 -17"><span class='ocrx_word' id='word_1_130' title='bbox 381 1007 424 1031; x_wconf 82' lang='lat' dir='ltr'>ex</span> <span class='ocrx_word' id='word_1_131' title='bbox 442 995 577 1031; x_wconf 85' lang='lat' dir='ltr'>insidiis</span> <span class='ocrx_word' id='word_1_132' title='bbox 596 996 737 1030; x_wconf 83' lang='lat' dir='ltr'>taudem</span> <span class='ocrx_word' id='word_1_133' title='bbox 755 1007 864 1030; x_wconf 80' lang='lat' dir='ltr'>novos</span> <span class='ocrx_word' id='word_1_134' title='bbox 892 995 1133 1042; x_wconf 78' lang='lat' dir='ltr'>Brunsbergae</span> <span class='ocrx_word' id='word_1_135' title='bbox 1152 997 1285 1033; x_wconf 88' lang='lat' dir='ltr'>incolas</span> <span class='ocrx_word' id='word_1_136' title='bbox 1316 1004 1574 1045; x_wconf 77' lang='lat' dir='ltr'>oppugnarent.</span> <span class='ocrx_word' id='word_1_137' title='bbox 1606 1001 1891 1047; x_wconf 88' lang='lat' dir='ltr'>Depeculandam</span> <span class='ocrx_word' id='word_1_138' title='bbox 1912 1014 2006 1038; x_wconf 90' lang='lat' dir='ltr'>cum-</span> 
     </span>
     <span class='ocr_line' id='line_1_30' title="bbox 379 1057 2003 1108; baseline 0.004 -16"><span class='ocrx_word' id='word_1_139' title='bbox 379 1057 499 1104; x_wconf 85' lang='lat' dir='ltr'>primis</span> <span class='ocrx_word' id='word_1_140' title='bbox 519 1058 708 1093; x_wconf 81' lang='lat' dir='ltr'>censebant</span> <span class='ocrx_word' id='word_1_141' title='bbox 725 1057 853 1092; x_wconf 85' lang='lat' dir='ltr'>famam</span> <span class='ocrx_word' id='word_1_142' title='bbox 880 1057 1071 1104; x_wconf 89' lang='lat' dir='ltr'>hospitum.</span> <span class='ocrx_word' id='word_1_143' title='bbox 1104 1059 1200 1094; x_wconf 91' lang='lat' dir='ltr'>Inter</span> <span class='ocrx_word' id='word_1_144' title='bbox 1230 1060 1372 1096; x_wconf 79' lang='lat' dir='ltr'>fraudes</span> <span class='ocrx_word' id='word_1_145' title='bbox 1403 1063 1534 1108; x_wconf 89' lang='lat' dir='ltr'>primas</span> <span class='ocrx_word' id='word_1_146' title='bbox 1552 1064 1644 1098; x_wconf 86' lang='lat' dir='ltr'>istuc</span> <span class='ocrx_word' id='word_1_147' title='bbox 1677 1064 1738 1098; x_wconf 88' lang='lat' dir='ltr'>fuit</span> <span class='ocrx_word' id='word_1_148' title='bbox 1758 1068 2003 1106; x_wconf 87' lang='lat' dir='ltr'>commentum,</span> 
     </span>
     <span class='ocr_line' id='line_1_31' title="bbox 380 1119 2005 1172; baseline 0.005 -18"><span class='ocrx_word' id='word_1_149' title='bbox 380 1131 462 1155; x_wconf 82' lang='lat' dir='ltr'>sane</span> <span class='ocrx_word' id='word_1_150' title='bbox 477 1120 667 1165; x_wconf 87' lang='lat' dir='ltr'>illepidum.</span> <span class='ocrx_word' id='word_1_151' title='bbox 690 1119 924 1154; x_wconf 86' lang='lat' dir='ltr'>Facinorosos</span> <span class='ocrx_word' id='word_1_152' title='bbox 942 1132 960 1155; x_wconf 93' lang='lat' dir='ltr'>e</span> <span class='ocrx_word' id='word_1_153' title='bbox 980 1132 1090 1166; x_wconf 82' lang='lat' dir='ltr'>grege</span> <span class='ocrx_word' id='word_1_154' title='bbox 1110 1132 1185 1161; x_wconf 86' lang='lat' dir='ltr'>suo,</span> <span class='ocrx_word' id='word_1_155' title='bbox 1207 1121 1330 1158; x_wconf 90' lang='lat' dir='ltr'>habitu</span> <span class='ocrx_word' id='word_1_156' title='bbox 1350 1124 1534 1160; x_wconf 86' lang='lat' dir='ltr'>Societatis</span> <span class='ocrx_word' id='word_1_157' title='bbox 1561 1128 1684 1167; x_wconf 87' lang='lat' dir='ltr'>tectos,</span> <span class='ocrx_word' id='word_1_158' title='bbox 1703 1126 1893 1172; x_wconf 88' lang='lat' dir='ltr'>doctosque</span> <span class='ocrx_word' id='word_1_159' title='bbox 1912 1139 2005 1162; x_wconf 90' lang='lat' dir='ltr'>men-</span> 
     </span>
     <span class='ocr_line' id='line_1_32' title="bbox 378 1182 2004 1229; baseline 0.004 -12"><span class='ocrx_word' id='word_1_160' title='bbox 378 1182 449 1223; x_wconf 90' lang='lat' dir='ltr'>tiri,</span> <span class='ocrx_word' id='word_1_161' title='bbox 469 1182 684 1223; x_wconf 89' lang='lat' dir='ltr'>subornant;</span> <span class='ocrx_word' id='word_1_162' title='bbox 707 1186 811 1228; x_wconf 87' lang='lat' dir='ltr'>atque</span> <span class='ocrx_word' id='word_1_163' title='bbox 841 1182 905 1217; x_wconf 90' lang='lat' dir='ltr'>hos</span> <span class='ocrx_word' id='word_1_164' title='bbox 924 1183 1065 1228; x_wconf 88' lang='lat' dir='ltr'>quidem</span> <span class='ocrx_word' id='word_1_165' title='bbox 1093 1182 1130 1216; x_wconf 91' lang='lat' dir='ltr'>in</span> <span class='ocrx_word' id='word_1_166' title='bbox 1149 1194 1282 1229; x_wconf 82' lang='lat' dir='ltr'>ganeas</span> <span class='ocrx_word' id='word_1_167' title='bbox 1301 1188 1335 1220; x_wconf 90' lang='lat' dir='ltr'>et</span> <span class='ocrx_word' id='word_1_168' title='bbox 1353 1185 1479 1227; x_wconf 87' lang='lat' dir='ltr'>lustra,</span> <span class='ocrx_word' id='word_1_169' title='bbox 1502 1187 1523 1221; x_wconf 86' lang='lat' dir='ltr'>J</span> <span class='ocrx_word' id='word_1_170' title='bbox 1528 1188 1658 1223; x_wconf 88' lang='lat' dir='ltr'>esuitas</span> <span class='ocrx_word' id='word_1_171' title='bbox 1677 1192 1795 1224; x_wconf 91' lang='lat' dir='ltr'>autem</span> <span class='ocrx_word' id='word_1_172' title='bbox 1814 1189 1849 1223; x_wconf 92' lang='lat' dir='ltr'>in</span> <span class='ocrx_word' id='word_1_173' title='bbox 1866 1189 2004 1224; x_wconf 87' lang='lat' dir='ltr'>fabulas</span> 
     </span>
     <span class='ocr_line' id='line_1_33' title="bbox 379 1246 2002 1292; baseline 0.003 -12"><span class='ocrx_word' id='word_1_174' title='bbox 379 1246 521 1281; x_wconf 84' lang='lat' dir='ltr'>mittunt</span> <span class='ocrx_word' id='word_1_175' title='bbox 535 1250 568 1281; x_wconf 93' lang='lat' dir='ltr'>et</span> <span class='ocrx_word' id='word_1_176' title='bbox 583 1246 837 1280; x_wconf 81' lang='lat' dir='ltr'>sermunculos.</span> <span class='ocrx_word' id='word_1_177' title='bbox 849 1246 957 1292; x_wconf 81' lang='lat' dir='ltr'>Atqui</span> <span class='ocrx_word' id='word_1_178' title='bbox 973 1246 1118 1281; x_wconf 75' lang='lat' dir='ltr'>eminuit</span> <span class='ocrx_word' id='word_1_179' title='bbox 1137 1259 1155 1282; x_wconf 92' lang='lat' dir='ltr'>e</span> <span class='ocrx_word' id='word_1_180' title='bbox 1170 1247 1268 1283; x_wconf 87' lang='lat' dir='ltr'>vultu</span> <span class='ocrx_word' id='word_1_181' title='bbox 1282 1248 1384 1283; x_wconf 85' lang='lat' dir='ltr'>facile</span> <span class='ocrx_word' id='word_1_182' title='bbox 1399 1253 1435 1284; x_wconf 90' lang='lat' dir='ltr'>et</span> <span class='ocrx_word' id='word_1_183' title='bbox 1449 1249 1604 1284; x_wconf 88' lang='lat' dir='ltr'>moribus</span> <span class='ocrx_word' id='word_1_184' title='bbox 1618 1249 1828 1284; x_wconf 79' lang='lat' dir='ltr'>histrionum</span> <span class='ocrx_word' id='word_1_185' title='bbox 1843 1250 1980 1285; x_wconf 85' lang='lat' dir='ltr'>fallacia</span> <span class='ocrx_word' id='word_1_186' title='bbox 1995 1264 2002 1292; x_wconf 90' lang='lat'>;</span> 
     </span>
     <span class='ocr_line' id='line_1_34' title="bbox 376 1308 1998 1357; baseline 0.003 -14"><span class='ocrx_word' id='word_1_187' title='bbox 376 1308 542 1355; x_wconf 87' lang='lat' dir='ltr'>larvaque</span> <span class='ocrx_word' id='word_1_188' title='bbox 557 1309 726 1348; x_wconf 82' lang='lat' dir='ltr'>detracta,</span> <span class='ocrx_word' id='word_1_189' title='bbox 742 1308 854 1354; x_wconf 83' lang='lat' dir='ltr'>patuit</span> <span class='ocrx_word' id='word_1_190' title='bbox 872 1320 931 1343; x_wconf 92' lang='lat' dir='ltr'>eos</span> <span class='ocrx_word' id='word_1_191' title='bbox 942 1309 1049 1343; x_wconf 88' lang='lat' dir='ltr'>fuisse</span> <span class='ocrx_word' id='word_1_192' title='bbox 1067 1309 1174 1355; x_wconf 87' lang='lat' dir='ltr'>ipsos,</span> <span class='ocrx_word' id='word_1_193' title='bbox 1194 1310 1251 1356; x_wconf 89' lang='lat' dir='ltr'>qui</span> <span class='ocrx_word' id='word_1_194' title='bbox 1266 1310 1302 1345; x_wconf 90' lang='lat' dir='ltr'>in</span> <span class='ocrx_word' id='word_1_195' title='bbox 1313 1311 1543 1357; x_wconf 81' lang='lat' dir='ltr'>religionibus</span> <span class='ocrx_word' id='word_1_196' title='bbox 1562 1312 1669 1346; x_wconf 88' lang='lat' dir='ltr'>etiam</span> <span class='ocrx_word' id='word_1_197' title='bbox 1683 1317 1884 1357; x_wconf 84' lang='lat' dir='ltr'>quaererent</span> <span class='ocrx_word' id='word_1_198' title='bbox 1899 1313 1998 1348; x_wconf 91' lang='lat' dir='ltr'>adul-</span> 
     </span>
     <span class='ocr_line' id='line_1_35' title="bbox 375 1370 2005 1419; baseline 0.003 -14"><span class='ocrx_word' id='word_1_199' title='bbox 375 1371 474 1406; x_wconf 82' lang='lat' dir='ltr'>teria.</span> <span class='ocrx_word' id='word_1_200' title='bbox 486 1371 573 1406; x_wconf 79' lang='lat' dir='ltr'>Haec</span> <span class='ocrx_word' id='word_1_201' title='bbox 586 1370 622 1405; x_wconf 88' lang='lat' dir='ltr'>in</span> <span class='ocrx_word' id='word_1_202' title='bbox 636 1371 775 1406; x_wconf 88' lang='lat' dir='ltr'>civitate</span> <span class='ocrx_word' id='word_1_203' title='bbox 795 1371 933 1417; x_wconf 88' lang='lat' dir='ltr'>quidem</span> <span class='ocrx_word' id='word_1_204' title='bbox 948 1374 982 1405; x_wconf 92' lang='lat' dir='ltr'>et</span> <span class='ocrx_word' id='word_1_205' title='bbox 995 1371 1072 1406; x_wconf 93' lang='lat' dir='ltr'>luce</span> <span class='ocrx_word' id='word_1_206' title='bbox 1091 1372 1243 1418; x_wconf 88' lang='lat' dir='ltr'>publica.</span> <span class='ocrx_word' id='word_1_207' title='bbox 1255 1373 1275 1407; x_wconf 86' lang='lat' dir='ltr'>J</span> <span class='ocrx_word' id='word_1_208' title='bbox 1279 1384 1335 1407; x_wconf 92' lang='lat' dir='ltr'>am</span> <span class='ocrx_word' id='word_1_209' title='bbox 1344 1374 1425 1419; x_wconf 87' lang='lat' dir='ltr'>quid</span> <span class='ocrx_word' id='word_1_210' title='bbox 1441 1373 1477 1408; x_wconf 86' lang='lat' dir='ltr'>in</span> <span class='ocrx_word' id='word_1_211' title='bbox 1489 1374 1591 1419; x_wconf 89' lang='lat' dir='ltr'>pagis</span> <span class='ocrx_word' id='word_1_212' title='bbox 1610 1380 1645 1409; x_wconf 90' lang='lat' dir='ltr'>et</span> <span class='ocrx_word' id='word_1_213' title='bbox 1663 1374 1799 1409; x_wconf 87' lang='lat' dir='ltr'>circulis</span> <span class='ocrx_word' id='word_1_214' title='bbox 1814 1374 1906 1410; x_wconf 88' lang='lat' dir='ltr'>inter</span> <span class='ocrx_word' id='word_1_215' title='bbox 1925 1387 2005 1410; x_wconf 84' lang='lat' dir='ltr'>suas</span> 
     </span>
     <span class='ocr_line' id='line_1_36' title="bbox 375 1433 2002 1484; baseline 0.003 -16"><span class='ocrx_word' id='word_1_216' title='bbox 375 1445 497 1475; x_wconf 88' lang='lat' dir='ltr'>nurus,</span> <span class='ocrx_word' id='word_1_217' title='bbox 518 1434 668 1469; x_wconf 79' lang='lat' dir='ltr'>maxime</span> <span class='ocrx_word' id='word_1_218' title='bbox 686 1434 931 1469; x_wconf 58' lang='lat' dir='ltr'>haereticorum</span> <span class='ocrx_word' id='word_1_219' title='bbox 946 1433 1116 1469; x_wconf 70' lang='lat' dir='ltr'>ministri.Z</span> <span class='ocrx_word' id='word_1_220' title='bbox 1133 1435 1346 1476; x_wconf 87' lang='lat' dir='ltr'>Precandos,</span> <span class='ocrx_word' id='word_1_221' title='bbox 1368 1435 1580 1477; x_wconf 89' lang='lat' dir='ltr'>clamabant,</span> <span class='ocrx_word' id='word_1_222' title='bbox 1599 1436 1682 1471; x_wconf 91' lang='lat' dir='ltr'>deos</span> <span class='ocrx_word' id='word_1_223' title='bbox 1697 1448 1816 1472; x_wconf 90' lang='lat' dir='ltr'>omnes</span> <span class='ocrx_word' id='word_1_224' title='bbox 1836 1437 2002 1484; x_wconf 89' lang='lat' dir='ltr'>deasque,</span> 
     </span>
     <span class='ocr_line' id='line_1_37' title="bbox 376 1497 2006 1544; baseline 0.001 -11"><span class='ocrx_word' id='word_1_225' title='bbox 376 1501 413 1533; x_wconf 90' lang='lat' dir='ltr'>ut</span> <span class='ocrx_word' id='word_1_226' title='bbox 431 1499 599 1533; x_wconf 85' lang='lat' dir='ltr'>adversus</span> <span class='ocrx_word' id='word_1_227' title='bbox 609 1498 821 1544; x_wconf 87' lang='lat' dir='ltr'>episcopum,</span> <span class='ocrx_word' id='word_1_228' title='bbox 849 1498 987 1533; x_wconf 88' lang='lat' dir='ltr'>hostem</span> <span class='ocrx_word' id='word_1_229' title='bbox 1001 1497 1184 1543; x_wconf 79' lang='lat' dir='ltr'>religionis</span> <span class='ocrx_word' id='word_1_230' title='bbox 1199 1498 1396 1533; x_wconf 74' lang='lat' dir='ltr'>reformatae</span> <span class='ocrx_word' id='word_1_231' title='bbox 1413 1502 1448 1533; x_wconf 88' lang='lat' dir='ltr'>et</span> <span class='ocrx_word' id='word_1_232' title='bbox 1462 1510 1674 1540; x_wconf 85' lang='lat' dir='ltr'>eversorem,</span> <span class='ocrx_word' id='word_1_233' title='bbox 1688 1503 1722 1534; x_wconf 85' lang='lat' dir='ltr'>et</span> <span class='ocrx_word' id='word_1_234' title='bbox 1737 1499 1906 1535; x_wconf 87' lang='lat' dir='ltr'>adversus</span> <span class='ocrx_word' id='word_1_235' title='bbox 1920 1500 2006 1535; x_wconf 91' lang='lat' dir='ltr'>istos</span> 
     </span>
     <span class='ocr_line' id='line_1_38' title="bbox 375 1560 2002 1607; baseline 0.002 -12"><span class='ocrx_word' id='word_1_236' title='bbox 375 1561 541 1601; x_wconf 84' lang='lat' dir='ltr'>advenas,</span> <span class='ocrx_word' id='word_1_237' title='bbox 562 1561 684 1607; x_wconf 89' lang='lat' dir='ltr'>nigros</span> <span class='ocrx_word' id='word_1_238' title='bbox 702 1560 875 1600; x_wconf 85' lang='lat' dir='ltr'>homines,</span> <span class='ocrx_word' id='word_1_239' title='bbox 894 1560 937 1595; x_wconf 89' lang='lat' dir='ltr'>ab</span> <span class='ocrx_word' id='word_1_240' title='bbox 957 1561 1047 1596; x_wconf 83' lang='lat' dir='ltr'>Orco</span> <span class='ocrx_word' id='word_1_241' title='bbox 1063 1560 1239 1601; x_wconf 88' lang='lat' dir='ltr'>dimissos,</span> <span class='ocrx_word' id='word_1_242' title='bbox 1262 1560 1394 1595; x_wconf 83' lang='lat' dir='ltr'>civitati</span> <span class='ocrx_word' id='word_1_243' title='bbox 1423 1572 1496 1595; x_wconf 79' lang='lat' dir='ltr'>suae</span> <span class='ocrx_word' id='word_1_244' title='bbox 1525 1566 1782 1597; x_wconf 83' lang='lat' dir='ltr'>succurrerent.</span> <span class='ocrx_word' id='word_1_245' title='bbox 1807 1563 2002 1604; x_wconf 85' lang='lat' dir='ltr'>Postremo,</span> 
     </span>
     <span class='ocr_line' id='line_1_39' title="bbox 378 1622 2006 1671; baseline 0.001 -14"><span class='ocrx_word' id='word_1_246' title='bbox 378 1623 632 1658; x_wconf 89' lang='lat' dir='ltr'>dormientibus</span> <span class='ocrx_word' id='word_1_247' title='bbox 651 1623 696 1658; x_wconf 88' lang='lat' dir='ltr'>ad</span> <span class='ocrx_word' id='word_1_248' title='bbox 716 1635 797 1658; x_wconf 91' lang='lat' dir='ltr'>suos</span> <span class='ocrx_word' id='word_1_249' title='bbox 811 1623 983 1658; x_wconf 84' lang='lat' dir='ltr'>clamores</span> <span class='ocrx_word' id='word_1_250' title='bbox 1004 1623 1083 1664; x_wconf 90' lang='lat' dir='ltr'>diis,</span> <span class='ocrx_word' id='word_1_251' title='bbox 1106 1634 1149 1658; x_wconf 82' lang='lat' dir='ltr'>ex</span> <span class='ocrx_word' id='word_1_252' title='bbox 1166 1622 1310 1658; x_wconf 90' lang='lat' dir='ltr'>consilio</span> <span class='ocrx_word' id='word_1_253' title='bbox 1329 1626 1500 1664; x_wconf 87' lang='lat' dir='ltr'>statuunt,</span> <span class='ocrx_word' id='word_1_254' title='bbox 1523 1623 1693 1670; x_wconf 86' lang='lat' dir='ltr'>siquidem</span> <span class='ocrx_word' id='word_1_255' title='bbox 1712 1628 1807 1659; x_wconf 87' lang='lat' dir='ltr'>artes</span> <span class='ocrx_word' id='word_1_256' title='bbox 1826 1624 1914 1659; x_wconf 87' lang='lat' dir='ltr'>nihil</span> <span class='ocrx_word' id='word_1_257' title='bbox 1927 1636 2006 1671; x_wconf 85' lang='lat' dir='ltr'>pro-</span> 
     </span>
     <span class='ocr_line' id='line_1_40' title="bbox 377 1684 2004 1732; baseline 0.001 -12"><span class='ocrx_word' id='word_1_258' title='bbox 377 1685 534 1725; x_wconf 88' lang='lat' dir='ltr'>ficerent,</span> <span class='ocrx_word' id='word_1_259' title='bbox 550 1685 701 1732; x_wconf 88' lang='lat' dir='ltr'>injuriis,</span> <span class='ocrx_word' id='word_1_260' title='bbox 719 1685 870 1720; x_wconf 80' lang='lat' dir='ltr'>maxime</span> <span class='ocrx_word' id='word_1_261' title='bbox 886 1685 990 1726; x_wconf 83' lang='lat' dir='ltr'>fame,</span> <span class='ocrx_word' id='word_1_262' title='bbox 1006 1685 1161 1720; x_wconf 79' lang='lat' dir='ltr'>advenas</span> <span class='ocrx_word' id='word_1_263' title='bbox 1180 1684 1235 1719; x_wconf 81' lang='lat' dir='ltr'>vel</span> <span class='ocrx_word' id='word_1_264' title='bbox 1251 1685 1447 1720; x_wconf 88' lang='lat' dir='ltr'>enecandos</span> <span class='ocrx_word' id='word_1_265' title='bbox 1459 1685 1515 1720; x_wconf 75' lang='lat' dir='ltr'>vel</span> <span class='ocrx_word' id='word_1_266' title='bbox 1530 1685 1671 1720; x_wconf 86' lang='lat' dir='ltr'>ciendos</span> <span class='ocrx_word' id='word_1_267' title='bbox 1686 1697 1729 1720; x_wconf 82' lang='lat' dir='ltr'>ex</span> <span class='ocrx_word' id='word_1_268' title='bbox 1748 1686 1889 1732; x_wconf 91' lang='lat' dir='ltr'>oppido.</span> <span class='ocrx_word' id='word_1_269' title='bbox 1908 1686 2004 1732; x_wconf 86' lang='lat' dir='ltr'>Ergo</span> 
     </span>
     <span class='ocr_line' id='line_1_41' title="bbox 378 1747 2001 1794; baseline 0.001 -12"><span class='ocrx_word' id='word_1_270' title='bbox 378 1751 610 1782; x_wconf 89' lang='lat' dir='ltr'>commeatum</span> <span class='ocrx_word' id='word_1_271' title='bbox 623 1758 772 1789; x_wconf 91' lang='lat' dir='ltr'>omnem,</span> <span class='ocrx_word' id='word_1_272' title='bbox 788 1748 844 1793; x_wconf 90' lang='lat' dir='ltr'>qui</span> <span class='ocrx_word' id='word_1_273' title='bbox 867 1747 1022 1793; x_wconf 88' lang='lat' dir='ltr'>Collegio</span> <span class='ocrx_word' id='word_1_274' title='bbox 1048 1747 1175 1793; x_wconf 87' lang='lat' dir='ltr'>quique</span> <span class='ocrx_word' id='word_1_275' title='bbox 1195 1747 1413 1782; x_wconf 83' lang='lat' dir='ltr'>scholasticis</span> <span class='ocrx_word' id='word_1_276' title='bbox 1440 1751 1729 1794; x_wconf 78' lang='lat' dir='ltr'>comportai‘etur‚</span> <span class='ocrx_word' id='word_1_277' title='bbox 1750 1747 2001 1783; x_wconf 86' lang='lat' dir='ltr'>intercludunt.</span> 
     </span>
     <span class='ocr_line' id='line_1_42' title="bbox 377 1808 2005 1858; baseline -0.002 -12"><span class='ocrx_word' id='word_1_278' title='bbox 377 1812 424 1846; x_wconf 84' lang='lat' dir='ltr'>At</span> <span class='ocrx_word' id='word_1_279' title='bbox 442 1823 487 1846; x_wconf 90' lang='lat' dir='ltr'>ne</span> <span class='ocrx_word' id='word_1_280' title='bbox 505 1812 539 1846; x_wconf 90' lang='lat' dir='ltr'>id</span> <span class='ocrx_word' id='word_1_281' title='bbox 569 1811 708 1858; x_wconf 87' lang='lat' dir='ltr'>quidem</span> <span class='ocrx_word' id='word_1_282' title='bbox 738 1811 873 1846; x_wconf 90' lang='lat' dir='ltr'>consilii</span> <span class='ocrx_word' id='word_1_283' title='bbox 904 1811 1115 1857; x_wconf 86' lang='lat' dir='ltr'>procedebat</span> <span class='ocrx_word' id='word_1_284' title='bbox 1150 1810 1328 1845; x_wconf 79' lang='lat' dir='ltr'>malevolis</span> <span class='ocrx_word' id='word_1_285' title='bbox 1345 1822 1352 1850; x_wconf 86' lang='lat'>;</span> <span class='ocrx_word' id='word_1_286' title='bbox 1379 1808 1529 1844; x_wconf 88' lang='lat' dir='ltr'>civitatis</span> <span class='ocrx_word' id='word_1_287' title='bbox 1564 1808 1721 1854; x_wconf 87' lang='lat' dir='ltr'>principe</span> <span class='ocrx_word' id='word_1_288' title='bbox 1756 1808 1942 1844; x_wconf 88' lang='lat' dir='ltr'>Cardinale</span> <span class='ocrx_word' id='word_1_289' title='bbox 1960 1809 2005 1843; x_wconf 90' lang='lat' dir='ltr'>ad</span> 
     </span>
     <span class='ocr_line' id='line_1_43' title="bbox 380 1869 2004 1919; baseline -0.002 -11"><span class='ocrx_word' id='word_1_290' title='bbox 380 1885 500 1908; x_wconf 90' lang='lat' dir='ltr'>omnes</span> <span class='ocrx_word' id='word_1_291' title='bbox 514 1873 743 1908; x_wconf 87' lang='lat' dir='ltr'>factiosorum</span> <span class='ocrx_word' id='word_1_292' title='bbox 764 1877 878 1908; x_wconf 89' lang='lat' dir='ltr'>motus</span> <span class='ocrx_word' id='word_1_293' title='bbox 898 1873 1077 1919; x_wconf 83' lang='lat' dir='ltr'>vigilante.</span> <span class='ocrx_word' id='word_1_294' title='bbox 1101 1873 1240 1907; x_wconf 89' lang='lat' dir='ltr'>Virtute</span> <span class='ocrx_word' id='word_1_295' title='bbox 1267 1871 1366 1906; x_wconf 90' lang='lat' dir='ltr'>Hosii</span> <span class='ocrx_word' id='word_1_296' title='bbox 1386 1875 1421 1906; x_wconf 90' lang='lat' dir='ltr'>et</span> <span class='ocrx_word' id='word_1_297' title='bbox 1446 1870 1609 1905; x_wconf 89' lang='lat' dir='ltr'>laudibus</span> <span class='ocrx_word' id='word_1_298' title='bbox 1641 1870 1811 1905; x_wconf 80' lang='lat' dir='ltr'>excitatus</span> <span class='ocrx_word' id='word_1_299' title='bbox 1842 1869 2004 1906; x_wconf 82' lang='lat' dir='ltr'>Andreas</span> 
     </span>
     <span class='ocr_line' id='line_1_44' title="bbox 381 1932 2006 1982; baseline -0.001 -12"><span class='ocrx_word' id='word_1_300' title='bbox 381 1936 595 1977; x_wconf 85' lang='lat' dir='ltr'>Noskovius,</span> <span class='ocrx_word' id='word_1_301' title='bbox 622 1935 844 1971; x_wconf 87' lang='lat' dir='ltr'>Plocensium</span> <span class='ocrx_word' id='word_1_302' title='bbox 862 1936 1055 1982; x_wconf 75' lang='lat' dir='ltr'>episcopus,</span> <span class='ocrx_word' id='word_1_303' title='bbox 1072 1935 1262 1969; x_wconf 80' lang='lat' dir='ltr'>invitandis</span> <span class='ocrx_word' id='word_1_304' title='bbox 1276 1946 1318 1969; x_wconf 80' lang='lat' dir='ltr'>ex</span> <span class='ocrx_word' id='word_1_305' title='bbox 1336 1933 1459 1968; x_wconf 88' lang='lat' dir='ltr'>eadem</span> <span class='ocrx_word' id='word_1_306' title='bbox 1478 1932 1651 1967; x_wconf 86' lang='lat' dir='ltr'>Societate</span> <span class='ocrx_word' id='word_1_307' title='bbox 1670 1932 1867 1967; x_wconf 89' lang='lat' dir='ltr'>hominibus</span> <span class='ocrx_word' id='word_1_308' title='bbox 1882 1944 2006 1968; x_wconf 88' lang='lat' dir='ltr'>curare</span> 
     </span>
     <span class='ocr_line' id='line_1_45' title="bbox 382 1995 2007 2046; baseline -0.002 -11"><span class='ocrx_word' id='word_1_309' title='bbox 382 2004 417 2036; x_wconf 91' lang='lat' dir='ltr'>et</span> <span class='ocrx_word' id='word_1_310' title='bbox 435 2000 510 2046; x_wconf 88' lang='lat' dir='ltr'>ipse</span> <span class='ocrx_word' id='word_1_311' title='bbox 531 1999 744 2035; x_wconf 86' lang='lat' dir='ltr'>domicilium</span> <span class='ocrx_word' id='word_1_312' title='bbox 764 1999 949 2034; x_wconf 63' lang='lat' dir='ltr'>Pultoviae.</span> <span class='ocrx_word' id='word_1_313' title='bbox 973 1998 1152 2033; x_wconf 84' lang='lat' dir='ltr'>Cardinali</span> <span class='ocrx_word' id='word_1_314' title='bbox 1172 1997 1310 2044; x_wconf 88' lang='lat' dir='ltr'>quidem</span> <span class='ocrx_word' id='word_1_315' title='bbox 1339 1996 1611 2035; x_wconf 88' lang='lat' dir='ltr'>Commendono,</span> <span class='ocrx_word' id='word_1_316' title='bbox 1643 1996 1718 2042; x_wconf 75' lang='lat' dir='ltr'>ejus</span> <span class='ocrx_word' id='word_1_317' title='bbox 1745 1995 1881 2031; x_wconf 89' lang='lat' dir='ltr'>consilii</span> <span class='ocrx_word' id='word_1_318' title='bbox 1909 1997 2007 2043; x_wconf 83' lang='lat' dir='ltr'>adju-</span> 
     </span>
     <span class='ocr_line' id='line_1_46' title="bbox 380 2057 2005 2107; baseline -0.002 -11"><span class='ocrx_word' id='word_1_319' title='bbox 380 2062 461 2101; x_wconf 87' lang='lat' dir='ltr'>tori,</span> <span class='ocrx_word' id='word_1_320' title='bbox 483 2062 583 2096; x_wconf 87' lang='lat' dir='ltr'>sedes</span> <span class='ocrx_word' id='word_1_321' title='bbox 601 2061 806 2107; x_wconf 86' lang='lat' dir='ltr'>colligendis</span> <span class='ocrx_word' id='word_1_322' title='bbox 833 2061 1027 2107; x_wconf 84' lang='lat' dir='ltr'>hospitibus</span> <span class='ocrx_word' id='word_1_323' title='bbox 1059 2059 1287 2106; x_wconf 84' lang='lat' dir='ltr'>opportunior</span> <span class='ocrx_word' id='word_1_324' title='bbox 1313 2058 1497 2093; x_wconf 88' lang='lat' dir='ltr'>videbatur</span> <span class='ocrx_word' id='word_1_325' title='bbox 1519 2057 1662 2098; x_wconf 78' lang='lat' dir='ltr'>Plociae,</span> <span class='ocrx_word' id='word_1_326' title='bbox 1698 2062 1772 2092; x_wconf 83' lang='lat' dir='ltr'>tum</span> <span class='ocrx_word' id='word_1_327' title='bbox 1804 2057 2005 2093; x_wconf 85' lang='lat' dir='ltr'>celebritate</span> 
     </span>
     <span class='ocr_line' id='line_1_47' title="bbox 382 2119 2004 2169; baseline -0.002 -11"><span class='ocrx_word' id='word_1_328' title='bbox 382 2124 490 2164; x_wconf 84' lang='lat' dir='ltr'>urbis,</span> <span class='ocrx_word' id='word_1_329' title='bbox 506 2128 579 2158; x_wconf 87' lang='lat' dir='ltr'>tum</span> <span class='ocrx_word' id='word_1_330' title='bbox 598 2123 676 2158; x_wconf 88' lang='lat' dir='ltr'>aliis</span> <span class='ocrx_word' id='word_1_331' title='bbox 692 2124 807 2158; x_wconf 89' lang='lat' dir='ltr'>causis</span> <span class='ocrx_word' id='word_1_332' title='bbox 825 2136 831 2158; x_wconf 88' lang='lat'><strong>:</strong></span> <span class='ocrx_word' id='word_1_333' title='bbox 851 2124 925 2164; x_wconf 92' lang='lat' dir='ltr'>sed,</span> <span class='ocrx_word' id='word_1_334' title='bbox 954 2124 1033 2169; x_wconf 78' lang='lat' dir='ltr'>quia</span> <span class='ocrx_word' id='word_1_335' title='bbox 1046 2122 1141 2157; x_wconf 75' lang='lat' dir='ltr'>aedes</span> <span class='ocrx_word' id='word_1_336' title='bbox 1156 2122 1226 2156; x_wconf 89' lang='lat' dir='ltr'>illic</span> <span class='ocrx_word' id='word_1_337' title='bbox 1240 2120 1451 2167; x_wconf 87' lang='lat' dir='ltr'>accipiendis</span> <span class='ocrx_word' id='word_1_338' title='bbox 1474 2131 1544 2154; x_wconf 92' lang='lat' dir='ltr'>non</span> <span class='ocrx_word' id='word_1_339' title='bbox 1562 2124 1666 2160; x_wconf 87' lang='lat' dir='ltr'>esset,</span> <span class='ocrx_word' id='word_1_340' title='bbox 1690 2119 1863 2155; x_wconf 78' lang='lat' dir='ltr'>Pultoviae</span> <span class='ocrx_word' id='word_1_341' title='bbox 1878 2121 2004 2155; x_wconf 85' lang='lat' dir='ltr'>consti-</span> 
     </span>
     <span class='ocr_line' id='line_1_48' title="bbox 382 2183 2001 2231; baseline -0.001 -10"><span class='ocrx_word' id='word_1_342' title='bbox 382 2189 454 2221; x_wconf 81' lang='lat' dir='ltr'>tuta</span> <span class='ocrx_word' id='word_1_343' title='bbox 480 2189 533 2220; x_wconf 87' lang='lat' dir='ltr'>est</span> <span class='ocrx_word' id='word_1_344' title='bbox 551 2185 710 2227; x_wconf 88' lang='lat' dir='ltr'>colonia;</span> <span class='ocrx_word' id='word_1_345' title='bbox 733 2186 790 2219; x_wconf 91' lang='lat' dir='ltr'>ubi</span> <span class='ocrx_word' id='word_1_346' title='bbox 810 2197 933 2231; x_wconf 88' lang='lat' dir='ltr'>nempe</span> <span class='ocrx_word' id='word_1_347' title='bbox 958 2187 1104 2221; x_wconf 80' lang='lat' dir='ltr'>vacabat</span> <span class='ocrx_word' id='word_1_348' title='bbox 1127 2186 1260 2227; x_wconf 79' lang='lat' dir='ltr'>domus,</span> <span class='ocrx_word' id='word_1_349' title='bbox 1295 2185 1338 2220; x_wconf 87' lang='lat' dir='ltr'>ab</span> <span class='ocrx_word' id='word_1_350' title='bbox 1369 2183 1519 2218; x_wconf 88' lang='lat' dir='ltr'>alumnis</span> <span class='ocrx_word' id='word_1_351' title='bbox 1536 2184 1777 2219; x_wconf 82' lang='lat' dir='ltr'>Cracoviensis</span> <span class='ocrx_word' id='word_1_352' title='bbox 1803 2183 2001 2220; x_wconf 73' lang='lat' dir='ltr'>Academiae</span> 
     </span>
     <span class='ocr_line' id='line_1_49' title="bbox 382 2245 1998 2293; baseline -0.001 -10"><span class='ocrx_word' id='word_1_353' title='bbox 382 2248 561 2283; x_wconf 88' lang='lat' dir='ltr'>derelicta.</span> <span class='ocrx_word' id='word_1_354' title='bbox 590 2247 782 2282; x_wconf 77' lang='lat' dir='ltr'>introducti</span> <span class='ocrx_word' id='word_1_355' title='bbox 803 2247 895 2282; x_wconf 86' lang='lat' dir='ltr'>Socii</span> <span class='ocrx_word' id='word_1_356' title='bbox 921 2248 1006 2293; x_wconf 87' lang='lat' dir='ltr'>ipsis</span> <span class='ocrx_word' id='word_1_357' title='bbox 1033 2248 1112 2282; x_wconf 80' lang='lat' dir='ltr'>anni</span> <span class='ocrx_word' id='word_1_358' title='bbox 1144 2249 1236 2284; x_wconf 75' lang='lat'>1566</span> <span class='ocrx_word' id='word_1_359' title='bbox 1266 2246 1427 2281; x_wconf 83' lang='lat' dir='ltr'>kalendis</span> <span class='ocrx_word' id='word_1_360' title='bbox 1450 2246 1637 2291; x_wconf 78' lang='lat' dir='ltr'>januariis.</span> <span class='ocrx_word' id='word_1_361' title='bbox 1669 2245 1809 2281; x_wconf 82' lang='lat' dir='ltr'>Primus</span> <span class='ocrx_word' id='word_1_362' title='bbox 1842 2246 1998 2292; x_wconf 87' lang='lat' dir='ltr'>Collegio</span> 
     </span>
     <span class='ocr_line' id='line_1_50' title="bbox 383 2308 2000 2357; baseline 0 -13"><span class='ocrx_word' id='word_1_363' title='bbox 383 2309 533 2357; x_wconf 56' lang='lat' dir='ltr'>praefuit,</span> <span class='ocrx_word' id='word_1_364' title='bbox 557 2320 597 2344; x_wconf 87' lang='lat' dir='ltr'>ac</span> <span class='ocrx_word' id='word_1_365' title='bbox 616 2320 720 2355; x_wconf 84' lang='lat' dir='ltr'>porro</span> <span class='ocrx_word' id='word_1_366' title='bbox 740 2321 849 2344; x_wconf 85' lang='lat' dir='ltr'>annos</span> <span class='ocrx_word' id='word_1_367' title='bbox 872 2309 944 2344; x_wconf 86' lang='lat' dir='ltr'>fere</span> <span class='ocrx_word' id='word_1_368' title='bbox 976 2310 1019 2344; x_wconf 70' lang='lat'>12</span> <span class='ocrx_word' id='word_1_369' title='bbox 1050 2309 1260 2355; x_wconf 81' lang='lat' dir='ltr'>gubernavit</span> <span class='ocrx_word' id='word_1_370' title='bbox 1279 2312 1405 2348; x_wconf 87' lang='lat' dir='ltr'>rector,</span> <span class='ocrx_word' id='word_1_371' title='bbox 1436 2308 1631 2343; x_wconf 83' lang='lat' dir='ltr'>Stanislaus</span> <span class='ocrx_word' id='word_1_372' title='bbox 1659 2309 2000 2350; x_wconf 77' lang='lat' dir='ltr'>Rodzdrazevskius,</span> 
     </span>
     <span class='ocr_line' id='line_1_51' title="bbox 381 2370 2004 2417; baseline 0.001 -12"><span class='ocrx_word' id='word_1_373' title='bbox 381 2371 507 2406; x_wconf 87' lang='lat' dir='ltr'>nobilis</span> <span class='ocrx_word' id='word_1_374' title='bbox 518 2371 686 2412; x_wconf 87' lang='lat' dir='ltr'>Polouus,</span> <span class='ocrx_word' id='word_1_375' title='bbox 705 2383 748 2406; x_wconf 82' lang='lat' dir='ltr'>ex</span> <span class='ocrx_word' id='word_1_376' title='bbox 768 2371 863 2406; x_wconf 89' lang='lat' dir='ltr'>Urbe</span> <span class='ocrx_word' id='word_1_377' title='bbox 884 2372 1022 2406; x_wconf 86' lang='lat' dir='ltr'>missus.</span> <span class='ocrx_word' id='word_1_378' title='bbox 1047 2371 1181 2406; x_wconf 88' lang='lat' dir='ltr'>Eodem</span> <span class='ocrx_word' id='word_1_379' title='bbox 1196 2370 1312 2406; x_wconf 87' lang='lat' dir='ltr'>statim</span> <span class='ocrx_word' id='word_1_380' title='bbox 1327 2381 1445 2405; x_wconf 87' lang='lat' dir='ltr'>mense</span> <span class='ocrx_word' id='word_1_381' title='bbox 1463 2371 1670 2405; x_wconf 58' lang='lat' dir='ltr'>exercendae</span> <span class='ocrx_word' id='word_1_382' title='bbox 1681 2371 1856 2417; x_wconf 81' lang='lat' dir='ltr'>juventuti</span> <span class='ocrx_word' id='word_1_383' title='bbox 1872 2376 2004 2417; x_wconf 59' lang='lat' dir='ltr'>apertae</span> 
     </span>
     <span class='ocr_line' id='line_1_52' title="bbox 380 2432 1999 2480; baseline 0 -12"><span class='ocrx_word' id='word_1_384' title='bbox 380 2438 454 2469; x_wconf 89' lang='lat' dir='ltr'>tres</span> <span class='ocrx_word' id='word_1_385' title='bbox 467 2433 596 2468; x_wconf 84' lang='lat' dir='ltr'>scholae</span> <span class='ocrx_word' id='word_1_386' title='bbox 619 2446 626 2475; x_wconf 88' lang='grc'>;</span> <span class='ocrx_word' id='word_1_387' title='bbox 647 2433 691 2468; x_wconf 89' lang='lat' dir='ltr'>ad</span> <span class='ocrx_word' id='word_1_388' title='bbox 707 2433 823 2468; x_wconf 86' lang='lat' dir='ltr'>studia</span> <span class='ocrx_word' id='word_1_389' title='bbox 842 2434 979 2480; x_wconf 77' lang='lat' dir='ltr'>pietatis</span> <span class='ocrx_word' id='word_1_390' title='bbox 995 2438 1028 2469; x_wconf 93' lang='lat' dir='ltr'>et</span> <span class='ocrx_word' id='word_1_391' title='bbox 1047 2434 1173 2469; x_wconf 86' lang='lat' dir='ltr'>artium</span> <span class='ocrx_word' id='word_1_392' title='bbox 1192 2434 1374 2475; x_wconf 88' lang='lat' dir='ltr'>bonarum,</span> <span class='ocrx_word' id='word_1_393' title='bbox 1397 2444 1475 2468; x_wconf 88' lang='lat' dir='ltr'>cum</span> <span class='ocrx_word' id='word_1_394' title='bbox 1493 2432 1636 2467; x_wconf 90' lang='lat' dir='ltr'>hictum</span> <span class='ocrx_word' id='word_1_395' title='bbox 1653 2433 1688 2467; x_wconf 90' lang='lat' dir='ltr'>in</span> <span class='ocrx_word' id='word_1_396' title='bbox 1716 2432 1999 2480; x_wconf 89' lang='lat' dir='ltr'>Brunsbergensi</span> 
     </span>
    </p>
   </div>
   <div class='ocr_carea' id='block_1_8' title="bbox 421 2520 821 2559">
    <p class='ocr_par' dir='ltr' id='par_1_8' title="bbox 421 2520 821 2559">
     <span class='ocr_line' id='line_1_53' title="bbox 421 2520 821 2559; baseline 0 -10"><span class='ocrx_word' id='word_1_397' title='bbox 421 2520 461 2559; x_wconf 89' lang='lat'>(1)</span> <span class='ocrx_word' id='word_1_398' title='bbox 484 2521 546 2550; x_wconf 68' lang='lat' dir='ltr'>Vitl.</span> <span class='ocrx_word' id='word_1_399' title='bbox 566 2522 615 2549; x_wconf 87' lang='lat' dir='ltr'>lib.</span> <span class='ocrx_word' id='word_1_400' title='bbox 631 2521 676 2554; x_wconf 84' lang='lat' dir='ltr'>lv,</span> <span class='ocrx_word' id='word_1_401' title='bbox 704 2529 777 2549; x_wconf 76' lang='lat' dir='ltr'>nuni.</span> <span class='ocrx_word' id='word_1_402' title='bbox 793 2522 821 2550; x_wconf 61' lang='lat'>⁹2.</span> 
     </span>
    </p>
   </div>
  </div>
 </body>
</html>
