2184 2953
594 296 700 323 LIBER
726 295 882 323 TERTlt's
913 293 1127 331 (1530-1590).
1638 294 1693 324 147

84 389 237 435 Virginis
272 389 492 423 Beatissimae
528 388 728 433 imaginem,
766 387 810 421 ad
845 398 947 431 quam
978 386 1173 431 supplicare
1201 387 1273 421 Deo
1310 386 1444 421 solebat
1475 388 1695 423 Rutenorum

84 451 239 498 popellus
259 452 413 496 simplex,
429 456 591 486 execrata
610 452 775 485 bonorum
796 449 972 494 pietatem.
997 449 1031 482 in
1051 461 1173 494 rogum
1193 450 1380 494 injecisset,
1403 454 1504 484 nocte
1521 451 1689 495 proxima,

84 517 204 548 exorto
238 513 328 546 domi
357 512 529 552 incendio,
559 524 642 557 opes
672 523 750 546 suas
776 516 878 557 atque
906 510 959 544 his
981 510 1116 544 cariora
1143 511 1207 544 sibi
1233 511 1380 556 pignora
1411 510 1501 544 filios
1521 511 1694 545 victimam

86 575 255 621 impietati
273 586 345 608 sua*
363 574 522 619 praebuit.
546 575 599 608 Ita
618 573 778 607 videlicet
795 572 930 617 impios,
949 572 1039 617 quod
1059 571 1217 606 ethnicus
1236 573 1341 607 etiam
1360 579 1477 606 monet
1495 572 1695 617 Sophocles,

86 636 289 682 compendio
310 640 480 680 occupant
507 646 621 676 noxae,
643 635 787 669 deorum
814 633 1038 678 celeripedes.

133 697 246 732 Affine
278 698 400 731 horum
432 697 529 737 illud,
551 696 642 742 quod
667 695 813 731 subinde
837 695 871 729 in
894 695 969 740 ipsa
988 694 1172 728 Polocensi
1200 695 1315 728 evenit
1345 695 1504 736 civitate;
1526 696 1620 729 haud
1644 696 1693 730 ita

85 760 223 806 quidem
243 759 391 799 illustre,
413 762 622 803 argumento
649 762 765 792 tamen
793 762 880 797 erat,
899 768 1000 803 quam
1033 757 1181 802 superbe
1213 756 1350 791 daemon
1374 757 1407 790 in
1440 757 1509 791 illis
1530 758 1693 792 volitaret

32 812 37 818 ’
84 821 182 861 locis,
201 831 371 866 quamque
398 820 607 865 impotenter
626 820 662 852 in
688 819 939 864 flagitiosorum
972 817 1165 852 colluvione
1196 819 1375 853 hominum
1404 819 1642 853 baccharetur.
1666 820 1695 853 Ε

85 882 227 929 profano
255 881 505 916 Photianorum
533 891 662 926 genere
694 880 955 919 monachorum,
981 890 1066 924 quos
1094 879 1159 924 ipsi
1190 891 1298 925 popas
1326 884 1463 918 vocant,
1487 892 1528 914 ex
1556 881 1695 914 civitate

87 944 226 989 quidam
247 941 289 977 ad
307 954 423 977 arcem
442 943 570 988 agebat
602 953 638 976 se
664 942 728 976 sub
749 953 940 987 vesperam,
963 945 1109 975 onustus
1132 941 1191 975 ille
1210 941 1298 981 cibo,
1321 946 1355 975 et
1383 942 1542 976 sensibus
1561 954 1696 977 meraco

86 1004 301 1051 compeditis.
326 1005 430 1038 Visus
451 1004 590 1037 interim
611 1003 759 1048 {ethiops
778 1014 864 1048 puer
882 1002 1017 1036 lurconi
1033 1002 1229 1036 errabundo
1249 1002 1428 1037 ductorem
1447 1015 1483 1038 se
1499 1003 1665 1038 obtulisse
1688 1016 1694 1038 2

87 1068 151 1101 hoc
178 1070 370 1112 praeeunte,
393 1066 521 1105 ebrius,
545 1066 706 1099 omnibus
739 1066 897 1111 compitis
930 1065 1098 1110 Dunaque
1126 1066 1310 1111 hyemante
1338 1071 1499 1111 vagatus,
1530 1066 1695 1101 detractis

90 1129 171 1164 dein
190 1129 355 1168 vestibus,
377 1132 533 1173 raptatus
552 1128 595 1161 ab
611 1128 762 1173 aethiope
781 1139 843 1173 per
867 1127 960 1161 invia
975 1127 1155 1172 nivesque,
1173 1128 1285 1173 capite
1305 1127 1452 1173 denique
1471 1129 1507 1162 in
1521 1130 1696 1164 catonium

87 1190 276 1230 demersus,
289 1189 435 1237 pedibus
450 1189 537 1223 coelo
551 1189 708 1223 adversis
723 1202 730 1229 3
753 1189 869 1234 itaque
886 1193 1043 1234 repertus
1058 1193 1110 1223 est
1125 1189 1290 1234 postridie
1304 1189 1433 1235 frigore
1449 1195 1694 1236 praemortuus.

88 1253 163 1291 Quo
193 1252 334 1292 factum,
354 1256 391 1285 ut
424 1251 498 1296 ejus
525 1251 647 1285 farinae
676 1250 826 1285 homulis
846 1250 1003 1295 exemplo
1034 1254 1138 1290 esset,
1156 1251 1429 1297 intemperanti-ce
1457 1256 1490 1286 et
1518 1253 1697 1288 ebrietatis

86 1313 179 1348 mala
197 1314 314 1354 remis,
337 1319 374 1347 ut
392 1313 502 1359 ajunt,
525 1312 679 1358 velisque
698 1312 877 1358 fugienda.

134 1376 249 1410 Vilnae
281 1379 430 1421 quatuor
461 1380 494 1410 et
530 1375 783 1421 quinquaginta
816 1375 969 1419 agebant
1000 1374 1153 1420 Collegae
1172 1388 1179 1415 ;
1215 1386 1288 1409 rem
1326 1377 1563 1422 unusquisque
1600 1389 1696 1412 suam

86 1438 230 1473 curabat
246 1437 442 1483 diligenter,
465 1441 536 1471 tum
557 1438 591 1471 in
606 1437 749 1482 templo,
772 1441 844 1470 tum
865 1436 897 1469 in
917 1436 1121 1482 gymnasio;
1152 1437 1188 1470 in
1206 1448 1272 1482 quo
1290 1437 1365 1483 Jam
1388 1438 1549 1484 discipuli
1569 1440 1696 1485 septin-

88 1502 184 1547 genti
204 1502 275 1536 fere
295 1501 538 1535 censebantur.
563 1500 736 1534 Pietatem
762 1499 812 1533 illi
832 1510 930 1533 suam
950 1510 1026 1533 cum
1045 1493 1146 1537 alias,
1169 1502 1241 1532 tum
1263 1498 1322 1533 illo
1342 1499 1397 1534 die
1416 1500 1578 1540 maxime,
1597 1513 1697 1546 quem

85 1563 356 1609 Angustissima}
388 1562 620 1596 Eucharistiae
647 1573 784 1595 sacrum
811 1560 1050 1595 anniversario
1083 1561 1218 1595 obimus
1258 1561 1339 1601 ritu,
1362 1562 1531 1607 praeclare
1567 1563 1694 1609 populo

84 1626 331 1671 approbarunt.
354 1625 599 1659 Convenerant
617 1623 855 1657 adolescentes
875 1634 915 1656 ex
935 1622 1092 1656 omnibus
1112 1622 1182 1656 suis
1201 1621 1383 1662 classibus,
1402 1628 1527 1657 ornatu
1546 1624 1695 1658 vestium

85 1688 135 1723 illi
154 1693 187 1724 et
207 1688 375 1722 varietate
401 1687 592 1732 exquisita3
623 1686 732 1720 facem
752 1686 896 1731 quisque
916 1695 1052 1719 ceream
1078 1684 1312 1730 praeferebant
1337 1685 1532 1726 ardentem,
1555 1687 1694 1732 agmine

85 1750 357 1796 quadripartito3
379 1761 522 1794 quorum
538 1747 806 1793 unumquodque
825 1747 972 1791 cogebat
987 1746 1194 1791 symphonia
1213 1759 1219 1780 :
1243 1747 1362 1780 miram
1389 1747 1451 1782 illa
1479 1747 1690 1794 voluptatem

84 1812 248 1846 afferebat
279 1811 437 1845 omnibus
464 1814 497 1844 et
524 1821 647 1843 vocum
678 1808 852 1843 suavitate
871 1812 905 1841 et
926 1807 1079 1841 novitate
1112 1806 1315 1848 carminum,
1334 1808 1447 1843 adhuc
1466 1809 1691 1845 Vilnensibus

86 1869 252 1908 inaudita.
273 1873 485 1907 Incedebant
507 1871 747 1906 adolescentes
767 1869 850 1910 bini,
872 1870 917 1903 ita
937 1873 1073 1914 aequato
1093 1868 1252 1914 dispositi
1272 1870 1405 1909 ordine,
1429 1871 1477 1904 ita
1496 1871 1690 1907 intervallis

83 1936 181 1970 divisi
195 1935 347 1981 paribus,
361 1945 403 1969 ea
420 1934 536 1968 vultus
553 1932 802 1978 compositione
816 1936 849 1965 et
864 1930 1102 1964 moderatione
1117 1941 1273 1975 gressus,
1286 1935 1323 1964 ut
1338 1943 1403 1976 quo
1419 1932 1631 1973 incederent,
1646 1934 1691 1968 ad

83 2009 244 2043 magnam
260 2000 473 2043 spectatores
488 1995 753 2030 admirationem
769 2005 885 2027 secum
900 1992 1135 2027 traducerent.
1150 1992 1181 2025 A
1195 1992 1319 2026 dextra
1333 1992 1491 2039 laevaque
1506 1995 1692 2040 stipatores

82 2059 215 2105 plebem
235 2071 296 2104 per
314 2058 388 2092 vias
408 2057 683 2097 summovebant,
702 2059 735 2090 et
754 2054 1024 2090 moderabantur
1038 2053 1294 2088 incedentibus.
1312 2054 1405 2088 Crux
1420 2056 1567 2100 praealta
1583 2057 1693 2092 medio

83 2120 259 2154 ferebatur
276 2120 312 2154 in
327 2119 480 2164 agmine,
503 2130 588 2152 auro
609 2118 796 2163 conspicua
811 2120 845 2151 et
864 2116 970 2150 clavis
985 2116 1241 2160 gemmantibus
1260 2129 1266 2150 ε
1283 2121 1361 2162 post
1380 2117 1470 2151 hanc
1485 2117 1555 2152 alia
1573 2118 1694 2152 Salva-

83 2181 167 2216 toris
202 2181 313 2216 nostri
350 2181 442 2226 passi
475 2180 639 2225 insignia.
678 2179 873 2224 Unicuique
902 2177 1014 2211 ordini
1047 2183 1145 2211 erant
1169 2189 1229 2212 sua
1258 2190 1393 2224 pompae
1426 2180 1621 2214 anteludia.
1648 2181 1694 2215 Hi

85 2243 243 2277 divorum
266 2243 514 2288 prophetarum
537 2241 723 2276 simulacra
742 2241 868 2275 vestitu
888 2239 1115 2273 imitabantur
1130 2242 1164 2273 et
1182 2239 1278 2273 vultu
1301 2252 1308 2273 ε
1331 2240 1491 2275 thensam
1511 2241 1573 2281 illi,
1596 2242 1692 2277 holo-

85 2304 203 2339 sericis
234 2305 407 2338 obtectam
434 2304 533 2342 velis,
556 2303 739 2337 hastilibus
769 2305 975 2347 praetentam
997 2300 1078 2334 altis
1103 2301 1304 2342 anteibant;
1331 2301 1392 2336 alii
1419 2303 1529 2338 niveis
1548 2304 1629 2338 tecti
1660 2309 1693 2338 et

86 2367 266 2414 cataclytis
284 2368 438 2402 vestibus
456 2378 518 2413 pro
546 2366 793 2412 poenitentibus
815 2378 821 2400 :
843 2377 905 2410 pro
920 2365 1033 2410 geniis
1056 2364 1255 2399 coelestibus
1275 2365 1346 2406 alii,
1365 2367 1456 2412 aptis
1484 2379 1525 2401 ex
1545 2372 1691 2414 utroque

85 2429 226 2464 humero
249 2430 384 2476 penniS,
406 2430 496 2464 inter
520 2429 724 2463 micantibus
742 2427 870 2473 lapillis
890 2432 922 2461 et
942 2438 1038 2466 auro,
1061 2437 1098 2460 se
1117 2427 1307 2471 gerebant3
1330 2439 1371 2462 ea
1390 2429 1504 2474 quiete
1527 2434 1560 2464 et
1575 2430 1689 2464 vultus

87 2489 254 2524 modestia
280 2495 314 2525 et
342 2490 509 2528 incessus,
536 2494 585 2528 ut,
614 2490 676 2523 nisi
706 2490 841 2523 videres
870 2488 1144 2533 progredientes,
1163 2489 1331 2533 spirantia
1361 2491 1519 2535 quaedam
1558 2492 1691 2526 diceres

1722 391 1785 417 1586

1721 430 1825 456 Arianae

1721 478 1796 502 poena
1814 478 1868 495 mu-

1723 509 1802 534 lieris.

1726 841 1852 866 Intentus

1726 881 1840 906 hominis

1727 919 1846 952 improbi.

1784 1404 1824 1427 45.

1731 1444 1814 1470 Vilnae
1834 1453 1873 1470 sa-

1730 1492 1773 1509 cra.
1787 1484 1849 1509 cele>

1728 1523 1812 1549 britas
1825 1523 1866 1549 die

1729 1562 1863 1596 Thropho-

1727 1601 1780 1627 rim.
