2184 2953
235 397 299 423 16-10'

235 437 335 469 Regina

233 476 358 508 Gonzaga

233 515 333 540 cultum
346 514 377 540 B.

233 555 334 586 Aloysii

232 602 350 620 suocoin-

232 633 341 659 mcudat

232 675 358 708 exemplo:

231 714 347 740 salutata

231 762 313 788 nuper
324 763 340 780 a

231 794 320 820 Sociis.
332 794 376 820 Vi—

231 832 262 858 de
276 833 358 859 Pane-

227 872 356 905 gyricum.

228 911 338 938 Polonia

226 953 335 986 pacifica

227 993 298 1019 inter
321 1002 374 1020 au-

226 1036 322 1068 gustas

227 1077 347 1110 nuptias,

291 1116 325 1141 28

230 1155 314 1181 Vilnae
327 1164 340 1182 e

228 1195 345 1228 Collegio

227 1233 354 1260 academi-

226 1280 253 1299 co
266 1274 333 1300 clati

221 1312 375 1339 PRBielin-

226 1351 268 1377 ski
289 1354 316 1378 et
330 1352 373 1379 U-

225 1387 355 1424 gnievski.

289 1573 320 1597 ⁴29

223 1613 370 1646 P.Benigni

223 1653 367 1679 Varsaviae.

221 1713 274 1740 Diu
287 1714 314 1740 iu
325 1723 365 1740 ca-

221 1755 283 1779 stris
299 1755 353 1780 Deo

228 1794 365 1821 militavit.

220 2232 348 2260 Laborum

219 2273 358 2306 cupiditas.

408 296 467 327 342
777 297 1050 325 LITUANICARUM
1075 296 1285 326 SOCIETATIS
1307 298 1392 327 JESU
1416 296 1668 325 HISTORIARUM

409 400 547 434 garum,
573 389 765 435 principum
786 389 945 423 Mantuae
964 392 998 422 et
1017 388 1267 429 Montisfemti,
1291 388 1417 423 ducum
1432 388 1705 424 Nivernensium
1721 391 1755 422 et
1769 387 2033 428 Retelanorum‚

408 451 478 485 divi
498 451 639 497 gentilis
658 451 710 485 sui
725 451 862 497 Aloysii
887 462 1022 491 amans,
1044 451 1133 485 festo
1150 452 1225 497 ejus
1246 451 1313 492 die,
1331 452 1367 485 in
1381 451 1510 497 templo
1527 451 1674 497 Collegii
1689 462 1751 485 suo
1767 451 1907 497 pietatis
1921 462 2035 486 exem-

406 513 464 559 plo
485 514 629 548 Polonis
648 514 778 548 cultum
798 513 899 547 Beati
921 513 1193 547 commendavit.

456 575 485 609 E
512 576 660 621 collegio
692 575 911 609 Vilnensium
943 574 1144 609 academico
1176 576 1243 609 duo
1272 579 1481 622 praestantes
1499 575 1565 609 viri
1596 574 1839 621 demigrarunt
1869 574 2032 616 :Patres,

409 637 528 672 Simon
550 638 789 683 Ugnievskius
810 642 843 672 et
859 638 1018 671 joannes
1050 637 1292 678 Bielinskius3
1315 638 1371 672 hic
1386 649 1448 683 pro
1480 641 1614 672 rectore
1644 637 1679 671 id
1707 636 1874 683 temporis
1903 648 2034 683 praeses

406 699 542 739 domus,
564 699 622 734 ille
637 700 791 746 ejusdem
812 698 960 743 Collegii
976 698 1057 732 olim
1076 699 1121 733 ab
1137 711 1228 733 anno
1250 700 1341 735 1628
1360 703 1487 734 rector.
1511 700 1618 733 Pater
1634 699 1755 733 Simon
1774 698 1885 733 nobili
1903 710 2034 745 genere

405 761 439 795 in
461 762 622 797 Masovia
641 766 750 801 ortus,
768 772 861 794 anno
877 761 992 795 aetatis
1012 761 1178 796 vicesimo
1207 761 1243 795 in
1263 762 1473 796 Societatem
1496 766 1672 807 acceptus.
1697 760 1822 795 Docuit
1845 761 2039 797 oratoriam,

403 827 513 859 artem
545 829 579 859 et
604 825 761 869 linguam
781 835 925 858 sacram.
950 824 1070 863 Rexit,
1105 829 1234 869 praeter
1252 824 1489 859 academicum
1515 823 1643 865 Vilnae,
1668 823 1968 869 Pultopolitanum
2001 828 2035 859 et

403 886 593 922 Pinscense
612 887 771 931 collegia.
789 887 857 921 Diu
877 897 913 920 se
932 897 973 920 ac
988 897 1158 932 perquam
1177 885 1307 920 utiliter
1322 887 1356 920 in
1379 885 1649 921 concionatoriis
1662 886 1842 920 laboribus
1860 886 2030 921 exercuit.

403 948 545 983 Electus
565 961 625 994 per
652 952 860 983 conventum
879 948 1129 994 provincialem
1165 951 1383 994 procurator,
1410 949 1445 982 in
1465 949 1629 983 Romana
1661 948 1938 993 congregatione
1956 948 2031 994 pul-

402 1012 486 1046 chre
505 1012 612 1049 stetit,
638 1012 676 1045 ln
697 1011 920 1045 moderandis
941 1011 1163 1046 inferioribus
1178 1014 1212 1045 et
1227 1011 1377 1057 negotiis
1405 1011 1597 1046 tractandis
1615 1010 1802 1058 prudentia
1825 1014 1859 1045 et
1878 1011 2032 1046 navitate

401 1074 454 1107 vir
469 1073 653 1119 singulari.
672 1073 903 1107 Excruciatus
923 1072 1101 1107 doloribus
1124 1072 1293 1119 podagrae
1312 1085 1374 1119 per
1389 1085 1499 1108 annos
1515 1073 1645 1120 plures,
1667 1071 1799 1107 relictis
1817 1072 2029 1115 tolerantiae,

400 1135 628 1173 fortitudinis,
663 1135 811 1180 aliisque
847 1134 1003 1180 religiosi
1037 1135 1189 1169 hominis
1217 1139 1251 1170 et
1282 1136 1375 1170 docti
1398 1135 1432 1181 (1)
1468 1135 1699 1175 documentis,
1724 1134 1874 1169 excessit
1896 1134 1928 1168 V
1952 1134 2031 1169 idus

401 1198 561 1232 octobris.
584 1198 691 1232 Auxit
711 1198 867 1232 dolorem
881 1198 1102 1238 academicis,
1121 1198 1312 1244 theologiae
1327 1198 1477 1232 maxime
1496 1197 1727 1237 auditoribus,
1745 1197 1849 1232 funus
1865 1197 2026 1243 magistri

400 1260 453 1294 sui
485 1260 669 1300 carissimi,
691 1260 808 1294 Patris
822 1260 986 1294 Joannis.
1010 1260 1123 1298 Quam
1143 1260 1290 1306 quisque
1309 1260 1450 1295 illorum
1464 1260 1529 1294 suit
1544 1260 1715 1295 doctrinae
1736 1263 1769 1293 et
1788 1259 1930 1305 pietatis
1951 1264 2021 1294 stu-

399 1322 631 1361 diosissimus,
653 1326 725 1357 tam
759 1322 851 1356 hunc
886 1322 1100 1357 desideravit
1126 1323 1306 1357 maxime:
1329 1327 1367 1357 ut
1397 1323 1603 1368 magistrum
1631 1322 1675 1356 ad
1708 1321 1917 1367 explicanda
1950 1333 2029 1356 cum

398 1384 641 1431 philosophica
676 1389 750 1419 tum
780 1384 981 1430 theologica
1017 1386 1185 1431 mysteria
1211 1386 1399 1431 insigniter
1428 1389 1556 1419 natura
1592 1389 1626 1421 et
1649 1395 1713 1419 sua
1739 1383 1915 1418 industria
1934 1395 2026 1418 com-

397 1450 580 1492 paratum;
615 1446 664 1481 sic
696 1446 874 1493 religiosae
906 1447 1103 1493 disciplinae
1135 1452 1168 1482 et
1200 1459 1335 1482 morum
1362 1447 1544 1494 egregium
1575 1446 1660 1493 ipsis
1687 1446 1770 1480 vitae
1801 1457 1875 1480 suae
1907 1457 2024 1481 exem-

397 1509 465 1555 plis
493 1513 763 1559 praeceptorenn

445 1571 583 1606 Bonum
618 1573 750 1618 pariter
774 1573 907 1613 virum,
944 1573 984 1606 P.
1011 1572 1202 1618 Georgium
1218 1572 1369 1617 Benigni
1389 1583 1407 1606 e
1439 1570 1614 1607 domicilio
1634 1570 1872 1617 professorum
1890 1571 2021 1606 Varsa-

395 1633 507 1668 viensi
530 1645 623 1669 mors
643 1635 735 1669 bona
753 1634 910 1669 abstulit.
929 1635 1042 1669 Gente
1061 1635 1116 1669 hic
1136 1635 1325 1675 Prutenus,
1349 1638 1453 1669 aetate
1463 1634 1538 1680 jam
1551 1632 1771 1673 confirmata,
1786 1633 1820 1666 in
1843 1633 2023 1668 Societate

396 1707 433 1730 sc
452 1696 648 1731 collocavit.
670 1697 701 1732 A
732 1697 846 1731 studio
862 1697 1053 1742 theologiae
1073 1697 1190 1731 statim
1218 1696 1377 1731 difficiles
1410 1696 1549 1731 labores
1567 1696 1732 1741 suscepit,
1755 1695 1790 1728 in
1806 1696 1932 1730 castris
1947 1707 2017 1731 ma-

394 1758 486 1793 xime
512 1759 639 1804 regiis;
674 1759 710 1793 in
741 1759 866 1805 quibus
897 1759 1057 1793 militiam
1083 1770 1194 1799 suam,
1217 1764 1254 1793 ut
1282 1763 1355 1793 erat
1388 1762 1590 1793 auctoratus
1622 1757 1762 1791 domino
1787 1757 2018 1798 exercituum,

395 1821 537 1866 egregie
565 1821 731 1856 sustinuit
757 1832 869 1855 annos
904 1821 1053 1867 amplius
1073 1818 1256 1856 duo‘docim
1284 1833 1289 1855 :
1312 1832 1405 1855 nunc
1420 1821 1538 1866 regias
1570 1819 1784 1854 Polonorum
1816 1820 1850 1853 in
1872 1820 2018 1855 Prussia

394 1887 524 1932 copias,
541 1899 631 1921 nunc
651 1887 824 1921 exercitus
844 1886 1064 1932 imperatoris
1084 1886 1118 1919 in
1141 1883 1343 1924 Germania,
1376 1884 1572 1918 Gustavum
1591 1881 1782 1916 Suecorum
1801 1881 1924 1916 ducem
1943 1893 2020 1926 per-

394 1953 592 1994 sequentes,
610 1953 770 1983 sectatus.
805 1949 852 1983 Ut
871 1953 947 1983 erat
973 1949 1008 1982 in
1037 1948 1130 1982 omni
1150 1947 1292 1992 negotio
1312 1945 1503 1985 animosus,
1527 1945 1560 1978 in
1578 1944 1803 1990 procuranda
1822 1943 2019 1989 praesertim

392 2011 541 2045 aliorum
556 2011 669 2046 salute
687 2016 832 2051 aeterna,
855 2012 945 2046 inter
960 2010 1113 2045 maxima
1130 2010 1268 2044 fortiter
1287 2008 1494 2043 versabatur
1512 2006 1688 2052 pericula;
1711 2006 1844 2041 caedem
1872 2006 1963 2040 inter
1982 2010 2016 2041 et

393 2077 549 2118 stragem
580 2074 616 2108 in
647 2074 722 2108 acie
742 2074 786 2108 ab
817 2073 872 2108 his
892 2073 937 2107 ad
964 2073 1042 2107 illos
1063 2072 1277 2111 discurrens,
1308 2068 1534 2115 pereuntibus
1565 2068 1725 2103 hortator
1744 2068 1788 2102 ad
1817 2078 2015 2113 supremam

392 2135 516 2180 cuique
535 2135 587 2169 sui
606 2147 725 2170 curam
744 2141 849 2181 atque
864 2135 1015 2180 adjutor.
1042 2133 1204 2169 Emeritis
1224 2132 1296 2167 suis
1315 2132 1418 2166 heros
1435 2130 1630 2176 stipendiis,
1649 2130 1838 2175 z‘etatejam
1858 2129 2013 2175 gravior,

393 2198 437 2232 ad
457 2210 603 2232 munera
622 2198 873 2244 tranquillioris
900 2199 980 2232 -vitae
1009 2200 1204 2231 revocatus.
1241 2195 1309 2230 Sed
1333 2194 1451 2232 1101110,
1473 2192 1654 2226 laboribus
1686 2191 1876 2238 perpetuis,
1896 2192 2015 2238 eisque

391 2260 552 2301 lucrosis,
568 2266 738 2301 assuetus,
762 2261 942 2295 considere
962 2261 997 2294 in
1017 2261 1087 2294 otio
1106 2260 1199 2293 haud
1219 2261 1367 2304 poterat.
1382 2272 1396 2285 α
1413 2257 1545 2291 Orabat
1560 2268 1653 2302 saepe
1669 2255 1838 2302 praesides
1858 2267 1953 2297 suos,
1976 2267 2017 2290 ne

395 2337 410 2351 a
434 2334 470 2358 se
486 2323 620 2358 desidia
640 2335 855 2358 marcescere
874 2327 1090 2370 paterentur.
1115 2321 1263 2356 Crudam
1281 2331 1317 2354 se
1332 2323 1366 2354 et
1386 2319 1503 2353 divino
1524 2319 1691 2354 beneficio
1711 2319 1856 2353 viridem
1876 2323 2017 2353 nactum

396 2401 411 2414 α
432 2389 658 2425 senectutem,
676 2386 828 2420 ferendis
849 2385 1029 2431 quibusvis
1049 2384 1214 2419 oneribus
1228 2393 1349 2429 parem
1364 2393 1458 2421 esse;
1479 2393 1522 2416 ne
1536 2381 1627 2416 hanc
1648 2381 1803 2416 sinerent
1821 2380 2017 2416 verminare

396 2462 411 2476 a
432 2448 593 2494 ignavia,
632 2448 726 2483 haud
754 2449 877 2494 perdiu
928 2448 993 2483 sibi
1028 2447 1187 2493 capulari
1221 2444 1475 2492 expectandam
1507 2444 1661 2490 requiem
1696 2443 1956 2490 sempiternam.
1996 2460 2010 2474 n

433 2515 480 2556 (1)
497 2518 597 2546 Libros
614 2525 628 2545 a
645 2526 675 2546 sc
691 2519 813 2553 scriptos
830 2518 891 2545 vide
905 2518 931 2545 in
948 2517 1084 2552 Catulogo
1102 2516 1280 2552 scriptorum.
