2184 2953
358 294 418 327 456
1044 299 1280 331 APPENDICES.

402 381 440 416 6⁰
456 382 701 429 Sigismundus
719 384 733 419 1
750 396 812 420 rex
827 395 919 419 anno
949 385 1041 421 1510
1063 397 1125 421 8110
1145 386 1335 434 diplomate
1354 388 1410 436 (ad
1440 389 1644 426 instantiam
1662 391 1856 439 principum
1874 394 1983 439 graeci

362 438 450 473 ritus
466 444 500 475 et
528 441 676 488 Josephi
698 442 934 489 Metropolitae
952 454 994 478 ac
1012 443 1161 479 aliorum
1178 446 1420 492 episcoporum
1448 447 1633 494 unitorum)
1662 459 1787 483 causas
1814 450 1982 496 speciales

362 507 561 532 communes
592 499 638 532 ad
656 499 913 545 metropolitam
933 500 1157 536 Kioviensem
1184 502 1360 548 totiusque
1384 504 1525 538 Russiae
1544 508 1578 538 et
1592 504 1773 550 episcopos
1796 505 1826 540 ei
1850 506 1983 552 subjec-

359 554 428 592 tos,
439 552 542 598 juxta
556 555 821 591 constitutiones
840 568 1014 592 canonum
1033 569 1151 593 eorum
1168 559 1349 594 catholicae
1360 559 1545 595 Orientalis
1565 560 1746 601 Ecclesiae,
1768 565 1978 608 spectantes,

359 612 454 643 vetat
481 620 502 643 a
529 611 757 647 saecularibus
783 613 947 659 judicari,
969 618 1004 649 et
1037 626 1097 649 eos
1127 614 1163 649 111
1181 615 1243 650 illa
1273 627 1310 651 se
1346 616 1544 651 immittere.
1568 617 1614 652 Et
1649 617 1765 652 omnia
1780 618 1863 664 jura
1888 617 1980 653 clero

359 663 502 700 Russiae
528 668 694 712 praesenti
718 672 752 703 et
770 669 885 704 futuro
919 681 940 705 a
967 670 1040 704 suis
1070 672 1352 706 antecessoribus
1380 671 1462 707 data
1481 672 1676 713 confirmat,
1706 673 1863 719 ritusque
1880 673 1982 708 latini

358 722 583 767 magnatibus
602 728 710 766 vetat,
732 736 776 759 ne
794 724 902 760 ullam
920 725 972 760 illi
992 726 1141 774 injuram
1159 728 1324 770 inferant,
1346 741 1434 765 neve
1457 730 1493 765 in
1508 730 1677 770 redditus,
1694 741 1875 776 personaS‚
1893 742 1979 765 cau-

358 791 426 822 sas,
445 780 616 827 etjudicia
631 782 827 828 spiritualia
853 795 930 819 sese
944 784 1121 831 ingerant,
1159 790 1217 821 aut
1251 786 1454 822 collationes
1485 786 1709 821 ecclesiarum
1737 786 1845 831 graeci
1875 786 1976 827 ritus,

357 846 436 881 quae
466 837 672 882 spectabant
690 838 884 884 antiquitus
914 840 958 874 ad
978 842 1219 888 metropoliam
1231 843 1287 878 vel
1312 843 1533 890 episcopatus
1563 842 1760 883 Ruffienos,
1779 842 1813 877 in
1829 854 1891 878 sua
1916 842 1979 877 ha-

356 891 462 926 beant
486 896 673 938 potestate.
692 894 803 928 Porro
817 895 1007 941 praedictus
1026 898 1250 944 metropolita
1268 899 1445 945 Josephus
1469 909 1571 944 quam
1585 898 1690 932 fuerit
1709 898 1744 933 S.
1767 898 1813 933 R.
1837 899 1879 933 E.
1903 898 1979 932 uni-

355 947 494 988 tus‚vel
508 948 589 984 inde
611 948 841 995 dignoscitur,
876 952 968 997 quod
1000 953 1173 989 Chronica
1197 955 1422 990 Moschorum
1442 954 1478 989 S.
1508 954 1553 989 R.
1589 954 1631 988 E.
1661 954 1979 989 inimicissimorum

355 1001 445 1050 (q'uae
480 1017 554 1051 prae
589 1006 750 1041 manibus
781 1006 912 1042 habent
943 1008 1101 1044 Rutheni
1136 1011 1234 1057 uniti)
1253 1015 1373 1058 aperte
1396 1010 1526 1051 dicant,
1551 1010 1650 1045 illum
1681 1010 1842 1046 absolute
1871 1010 1979 1045 fuisse

354 1059 515 1103 latinum,
550 1065 583 1096 et
617 1073 638 1096 a
662 1062 834 1108 religione
860 1075 976 1109 graeca
1006 1069 1213 1111 apostatam,
1236 1071 1270 1101 et
1296 1067 1466 1101 duntaxat
1479 1067 1516 1101 in
1531 1078 1570 1101 60
1590 1066 1766 1101 diversum
1788 1077 1810 1100 a
1825 1066 1976 1107 Latinis,

355 1116 447 1162 quod
460 1116 584 1163 lingua
602 1118 782 1154 slavonica
808 1130 947 1155 sacrum
966 1121 1083 1156 missae
1111 1122 1261 1157 officium
1284 1122 1490 1158 celebraret.

404 1172 501 1208 Idem
516 1174 763 1220 sigismundus
783 1175 874 1210 Irex
893 1176 1052 1211 Poloniae
1067 1177 1102 1211 in
1122 1178 1191 1213 alio
1218 1178 1408 1225 diplomate
1431 1179 1512 1214 dato
1534 1190 1626 1214 anno
1665 1179 1770 1219 1522,
1792 1177 1893 1224 regni
1924 1177 1979 1212 sui

359 1228 402 1264 16
417 1233 453 1249 ¹¹³⁰
471 1257 478 1270 ,
499 1233 647 1265 testatur
664 1232 809 1266 vetitum
827 1232 934 1267 fuisse
948 1244 1011 1279 per
1029 1233 1182 1279 diploma
1201 1234 1393 1270 wladislai
1415 1236 1523 1282 regis,
1545 1236 1599 1270 sui
1622 1236 1691 1277 avi,
1713 1235 1757 1270 ab
1775 1234 1976 1270 Alexandro

354 1284 497 1320 Vitoldo
525 1298 653 1333 magno
694 1286 781 1322 duce
813 1287 1015 1324 Lithuaniae
1034 1295 1226 1337 receptum,
1249 1303 1293 1327 ne
1311 1291 1501 1339 dignitates
1525 1291 1607 1327 ullae
1644 1291 1876 1327 schismaticis
1897 1302 1978 1326 con-

351 1341 526 1378 ferrentur
535 1344 570 1378 in
582 1344 781 1379 Lithuania.

399 1399 496 1434 Idem
514 1411 606 1435 anno
641 1400 733 1436 1529
754 1400 974 1437 confirmavit
992 1402 1217 1450 privilegium
1240 1404 1531 1451 incorporationis
1550 1404 1670 1450 magni
1689 1404 1835 1439 ducatus
1854 1402 1976 1438 Lithu-

351 1454 445 1489 aniae
471 1455 515 1490 ad
540 1467 687 1501 regnum
707 1456 879 1497 Poloniae,
900 1468 1001 1495 anno.
1021 1459 1114 1496 1413
1129 1472 1150 1495 a
1173 1460 1355 1495 Vladislao
1387 1460 1574 1507 ι1636110116
1597 1465 1805 1496 emanatum.
1841 1460 1879 1495 In
1908 1470 1975 1506 quo

351 1512 428 1546 haec
457 1511 617 1547 formalia
648 1512 824 1547 habentur
859 1513 994 1548 verba:
1027 1517 1207 1551 Preeterea
1228 1520 1411 1560 praedictis
1437 1519 1667 1557 libertatibus,
1698 1518 1906 1560 priviteyiis,
1944 1519 1976 1550 et

351 1579 510 1618 indultis,
542 1580 568 1610 ii
603 1580 842 1612 tantummodo
865 1580 1000 1612 domini
1014 1582 1045 1612 et
1064 1579 1196 1611 nobiles
1211 1582 1317 1612 terrae
1330 1581 1531 1613 Liclzuam'ae
1544 1581 1669 1613 debent
1691 1581 1745 1612 uti
1760 1583 1790 1612 et
1806 1580 1973 1622 qaudam,

350 1640 476 1682 quibus
499 1650 599 1673 arma
629 1643 661 1673 et
689 1641 862 1673 cleinodia
888 1640 1057 1673 nobilium
1079 1641 1183 1682 regni
1209 1640 1366 1673 Polonioe
1391 1644 1473 1673 sunt
1502 1651 1673 1680 concessa,
1698 1642 1859 1682 quisunt
1883 1641 1976 1672 chri-

348 1701 474 1733 stianae
499 1700 591 1741 fidei,
609 1703 641 1732 et
656 1701 803 1742 subjecti
815 1701 983 1733 Romame
998 1701 1177 1738 Ecclesiae,
1206 1710 1275 1733 ozon
1299 1704 1416 1733 autem
1430 1702 1647 1734 schismatici
1659 1702 1710 1734 vel
1722 1701 1787 1733 alii
1803 1701 1973 1741 infideles.

400 1762 496 1798 Idem
520 1763 680 1808 denique,
704 1774 796 1797 anno
826 1763 930 1804 1543,
953 1762 1174 1809 privilegium
1194 1774 1216 1798 a
1246 1763 1445 1798 wladislao
1468 1763 1690 1809 Jagellonide
1718 1762 1838 1797 datum
1870 1762 1975 1797 unitis

349 1820 522 1866 episcopis
541 1819 769 1855 confirmavit.
790 1818 900 1853 Porro
915 1823 1032 1854 autem
1050 1819 1141 1855 idem
1160 1819 1345 1854 dicendum
1359 1824 1412 1855 est
1428 1819 1470 1854 de
1493 1819 1723 1854 serenissimis
1742 1818 1885 1865 regibus
1901 1819 1974 1865 ejus

351 1876 624 1917 successoribus,
655 1874 879 1921 Sigismundo
899 1875 1073 1921 Aug-usto,
1105 1876 1271 1917 Henrico,
1301 1875 1477 1921 Stephano
1505 1877 1538 1909 et
1571 1873 1796 1919 sigismundo
1832 1873 1899 1913 Ill,
1919 1873 1977 1919 qui

352 1944 473 1968 omnes
485 1932 521 1967 in
548 1932 619 1966 suis
638 1931 921 1966 coronationibus
941 1931 1022 1967 duni
1037 1933 1237 1978 juramento
1266 1932 1449 1967 firmarunt
1475 1942 1511 1965 se
1535 1929 1651 1964 omnia
1666 1933 1699 1964 ct
1726 1930 1865 1976 singula
1878 1931 1973 1976 jura,

353 2001 374 2024 a
404 1989 475 2024 suis
495 1988 812 2035 praedecessoribus
830 1988 954 2023 11100118
973 1989 1073 2035 regni
1093 1992 1127 2024 et
1145 1989 1196 2023 M.
1215 1989 1258 2023 D.
1282 1987 1481 2023 Lithuaniae
1496 1987 1587 2027 data,
1599 1997 1722 2032 nempe
1737 1998 1758 2020 a
1776 1986 1975 2021 XVladislao

354 2044 554 2091 ε1630110116,
596 2043 796 2078 VVladislao
836 2044 1073 2090 ι1336110111116,
1110 2045 1292 2085 Casimiro,
1326 2044 1527 2080 Alexandro
1554 2046 1587 2077 et
1623 2042 1848 2088 Sigismundo
1876 2042 1904 2084 Ι,
1938 2042 1975 2076 111

354 2113 416 2137 8110
444 2101 565 2147 vigore
600 2103 889 2141 conservaturos;
925 2101 1029 2136 simul
1071 2102 1176 2137 etiam
1205 2102 1284 2148 jura
1308 2105 1342 2136 et
1373 2099 1607 2135 immunitates
1642 2099 1818 2134 unitorum
1847 2110 1884 2134 se
1915 2098 1975 2134 de-

353 2160 514 2195 fensuros
541 2160 742 2206 juramento
777 2158 977 2194 firmabant.

404 2215 440 2249 7⁰
461 2215 618 2261 Denique
640 2214 778 2249 etiamsi
801 2214 946 2249 dubium
978 2218 1070 2250 esset
1084 2215 1143 2260 jus
1162 2213 1349 2254 unitorum,
1376 2211 1502 2252 adhuc,
1531 2210 1636 2255 juxta
1665 2213 1844 2257 acceptam
1870 2222 1973 2258 regu-

353 2271 423 2307 lam
439 2271 540 2318 juris,
574 2271 611 2305 in
638 2271 751 2305 dubiis
776 2270 899 2305 melior
926 2274 979 2306 est
1014 2270 1168 2305 conditio
1203 2267 1428 2315 possidentis.
1463 2266 1547 2301 Cum
1575 2278 1660 2312 ergo
1704 2267 1791 2301 uniti
1838 2267 1907 2303 sint
1937 2267 1974 2302 in

353 2327 576 2376 possessione
606 2326 729 2361 horum
760 2326 1023 2373 episcopatuum
1055 2330 1089 2362 et
1115 2324 1349 2364 ecclesiarum,
1379 2335 1449 2358 non
1474 2326 1620 2369 possunt
1643 2322 1712 2356 illis
1743 2322 1874 2368 privari
1898 2323 1973 2358 sine

353 2383 491 2431 injuria.
530 2382 699 2421 Quocirca
734 2394 798 2417 nec
831 2382 995 2419 alienatio
1021 2384 1097 2417 haec
1128 2379 1350 2417 concedenda
1376 2383 1441 2421 est,
1472 2390 1535 2414 1160
1562 2379 1593 2413 61
1620 2390 1784 2413 assensus
1814 2379 1972 2424 1111613611-

354 2442 432 2481 dus,
462 2439 598 2475 etiamsi
630 2439 746 2474 nescio
773 2451 851 2485 quae
878 2440 969 2474 bona
995 2442 1178 2485 sperentur
1203 2436 1284 2471 inde
1303 2440 1465 2470 secutura
1487 2447 1493 2468 ι
1526 2435 1619 2480 quia,
1641 2440 1678 2470 ut
1704 2435 1753 2469 ait
1783 2434 1972 2481 Apostolus

351 2498 468 2546 (Rom.
489 2497 555 2539 ΙΙΙ,
571 2496 694 2543 8),11011
704 2499 786 2531 sunt
803 2496 965 2532 facienda
983 2494 1088 2536 mala,
1110 2498 1147 2529 ut
1161 2494 1323 2529 eveniant
1341 2494 1451 2535 bona;
1471 2496 1576 2539 atque
1594 2493 1643 2527 ita
1660 2493 1702 2527 ob
1716 2503 1812 2539 spem
1827 2492 1922 2539 pacis
1936 2493 1972 2528 in

2169 329 2175 342 ι
2167 247 2184 322 fun<
