2184 2953
585 305 689 332 LIBER
716 304 872 332 TERTIUS
897 305 1110 340 (1580-1590).
1605 301 1662 331 155

49 400 122 446 regi
137 402 336 444 expectatus
350 402 384 433 et
398 399 546 438 civibus,
564 398 708 432 illustris
724 397 783 432 illo
800 397 961 432 Lucifero
984 396 1148 437 mirabili,
1167 397 1275 431 multo
1294 396 1356 431 fuit
1370 396 1658 441 jucundissimus.
1691 399 1783 466 1Εέὲὸσῖᾑί
1802 440 1829 466 of

1728 461 1742 473 ὗ
1829 455 1837 459 -

51 461 223 496 Offensior
255 461 309 494 hic
342 460 443 505 paulo
474 460 584 494 Sociis
615 461 744 495 nostris
785 459 920 493 venisse
946 458 1039 492 visus
1071 458 1191 503 :quod
1220 458 1462 497 Possevinum,
1485 470 1585 503 quem
1617 458 1662 492 ab
1690 480 1770 506 sensa.

52 523 193 558 Claudio
224 522 387 557 Generali
421 523 615 568 flagitabat,
654 534 721 557 non
754 522 975 567 impetrasset
1001 520 1181 559 comitem3
1206 520 1344 554 tametsi
1376 519 1427 552 vir
1459 519 1597 564 sapiens
1631 519 1665 552 id

52 585 161 630 ipsum
180 583 260 617 boni
288 583 468 618 consulere
487 587 644 628 poterat,
666 595 777 629 noque
804 583 893 617 enim
915 583 1060 617 obscure
1080 582 1247 616 Claudius
1259 582 1438 628 proposuit
1453 581 1666 617 difficultatis

54 657 176 681 causas
204 645 395 691 postulanti
426 658 432 679 z
459 661 474 674 κ
497 643 610 679 alieno
631 645 813 691 plerosque
842 644 994 679 Polonos
1021 656 1042 678 a
1074 644 1267 678 Possevino
1299 656 1374 679 esse
1403 644 1532 685 animo,
1564 644 1666 689 hujus

54 723 68 737 α
92 707 198 753 ipsius
230 707 323 752 regis
352 707 568 752 Sigismundi
590 707 743 752 negotio,
772 707 870 752 cujus
891 710 1025 752 partem
1044 705 1218 740 Antonius
1237 707 1464 751 nuperjussu
1485 705 1666 740 Pontificis

54 784 68 798 α
90 769 310 804 sustinuisset
330 769 461 809 odiose,
484 769 636 803 offensos
666 771 850 805 lnereticos
870 771 905 805 in
925 770 1044 817 primis
1064 781 1240 815 proceres,
1264 770 1299 803 in
1319 770 1522 803 memoriam
1554 769 1666 814 suspi-

56 846 70 860 α
91 830 227 865 cionum
251 834 285 864 et
314 830 468 870 invidia),
505 836 690 877 conspecto
718 833 870 873 homine,
901 833 1096 875 redituros3
1134 833 1277 879 reliquis
1308 833 1418 867 videri
1451 844 1566 879 posse,
1605 833 1670 866 hoc

56 906 70 921 κ
90 895 189 938 pacto
208 892 346 926 venisse
366 891 569 933 Antonium,
604 897 640 927 ut
659 906 695 928 se
720 896 795 940 regi
814 895 986 940 propinet,
1008 907 1139 941 suaque
1170 899 1203 930 et
1223 895 1420 935 Societatis,
1438 895 1465 929 si
1490 906 1557 940 qua
1574 898 1670 929 exta-

56 967 71 982 α
88 957 165 988 rent
182 953 216 987 in
234 953 437 998 principem,
457 954 579 988 merita
598 957 814 991 commendet
832 956 1063 1002 importunus.
1092 957 1369 991 Domesticorum
1390 956 1494 990 etiam
1522 956 1557 990 in
1589 955 1670 990 aula

57 1029 72 1043 κ
93 1015 189 1061 regia
208 1015 450 1061 theologorum
469 1016 592 1050 officiis
625 1016 835 1052 Societatem
867 1019 946 1052 odia
965 1018 1151 1053 multorum
1179 1019 1339 1053 subiisse.
1364 1018 1445 1052 Non
1464 1019 1572 1063 igitur
1590 1018 1668 1051 sub-

57 1091 71 1105 a
93 1076 268 1111 mittendis
288 1077 429 1123 insuper
456 1082 490 1112 et
509 1078 737 1113 obtrudendis
758 1079 869 1113 Sociis
902 1080 1181 1115 malevolentiam
1210 1081 1389 1114 hominum
1409 1091 1484 1114 esse
1499 1079 1671 1114 lacessen-

57 1153 72 1166 α
93 1138 181 1172 dam.
204 1156 219 1169 „
242 1138 323 1172 Non
342 1150 439 1184 {eque
455 1139 624 1185 simplici,
642 1144 746 1186 atque
765 1142 962 1183 afferretur,
985 1147 1126 1188 accepta
1141 1143 1255 1176 animo
1275 1142 1474 1182 excusatio;
1493 1141 1670 1187 querelam

56 1213 96 1237 ea
114 1201 298 1236 difficultas
330 1213 537 1248 sensumque
569 1204 713 1238 ‹rutensw
740 1205 897 1238 intimum
932 1217 992 1251 per
1012 1205 1230 1239 occasionem
1259 1204 1437 1240 Cardinali
1470 1204 1602 1239 elicuit.
1626 1204 1672 1239 Et

59 1270 133 1301 erat
147 1266 220 1311 ejus
235 1266 462 1311 querimoniae
481 1267 665 1302 audiendae
684 1269 820 1302 occasio
840 1269 963 1303 crebra
981 1282 987 1303 2
1011 1270 1140 1315 quippe
1154 1269 1267 1303 nostri
1297 1268 1414 1314 legato
1434 1269 1500 1303 iter
1518 1268 1671 1307 facienti,

59 1328 115 1362 ubi
147 1328 279 1361 occurri
311 1330 471 1373 poterat,
502 1339 520 1362 e
551 1329 735 1363 domiciliis
770 1329 985 1375 evigilabant
1016 1331 1051 1364 in
1085 1341 1139 1370 eo,
1166 1334 1203 1364 ut
1222 1342 1319 1364 suam
1338 1330 1554 1364 voluntatem
1585 1330 1674 1364 anti-

60 1388 131 1423 stiti
166 1388 286 1422 officiis
305 1388 463 1423 omnibus
482 1390 716 1435 approbarent
736 1403 742 1424 :
766 1391 905 1425 excitati
921 1391 963 1425 ad
992 1391 1028 1425 id
1051 1396 1185 1427 mature
1217 1404 1278 1438 per
1309 1392 1445 1427 litteras
1472 1403 1493 1426 a
1526 1391 1671 1427 Claudio

60 1450 236 1499 dimissas-3
258 1449 361 1495 idque
384 1462 460 1484 cum
482 1451 525 1484 ob
556 1451 666 1496 ipsius
693 1452 901 1497 dignitatem
939 1453 1048 1498 legati
1062 1457 1136 1487 tum
1160 1457 1302 1499 propter
1317 1453 1486 1500 praeclara
1504 1454 1541 1488 in
1556 1454 1672 1489 Socie-

61 1515 166 1546 tatem
192 1511 316 1546 merita
346 1512 464 1546 fratris
493 1513 558 1552 sui,
581 1513 729 1548 Joannis
760 1514 1015 1549 Aldobrandini
1043 1515 1242 1550 cardinalis.
1266 1516 1318 1549 Ea
1350 1516 1481 1550 scilicet
1510 1522 1583 1550 tum
1602 1520 1676 1551 erat

64 1571 240 1606 Sociorum
255 1572 290 1606 in
306 1573 453 1607 Polonia
468 1574 633 1614 conditio,
655 1579 692 1609 ut
711 1576 755 1609 ab
774 1576 841 1616 his,
872 1577 981 1621 iisque
1008 1577 1234 1622 principibus,
1257 1582 1458 1612 amarentur
1472 1578 1671 1623 plurimum,

62 1633 286 1669 laudarentur
317 1635 467 1680 publice,
489 1636 721 1671 invitarentur
740 1639 919 1683 promissis
952 1638 1068 1672 multis
1088 1639 1131 1672 ad
1167 1639 1389 1684 suscipienda
1419 1640 1454 1674 in
1481 1640 1570 1674 aulis
1601 1641 1674 1676 suis

63 1697 171 1732 officia
189 1711 195 1739 ;
213 1699 257 1732 ab
276 1699 345 1733 illis
364 1704 498 1740 contra,
533 1701 656 1746 quibus
676 1701 824 1734 maxime
855 1711 953 1734 suam
972 1699 1100 1734 afflavit
1118 1703 1251 1745 pestem
1278 1699 1436 1741 haeresis,
1464 1706 1675 1736 vexarentur

62 1772 103 1795 ex
120 1761 299 1796 industria.
324 1762 414 1797 Ante
440 1763 528 1797 alios
560 1763 805 1798 benevolentia
825 1762 1039 1808 Sigismundi
1071 1761 1107 1795 in
1137 1762 1346 1797 Societatem
1365 1764 1523 1798 testatior
1541 1764 1677 1798 animos
1755 1773 1794 1817 358.

64 1823 254 1858 invidorum
271 1825 393 1860 urebat
407 1827 569 1861 maxime.
590 1828 725 1861 Praeter
743 1825 963 1862 Bernardum
983 1824 1217 1865 Goliaskium,
1235 1836 1254 1859 e
1270 1825 1443 1860 Societate
1458 1826 1674 1872 theologum,
1707 1813 1847 1878 issfciffiffia

64 1896 128 1930 quo
149 1886 306 1932 princeps
337 1888 380 1921 ad
411 1899 529 1922 sacras
559 1889 794 1923 consessiones
814 1888 988 1926 utebatur,
1014 1886 1295 1921 concionatorem
1314 1899 1355 1921 ex
1383 1888 1503 1922 eadem
1530 1888 1674 1929 familia,
1708 1900 1787 1926 quam
1799 1891 1831 1916 ob

65 1957 220 1992 eumque,
242 1959 342 1993 quem
370 1949 524 1984 haeretici
553 1950 707 1984 odissent
738 1951 900 1996 pessime,
925 1951 1068 1984 Petrum
1095 1950 1236 1996 Skarga
1264 1951 1329 1984 sibi
1360 1951 1508 1985 adscivit
1534 1963 1607 1986 rex.
1642 1953 1679 1986 [d
1708 1930 1848 2000 1ξέ1103ξά

67 2008 239 2043 enimvero
255 2010 460 2051 adversarii,
480 2015 516 2045 ut
534 2012 679 2057 quisque
698 2012 717 2045 J
723 2012 853 2046 esuitas
881 2012 1135 2046 aversabantur
1154 2012 1315 2053 maxime,
1337 2013 1387 2046 ita
1400 2013 1559 2047 ferebant
1574 2014 1680 2048 mole-

67 2071 236 2113 stissime;
259 2074 394 2108 tametsi
413 2074 461 2114 hi,
484 2079 517 2108 et
531 2078 653 2120 suapte
669 2074 852 2115 modestia,
870 2078 904 2110 et
931 2072 1067 2107 Claudii
1086 2073 1230 2114 monitu,
1248 2074 1297 2107 ita
1319 2085 1382 2108 sua
1410 2075 1681 2110 moderabantur

74 2134 195 2176 officia,
212 2139 261 2175 ut,
284 2135 451 2171 offerente
471 2148 507 2171 se
522 2137 625 2171 etiam
646 2137 750 2177 ultro,
770 2137 984 2183 benignitate
1000 2137 1172 2182 Principis
1187 2142 1220 2172 et
1238 2140 1488 2174 consuetudine
1507 2144 1687 2175 uterentur

75 2208 175 2242 quam
192 2199 393 2244 parcissime
413 2212 418 2233 :
438 2211 515 2244 qum
534 2200 672 2234 interim
688 2201 840 2235 muneris
858 2200 971 2235 forent
986 2201 1051 2241 sui,
1082 2201 1217 2236 obirent
1235 2206 1374 2237 strenue
1390 2216 1396 2244 ;
1418 2204 1455 2238 in
1469 2205 1685 2240 occasionem

75 2259 254 2305 religionis
273 2262 511 2306 propaganda}
526 2261 648 2295 intenti
668 2263 829 2303 maxime,
848 2262 977 2296 nullam
1004 2263 1141 2308 profani
1159 2267 1294 2309 partem
1308 2267 1441 2311 negotii
1456 2268 1683 2313 attingerent:

76 2332 245 2356 memores
261 2322 420 2368 denique,
442 2324 475 2357 in
502 2335 543 2358 ea
562 2327 661 2358 tanta
681 2336 718 2359 se
739 2325 946 2359 constitutos
974 2337 1050 2359 esse
1077 2325 1166 2367 luce,
1190 2327 1349 2362 omnibus
1380 2329 1424 2362 ad
1460 2330 1567 2364 vitam
1594 2334 1687 2365 recte

78 2381 323 2418 instituendam
351 2385 518 2430 exemplis
553 2386 623 2419 suis
651 2386 894 2431 praelucerent.
926 2387 1118 2432 Propterea
1148 2388 1224 2433 pius
1242 2400 1303 2423 rex
1337 2390 1468 2425 arctius
1487 2392 1686 2437 arctiusque

79 2445 257 2490 complecti
278 2446 397 2480 Socios
412 2474 419 2486 ,
437 2450 471 2481 et
491 2447 699 2482 Societatem
715 2448 883 2482 adversus
903 2449 1088 2494 injuriosos
1104 2450 1225 2495 opibus
1240 2451 1330 2485 tueri
1349 2453 1520 2487 omnibus.

129 2506 272 2553 Derpati
302 2519 320 2542 e
352 2519 415 2542 suo
435 2508 590 2554 Collegio
610 2509 701 2544 Socii
721 2510 963 2544 desiderarunt
987 2510 1028 2544 P.
1046 2511 1217 2546 Joannem
1244 2513 1464 2554 Fornerium‚
1485 2515 1598 2549 virum
1613 2526 1690 2549 cum
