2184 2953
834 287 1066 316 APPENDICES.
1674 283 1732 315 431

121 398 166 430 De
178 397 351 438 sumptione
362 407 454 430 sacrae
465 398 668 431 Eucharistiae
677 399 734 430 sub
743 398 873 438 utraque

163 445 274 486 specie.
290 445 392 477 Vilnae
407 446 488 486 typis
512 446 597 477 acad.
617 446 705 477 1637.
724 445 873 485 Compen-

163 493 250 524 dium
281 493 378 525 totius
406 493 618 534 philosophiae.
643 493 754 530 Vilnae,
780 493 869 524 1640.

1026 396 1233 437 Panegyricus
1248 395 1349 427 soluta
1363 396 1395 427 et
1416 395 1515 435 ligata
1536 396 1671 428 oratione
1687 395 1735 427 Si-

1024 446 1189 488 gismundo
1212 445 1346 477 Denhoff
1371 445 1402 477 S.
1433 446 1563 477 Romani
1606 446 1732 486 Imperii

1022 494 1161 534 principi.
1179 493 1341 530 Varsaviae,
1359 502 1437 524 anno
1460 494 1548 524 1646.

172 560 500 602 ZienieWicz,
521 560 879 601 ANDREAsRutenus,
898 572 940 595 ex
954 559 1133 606 provincia
1152 559 1618 605 Novogrodensi,amplexus
1636 560 1734 594 insti-

122 619 234 650 tutum
254 616 437 652 Societatis
456 628 547 652 anno
579 618 682 658 1629,
705 616 828 662 viginti
842 619 942 650 natus
968 626 1090 650 annos.
1121 615 1246 649 Docuit
1264 615 1479 660 theologiam
1506 616 1542 649 in
1560 616 1736 651 academia

122 672 296 707 Vilnensi.
314 672 482 707 Versatus
500 673 536 707 in
555 672 636 707 aula
654 672 774 718 optimi
792 671 954 707 antistitis
980 670 1249 716 Kijoviensium‚
1268 671 1413 706 Thomae
1440 671 1589 717 Ujejski,
1611 672 1736 707 deinde

122 727 158 762 in
176 728 258 763 aula
288 728 528 775 Christophori
546 729 709 763 Bialozor
728 727 922 763 Vexilliferi
940 726 992 762 M.
1023 727 1065 761 D.
1089 726 1273 767 Lituaniae,
1291 727 1473 773 utrobique
1486 728 1670 763 utilissime
1697 740 1738 763 ac

124 783 402 830 religiosissime.
420 785 461 819 In
482 785 658 820 rhetorica
673 788 833 820 versatus
862 783 1058 829 diligenter,
1081 783 1256 818 orationes
1283 783 1326 818 de
1353 783 1511 818 laudibus
1544 784 1737 831 principum

125 841 334 887 conscripsit
349 840 529 887 elegantes
547 854 555 882 ;
577 840 697 887 quales
713 844 794 875 sunt
811 852 818 874 2

125 906 257 938 Plausus
284 907 360 939 alias
386 908 535 939 Planctus
549 908 703 948 Apollinis
724 908 755 939 et
770 906 876 938 Musa-

164 963 244 985 rum.
258 955 347 986 Poesi
362 954 579 986 heroicaViln.
591 955 683 995 typis.
703 954 874 986 1638.Phe-

166 1011 296 1033 nomena
308 1011 363 1033 seu
388 1003 530 1042 aspectus
556 1002 728 1033 felicissimi
752 1001 873 1034 sideris.

1030 905 1112 937 Viln.
1128 906 1216 937 1641.
1232 905 1347 937 Decora
1368 905 1460 937 lilieti
1490 905 1623 943 Paciani,
1637 906 1735 942 Viln.,

1027 963 1105 985 anno
1120 954 1208 984 1641.
1220 953 1393 984 Parentalis
1407 952 1549 993 splendor
1566 953 1739 985 Catharinae

1027 1000 1287 1040 Potociae.Vilnae,
1298 1001 1382 1041 typis
1403 1000 1488 1033 acad.
1506 1000 1627 1033 S.J.an.
1646 1001 1734 1032 1641.

516 1115 598 1150 VII.
621 1114 911 1150 PRAESTANTI
942 1112 1190 1149 DOCTRINA
1224 1112 1344 1154 VIRI,

188 1225 335 1252 QUORUM
371 1225 509 1249 NOMINA
544 1226 580 1249 IN
612 1225 843 1249 MONUMENTIS
877 1224 1101 1255 ACADEMICIS,
1135 1224 1300 1248 MEMORIA
1327 1224 1364 1248 IN
1392 1224 1467 1248 SUIS
1502 1224 1688 1255 LAUDIBUS,

307 1312 344 1336 IN
359 1312 538 1336 ACADEMIA
552 1312 716 1336 VILNENSI
734 1312 887 1336 LAUREIS
902 1312 1033 1336 ORNATI
1052 1311 1293 1336 THEOLOGICIS.
1313 1321 1359 1326 -—
1374 1311 1541 1336 EXTERNI.

166 1404 303 1436 [liberius
321 1404 451 1444 Brzeski,
465 1405 630 1436 canonicus
643 1404 813 1440 Plocensis,
832 1405 879 1436 vir

126 1460 247 1492 magnae
267 1453 464 1483 auctoritatis
489 1452 567 1492 apud
591 1452 742 1492 principes
758 1454 880 1492 propter

129 1499 346 1536 eruditionem,
376 1500 572 1539 prudentiam
602 1501 632 1530 et
658 1500 826 1530 navitatem
848 1500 881 1530 in

127 1546 261 1585 negotiis
279 1546 470 1583 difficilibus,
488 1556 566 1578 anno
581 1547 705 1578 circiter
721 1548 810 1578 1620.

168 1592 334 1625 Fridericus
374 1593 509 1633 meibom,
534 1595 683 1634 parochus
709 1594 879 1635 Elbingen-

129 1639 183 1671 sis.
212 1641 247 1671 Iu
274 1640 425 1681 colloquio
451 1641 632 1672 Toruniensi
660 1642 740 1673 inter
767 1643 881 1681 primos

128 1688 368 1728 ve1·satus‚isque
386 1688 510 1720 functus
525 1690 621 1720 officio
633 1689 881 1720 notarii.Huma-

130 1735 266 1766 nioribus
291 1737 385 1766 etiam
412 1736 525 1767 litteris
549 1736 713 1777 insiguiter
729 1736 879 1767 excultus.

130 1780 263 1821 Scripsit
275 1782 442 1813 orationem
469 1782 566 1812 latine
590 1783 773 1822 elegantem,
790 1791 882 1822 quam

130 1828 241 1859 habuit
265 1829 302 1860 ad
328 1830 505 1869 episcopum
521 1829 745 1863 Varmiensem.
760 1839 829 1860 cum
855 1830 882 1860 is

128 1875 253 1907 nomine
270 1876 351 1917 regis
370 1877 407 1907 ab
420 1876 882 1917 Elbingensibusjuramentum

129 1922 294 1955 fidelitatis
317 1925 483 1965 exciperet.
502 1924 635 1956 Ornatus
659 1934 736 1956 anno
760 1925 883 1956 circiter

132 1971 222 2002 1630.

176 2016 316 2050 Melchior
328 2018 466 2058 Sawicki‚
487 2018 518 2050 S.
532 2019 568 2050 R.
584 2018 628 2049 M.
641 2019 834 2050 secretarius.
850 2019 885 2050 In

130 2065 271 2097 comitiis
287 2075 391 2107 gener.
403 2066 484 2097 inter
499 2066 575 2097 alios
588 2066 714 2097 nuntius
730 2067 760 2097 et
773 2067 885 2098 elector

130 2112 212 2153 regis
244 2112 370 2144 Joannis
396 2113 550 2145 Casimiri.
578 2113 685 2144 Edidit
716 2114 883 2145 orationem

131 2168 219 2190 suam
232 2159 268 2191 de
282 2159 425 2192 laudibus
436 2161 471 2191 B.
486 2161 636 2201 Josaphat
646 2160 689 2192 M.
705 2161 885 2201 archiepisc.

133 2216 225 2246 quam
264 2207 385 2248 publice
425 2208 545 2239 habuit.
569 2209 696 2240 Creatus
731 2209 886 2249 palatinus

132 2254 318 2285 Brestensis.
334 2254 471 2286 Ornatus
482 2255 587 2286 laurea
603 2256 691 2287 1643.

168 2300 329 2333 casimirus
345 2301 478 2342 Slonski,
499 2302 710 2344 suffraganeus
726 2304 889 2335 Varmien-

129 2349 184 2385 sis,
198 2348 308 2380 deinde
320 2350 669 2389 episcCamenecensis,
679 2351 886 2392 Dzialynskfi,

126 2396 289 2436 theologus
309 2408 315 2426 ;
332 2396 469 2437 inclytus
485 2397 558 2429 olim
575 2398 655 2438 apud
671 2399 886 2439 Regiomonta-

125 2452 179 2475 nos
195 2443 397 2476 concionator.
415 2443 549 2477 Ornatus
572 2446 662 2477 1644.
675 2445 768 2478 Mort.
782 2446 882 2478 Vilnae

1033 1406 1166 1438 Andreas
1183 1405 1332 1446 Borzecki,
1352 1406 1510 1441 bohemus,
1525 1404 1623 1437 edidit
1638 1404 1740 1445 Ephe-

991 1454 1134 1485 merides.
1152 1455 1285 1485 Ornatus
1302 1454 1401 1485 Vilnae
1415 1454 1504 1485 1647.

1034 1501 1176 1541 Georgius
1193 1501 1316 1541 Merten,
1334 1501 1513 1542 praepositus
1530 1501 1668 1532 ecclesiae
1679 1500 1738 1531 Re-

991 1548 1196 1588 giomontanze
1214 1550 1302 1580 1617.

1032 1595 1159 1628 Mathias
1184 1596 1396 1636 Wilamowski,
1420 1596 1569 1636 parochus
1592 1595 1740 1627 Bobruis-

991 1644 1102 1680 censis,
1119 1644 1268 1675 invitatus
1284 1644 1321 1674 ad
1344 1654 1455 1676 munus
1472 1644 1542 1681 sibi,
1561 1645 1738 1683 procurante

990 1691 1095 1729 regina
1111 1690 1235 1722 Caecilia
1246 1691 1371 1728 uenata,
1385 1691 1415 1722 111
1428 1700 1512 1722 sacro
1527 1691 1740 1723 canonicorum

991 1737 1091 1768 Vilnae
1107 1738 1237 1779 collegio
1260 1738 1409 1777 oblatum,
1421 1739 1585 1770 recusavit.
1605 1738 1739 1770 Ornatus

992 1785 1080 1815 1623.

1033 1831 1267 1864 Bartholomaeus
1276 1832 1497 1873 Cieciszewski,
1507 1833 1655 1873 parochus
1664 1832 1739 1866 Cau-

991 1879 1104 1915 nensis,
1138 1880 1340 1911 cancellarius
1365 1880 1397 1911 in
1423 1880 1560 1920 Collegio
1584 1880 1740 1912 canonico-

990 1935 1061 1956 rum
1073 1926 1319 1964 Vilnen.,deinde
1336 1928 1499 1959 canonicus
1515 1928 1741 1963 Viln.‚ornatus

992 1982 1046 2012 per
1060 1973 1095 2003 P.
1114 1973 1277 2005 Nicolaum
1290 1975 1480 2010 Lancicimn,
1494 1975 1561 2006 tum
1578 1975 1740 2015 provinciae

992 2020 1189 2060 praepositum
1203 2022 1292 2052 1631.
1306 2021 1412 2053 Edidit
1430 2022 1484 2053 lib.
1503 2022 1540 2053 de
1556 2022 1619 2053 vita
1634 2022 1665 2053 S.
1681 2021 1740 2053 Ca-

993 2067 1092 2098 simiri
1105 2078 1112 2104 ;
1124 2068 1275 2107 hymnum
1292 2068 1432 2108 ejusdem
1448 2069 1511 2100 divi
1523 2069 1655 2100 latinum
1671 2079 1738 2101 ver-

993 2114 1033 2145 tit
1059 2114 1090 2144 in
1118 2114 1293 2154 polonicum
1318 2115 1453 2156 eleganti
1483 2116 1626 2148 carmine.
1653 2117 1740 2148 Alios

994 2162 1087 2192 etiam
1104 2162 1232 2202 hymnos
1245 2163 1281 2193 de
1298 2163 1404 2194 eodem
1416 2163 1485 2195 divo
1498 2164 1578 2204 typis
1590 2164 1740 2204 vulgavit.

1036 2208 1160 2240 michael
1187 2209 1330 2250 Sidlerus,
1358 2211 1405 2242 vir
1426 2211 1458 2242 in
1485 2211 1593 2251 primis
1623 2212 1742 2250 doctus,

994 2256 1177 2295 praepositus
1193 2256 1224 2286 in
1241 2257 1460 2289 Gudstadiensi
1481 2258 1620 2299 collegio,
1635 2259 1742 2290 deinde

993 2303 1157 2334 canonicus
1173 2303 1375 2336 Varmiensis.
1392 2306 1536 2345 Ornatus,
1546 2308 1745 2346 praesentibus

993 2349 1105 2380 multis
1123 2360 1137 2381 e
1153 2352 1305 2383 senatorio
1322 2352 1416 2384 etiam
1437 2353 1541 2385 ordine
1557 2354 1744 2394 proceribus,

992 2406 1069 2428 anno
1086 2397 1175 2429 1631.

1033 2444 1174 2477 Antonius
1198 2446 1235 2478 de
1262 2446 1404 2488 Antoniis,
1431 2447 1543 2485 Italus,
1571 2447 1684 2480 ordinis
1714 2449 1747 2481 S.

997 2491 1166 2531 Francisci,
1177 2493 1275 2526 affinis
1286 2493 1368 2527 Cels.
1385 2494 1748 2534 DucissaeNesvisiensis,
