2184 2953
648 319 757 347 LIBER
784 317 950 347 OCTAVUS
973 316 1189 355 (1630-1640).
1690 315 1750 346 327

138 412 215 446 divo
236 411 432 446 scholarum
448 411 583 457 parenti
599 422 661 445 suo
676 422 739 457 pro
753 410 935 445 minervali
953 410 989 444 in
1008 420 1070 444 ara
1094 409 1266 455 deposuit.
1289 409 1371 443 Alia
1390 410 1558 455 ejusmodi
1585 410 1620 444 in
1639 409 1748 444 domi·
1779 413 1843 439 1640

137 473 224 508 011115
244 473 331 513 aliis,
353 485 396 508 ne
415 472 583 508 afferatur
598 473 756 511 satietas,
773 476 954 518 praetereo.
1842 501 1874 526 36

187 536 353 570 Instituta
387 546 498 580 nuper
526 535 679 569 Polociae
704 534 796 570 1585
812 534 977 568 Mariana
1003 545 1021 568 e
1052 532 1262 567 scholastica
1286 533 1471 578 juventute
1489 533 1656 567 sodalitas
1673 544 1750 578 pre-
1777 539 1882 585 rolociae

136 599 226 633 tioso
241 598 371 632 donata
391 609 546 638 munere,
568 598 657 632 diva]
676 597 831 643 parentis
851 596 1005 641 Virginis
1032 595 1198 640 imagine,
1221 594 1346 628 divinis
1374 595 1408 628 in
1436 595 1599 629 mortales
1623 595 1751 630 celebri
1779 587 1865 641 {2¹³5ss
1876 578 1924 640 {22-

135 659 333 699 beneficiis;
356 670 459 704 quam
474 659 600 693 nobilis
624 659 796 704 religione
813 658 916 692 etiam
943 658 1085 692 foemina
1103 657 1137 690 in
1157 655 1304 690 aedicula
1322 667 1435 695 sacra,
1465 656 1605 690 deserta
1624 660 1657 691 et
1676 656 1753 691 fati-
1779 654 1909 719 {ffllfilmssffi

137 725 266 762 scente,
284 721 501 766 reparandas
516 721 797 767 circumspiciens
818 720 1018 766 parietinas,
1041 719 1211 764 objectam
1226 718 1368 762 reperit.
1391 718 1483 752 Luce
1504 717 1649 762 quadam
1664 717 1753 751 mira
1880 713 1885 718 ”

137 782 255 817 000105
274 783 406 828 pariter
425 786 459 817 et
482 783 633 817 animum
662 793 717 816 res
745 786 931 827 conspecta
953 780 1167 827 perstrinxit.
1203 780 1320 814 Sensit
1347 780 1498 826 prudens
1518 791 1554 814 se
1585 781 1751 814 monitam

137 844 180 878 de
199 843 401 878 collocanda
416 844 633 878 reverentius
649 843 814 888 imagine,
836 844 925 878 hanc
945 843 1006 877 illa
1032 843 1067 876 in
1086 853 1185 876 suum
1203 843 1338 888 accepit
1356 843 1533 877 conclave.
1555 843 1642 877 Aliis
1672 844 1752 878 inde

138 907 254 942 statim
269 907 416 952 aliisque
431 906 506 952 ipsa
521 918 598 940 cum
613 905 811 940 domesticis
827 905 949 939 terreri
965 904 1134 951 prodigiis
1149 919 1156 947 ς
1174 918 1217 941 ex
1231 907 1354 952 quibus
1371 907 1508 942 demum
1523 906 1749 946 intellectum,

138 968 306 1003 nobiliore
324 968 462 1014 signum
477 969 542 1002 1100
558 968 702 1013 dignum
717 978 795 1002 esse
809 966 898 1000 1000.
922 967 1042 1011 Itaque
1060 967 1232 1002 translata
1248 968 1438 1002 Polociam.
1843 979 1874 1005 37

185 1030 216 1065 A
235 1030 338 1064 rebus
356 1029 448 1064 laetis
475 1030 683 1064 revertimur
701 1028 745 1063 ad
764 1028 891 1067 tristia,
922 1028 1113 1074 iterumque
1140 1029 1360 1064 funeramus:
1387 1033 1469 1064 ante
1500 1029 1601 1071 alios,
1630 1029 1752 1076 palati·
1778 1020 1925 1085 (ἕζῗὲζῗξῄ

138 1104 219 1126 num
250 1091 489 1131 Sinolensciae,
525 1091 763 1125 Alexandrum
783 1091 969 1124 Corvinum
989 1091 1247 1133 Gosievskimn,
1271 1092 1379 1127 civem
1398 1093 1523 1138 patriae
1539 1096 1573 1127 et
1592 1093 1751 1128 omnibus
1778 1098 1925 1131 ristempus

1777 1144 1864 1170 supre-

137 1155 238 1189 bonis
256 1165 383 1189 carum.
407 1154 481 1188 Res
500 1164 521 1187 a
540 1165 577 1188 se
596 1153 689 1187 domi
707 1153 876 1199 praeclare
895 1153 1097 1199 militiaeque
1114 1157 1225 1199 gestae
1243 1153 1369 1189 litteris
1388 1154 1491 1189 etiam
1507 1154 1751 1188 historicorum
1778 1183 1860 1201 mum.

137 1217 181 1251 ad
210 1215 505 1250 immortalitatem
525 1219 740 1249 consecratae
760 1219 860 1255 sunt;
882 1215 916 1249 in
936 1216 1059 1260 quibus
1079 1227 1142 1250 500
1160 1215 1195 1250 10
1214 1216 1422 1251 Societatem
1441 1227 1577 1261 quoque
1596 1219 1752 1250 nostram

138 1278 247 1323 digna
266 1278 478 1323 sempiterna
497 1277 665 1311 memoria
682 1277 779 1322 legas
795 1277 983 1318 beneficia;
1005 1278 1095 1312 inter
1112 1278 1189 1312 11000
1216 1282 1296 1312 sunt
1316 1278 1383 1312 duo
1411 1277 1609 1323 praecipua:
1641 1278 1751 1313 Colle-

137 1339 233 1384 gium
266 1339 472 1379 Smolensci,
495 1339 632 1383 magnis
664 1339 736 1373 suis
763 1339 939 1373 conditum
966 1339 1101 1385 opibus,
1133 1343 1166 1374 et
1193 1343 1276 1374 nata
1306 1339 1388 1374 hinc
1416 1339 1572 1374 Vitebsci
1603 1339 1748 1374 colonia.

137 1401 274 1447 Dignus
302 1401 384 1436 item
412 1404 630 1446 posterorum
649 1401 829 1441 memoria,
863 1401 1013 1448 inclytus
1044 1401 1143 1436 factis
1173 1401 1379 1447 scriptisque
1409 1401 1569 1441 antistes,
1592 1401 1752 1437 Plocien-

137 1464 227 1498 sium
246 1463 441 1509 episcopus,
466 1462 664 1497 Stanislaus
687 1463 932 1498 Lubienskius.
1846 1497 1878 1521 38

185 1525 355 1570 Migravit
389 1524 446 1558 hic
476 1524 679 1558 meritorum
699 1524 834 1569 plenior
864 1536 967 1570 quam
986 1525 1134 1566 dierum,
1155 1536 1247 1559 anno
1278 1524 1499 1570 pontificatus
1525 1523 1576 1558 sui
1606 1523 1753 1558 Plocen-
1778 1535 1921 1561 Lubienski

139 1586 186 1620 sis
213 1586 316 1626 XIII,
339 1585 454 1619 aetatis
474 1585 623 1619 LXVII.
656 1585 799 1620 Litteris
831 1585 923 1619 domi
955 1587 1145 1627 institutus,
1169 1587 1313 1632 jamque
1344 1585 1456 1619 civilis
1489 1585 1620 1631 peritus
1645 1585 1749 1630 juris,
1778 1574 1902 1639 ῗξῖἑῗίἓξὶ

139 1648 361 1693 perficiendae
376 1647 543 1682 doctrinae
558 1647 672 1681 studio
687 1647 887 1682 academica
906 1652 1129 1682 externorum
1147 1648 1228 1682 visit
1242 1647 1439 1693 gymnasia.
1461 1646 1643 1681 Excultior
1656 1646 1751 1687 inde,

140 1708 257 1744 oculos
277 1709 402 1743 civium
421 1712 456 1743 et
473 1708 608 1742 animos
629 1708 663 1742 in
680 1720 716 1743 se
740 1710 924 1743 convertit.
947 1709 1112 1744 Certatim
1132 1709 1182 1743 illi
1209 1709 1423 1744 Stanislaum
1442 1708 1487 1743 ad
1508 1709 1704 1743 sacerdotia
1722 1712 1756 1743 et

139 1771 280 1818 publica
294 1770 407 1805 officia
420 1770 579 1804 invitare.
602 1769 751 1804 Admisit
766 1770 834 1810 1110,
852 1781 958 1815 prope
977 1770 1187 1816 compulsus,
1210 1770 1280 1804 alia
1294 1774 1372 1816 post
1390 1769 1460 1803 alia
1474 1780 1639 1803 munera:
1666 1769 1754 1804 infu-

140 1832 207 1874 las,
229 1833 474 1872 Tinecensem,
497 1832 780 1872 Luceoriensem,
803 1831 1006 1866 Plocensem
1025 1845 1032 1872 ;
1054 1832 1144 1867 idem
1160 1832 1307 1866 antehac
1326 1831 1427 1877 regni
1447 1830 1753 1877 procancellarius.

143 1894 338 1940 Episcopus
358 1893 468 1928 multa
487 1893 655 1939 praeclare
679 1893 840 1933 instituit,
863 1893 988 1927 multos
1015 1893 1059 1927 ad
1077 1897 1230 1928 veterem
1249 1893 1417 1928 Ecclesiae
1436 1892 1654 1937 disciplinam
1672 1904 1754 1927 eru-

143 1955 229 1990 divit
243 1959 315 1990 tum
344 1956 416 1990 suis
435 1955 615 2001 exemplis,
638 1959 711 1989 tum
730 1955 898 1989 bonorum
918 1956 1132 2001 pontificum,
1154 1954 1374 1989 Plocensium
1394 1954 1426 1987 in
1446 1953 1582 1999 primis;
1612 1965 1757 1998 quorum

142 2019 233 2056 acta,
255 2015 411 2050 imitator
430 2015 574 2061 elegans
590 2016 681 2050 idem
700 2020 734 2050 et
749 2017 908 2062 scriptor,
931 2017 1192 2051 commendavit.
1216 2016 1345 2050 Plociae
1363 2014 1530 2060 templum
1557 2015 1757 2050 cathedrale

142 2089 160 2113 e
179 2078 251 2112 suis
270 2077 382 2112 erexit
397 2078 581 2112 ruderibus
601 2082 635 2112 et
654 2079 856 2119 exornavit;
879 2080 1090 2124 chorumque
1109 2078 1250 2117 ibidem,
1273 2078 1331 2123 qui
1350 2077 1483 2111 diurnis
1501 2076 1598 2110 horis
1619 2080 1758 2112 noctur-

143 2139 264 2184 nisque
284 2139 357 2174 Deo
376 2139 579 2185 psallerent,
603 2151 621 2173 e
638 2139 757 2174 decem
775 2144 809 2174 et
827 2151 949 2174 novem
969 2140 1208 2174 sacerdotibus
1227 2139 1388 2173 instituit.
1411 2138 1621 2173 Societatem
1640 2138 1761 2173 dilexit

143 2201 175 2235 in
196 2200 335 2235 modum
360 2201 464 2246 plane
494 2205 679 2247 paternum
704 2214 710 2235 z
733 2202 895 2236 laudator
910 2202 985 2247 ejus
1004 2206 1037 2236 et
1056 2202 1132 2247 pius
1151 2201 1325 2235 defensor.
1348 2199 1504 2245 Inopiam
1524 2199 1761 2235 Pultoviensis

143 2262 288 2307 Collegii
312 2273 490 2296 nummum
517 2262 670 2296 millibus
701 2262 818 2297 decem
851 2263 1059 2298 sublevavit.
1080 2265 1119 2298 In
1138 2264 1207 2303 his,
1229 2264 1352 2309 quibus
1381 2274 1400 2297 e
1419 2262 1593 2297 Societate
1612 2262 1759 2297 familia-

141 2324 213 2358 rius
232 2324 410 2364 utebatur,
431 2324 496 2359 fuit
515 2324 672 2359 Mathias
691 2324 905 2365 Sarbievius,
936 2325 970 2358 id
990 2325 1078 2369 quod
1099 2315 1227 2360 litterae
1250 2325 1354 2359 etiam
1374 2336 1447 2358 suae
1484 2324 1575 2358 ultro
1604 2324 1760 2370 citroque

141 2385 232 2420 datae
251 2385 463 2431 significant,
492 2386 594 2432 quale
624 2390 752 2431 praeter
779 2386 849 2420 alia
874 2386 959 2420 illud
980 2386 1138 2421 Lubienii
1167 2386 1213 2421 ad
1231 2386 1401 2420 Mathiam
1432 2397 1438 2419 :
1465 2400 1479 2414 u
1502 2390 1668 2431 tanquam
1687 2397 1756 2420 non

144 2461 159 2475 α
182 2458 270 2481 unus
286 2458 327 2481 ex
342 2448 427 2482 meis
446 2459 554 2486 esses,
571 2447 620 2481 ita
639 2447 734 2487 siles,
758 2448 934 2488 Sarbievi;
958 2448 1083 2488 nescis,
1102 2460 1165 2483 nos
1183 2449 1325 2483 ultrices
1341 2447 1475 2482 decoris
1493 2447 1604 2481 nostri
1622 2446 1754 2482 habere
1779 2449 1782 2453 '

145 2521 160 2536 α
183 2519 305 2542 manus
324 2512 358 2544 et
376 2509 478 2544 bilem
500 2509 536 2544 in
563 2519 645 2543 naso
657 2509 750 2546 Zsed
778 2521 844 2555 ego
868 2510 933 2544 hac
961 2521 1028 2543 non
1049 2513 1147 2551 utar-3
1184 2522 1227 2545 ne
1257 2514 1395 2555 poetam
1420 2509 1566 2548 irritem,
1590 2520 1669 2543 nam
1690 2509 1754 2543 hoc
