2184 2953
605 296 710 324 LIBER
733 295 887 325 TERTIUS
911 296 1122 336 (1580-1590).
1651 295 1708 327 105

103 392 286 441 gymnasio
305 391 421 426 miseri
438 395 647 436 exegerant;
670 390 798 425 ibidem
822 393 855 425 et
878 390 1071 424 cubiculum
1103 393 1137 424 et
1166 388 1354 423 triclinium
1384 392 1418 423 et
1445 389 1605 434 precibus
1637 390 1708 423 suis

100 455 264 501 templum
296 454 399 487 nacti.
420 453 637 487 Revixerunt
668 453 711 487 ad
744 453 927 488 Possevini
958 453 1118 493 reditum,
1148 451 1305 485 custodia
1321 451 1553 496 aerumnisque
1571 451 1709 486 liberati

100 528 176 551 cuni
196 514 312 549 multis
339 518 467 559 praeter
495 525 532 548 se
564 514 722 559 captivis,
746 514 911 559 Hispanis
939 514 1043 548 etiam
1062 516 1095 547 et
1114 512 1223 553 Italis,
1253 512 1311 557 qui
1338 524 1356 546 e
1382 512 1411 546 T
1415 524 1573 547 urcaruni
1601 513 1709 559 elapsi

97 576 243 611 vinculis
262 587 322 621 per
341 575 453 608 invias
472 574 648 609 Maeotidis
669 576 814 621 paludes
832 576 1041 621 aufugerant
1059 576 1095 609 in
1113 574 1340 621 Moscoviam.

149 638 195 673 At
214 638 256 671 de
285 637 469 682 religione,
500 641 681 682 tantopere
713 638 778 671 sibi
811 649 831 672 a
866 637 1036 672 Pontifice
1066 637 1213 681 aliisque
1243 636 1456 682 principibus
1486 647 1548 681 per
1576 635 1713 681 legatos

99 698 350 737 commendata,
373 709 415 731 ne
433 697 642 732 mentionem
670 697 808 742 quidem
839 698 957 732 inferri
985 698 1180 732 sustinebat
1207 697 1395 737 Basilides,
1418 708 1480 742 per
1505 696 1659 731 vladicas
1678 696 1710 742 (1)

99 773 191 801 suOS,
220 761 434 804 batavosque
466 759 648 793 haereticos
680 763 713 793 et
732 759 946 793 britannicos
977 770 998 792 a
1028 763 1142 794 mente
1173 758 1342 804 ejusmodi
1373 758 1533 803 omnique
1565 757 1710 791 salutari

98 820 241 857 consilio
261 820 441 854 deductus.
466 820 597 854 Infecta
624 820 730 865 igitur
757 832 806 861 re,
830 820 974 854 meliora
993 821 1089 866 genti
1113 824 1286 866 precatus,
1317 820 1429 866 prima
1458 820 1549 854 veris
1580 823 1709 864 tempe-

97 887 198 922 state,
219 881 329 927 pridie
345 881 421 915 idus
437 882 593 922 martias,
616 880 805 915 Moscovize
824 892 1023 926 supremum
1041 882 1127 916 dixit
1144 893 1215 916 non
1232 881 1407 916 rediturus
1427 880 1589 926 deinceps
1621 880 1706 914 Pos-

95 944 246 979 sevinus.
268 943 464 977 Abeuntem
478 943 607 976 treceni
623 942 754 987 equites
773 942 977 976 Moscovitae
993 943 1037 976 ad
1053 947 1199 988 quatuor
1213 942 1321 976 millia
1340 953 1505 987 passuum
1519 941 1705 988 prosecuti.

96 1004 308 1044 Smolensco,
331 1003 388 1037 ubi
407 1014 468 1037 sex
487 1003 561 1037 dies
581 1014 624 1037 ex
644 1003 768 1037 itinere
800 1002 992 1047 quieverat,
1012 1003 1141 1049 Rigam
1173 1016 1250 1038 cum
1282 1004 1393 1038 Sociis
1423 1004 1467 1037 ad
1495 1003 1708 1048 Stephanum

97 1078 215 1113 regen]
238 1077 402 1112 pergens,
426 1066 563 1106 Orsam,
587 1066 667 1100 inde
687 1066 901 1106 Vitebscum,
923 1066 1114 1112 emporium
1132 1066 1232 1100 Alb-ee
1251 1066 1392 1100 Russiae
1417 1065 1549 1099 civibus
1568 1069 1602 1099 et
1632 1076 1712 1099 con—

95 1129 191 1163 venis
209 1128 385 1172 frequens,
403 1127 492 1161 visit.
513 1128 579 1161 Hic
597 1128 631 1161 in
648 1128 759 1173 primo
775 1128 894 1163 limine
909 1130 1036 1174 hospes
1050 1130 1269 1169 admonetur,
1288 1127 1516 1168 sacerdotem,
1535 1128 1710 1162 curionem

96 1189 254 1229 civicum,
276 1200 394 1223 senem
416 1199 527 1222 annos
550 1193 670 1222 natum
689 1190 879 1235 octoginta,
896 1191 970 1236 jam
989 1202 1096 1236 prope
1114 1191 1265 1224 animam
1287 1201 1394 1235 agere
1413 1202 1419 1223 :
1442 1190 1623 1235 discupere
1650 1189 1711 1223 1111-

98 1262 213 1286 serum
232 1251 265 1284 in
286 1251 352 1284 ista
371 1261 391 1283 a
410 1250 590 1284 catholicis
614 1250 813 1290 solitudine,
833 1256 938 1297 atque
962 1263 1075 1292 orare,
1098 1252 1261 1286 sacerdos
1281 1262 1445 1285 romanus
1463 1251 1588 1295 aliquis
1612 1250 1713 1284 mori-

98 1313 212 1348 bundo
241 1313 305 1347 sibi
332 1316 369 1346 ut
394 1312 496 1346 adsit.
520 1312 549 1346 E
568 1312 715 1357 vestigio
734 1312 779 1346 ad
803 1325 936 1358 regrum
966 1314 1088 1348 Socius
1110 1314 1291 1347 possevini
1318 1313 1542 1347 Drenoccius.
1566 1312 1713 1357 Compos

99 1375 169 1409 voti
187 1375 298 1409 bonus
325 1374 388 1415 vir,
411 1374 569 1408 omnibus
596 1374 640 1407 ad
668 1386 864 1420 supremam
884 1375 1013 1410 luctam
1045 1376 1216 1421 praesidns
1244 1376 1486 1416 communitus,
1509 1375 1625 1410 multis
1651 1386 1713 1421 pro

100 1437 221 1472 eodem
240 1436 407 1470 beneficio
428 1436 560 1481 gratias
581 1436 653 1470 Deo
680 1448 803 1482 agens,
825 1437 936 1472 altero
956 1443 1032 1484 post
1052 1439 1107 1473 die
1126 1439 1249 1484 plenus
1277 1437 1378 1473 bonae
1406 1438 1479 1484 spei
1499 1437 1711 1472 dissolvitur.

102 1498 177 1533 Hoc
204 1497 396 1537 demortuo,
418 1498 491 1543 jam
511 1497 546 1531 in
564 1498 660 1538 urbe,
680 1502 807 1543 praeter
834 1499 985 1533 viatores
1006 1500 1137 1541 Socios,
1160 1500 1290 1545 reliquo
1310 1499 1589 1534 Vitebscensium
1614 1498 1716 1544 gregi

101 1560 269 1595 catholico
289 1559 451 1593 sacerdos
472 1559 608 1599 nullus;
630 1571 707 1593 cum
734 1560 873 1595 interim
901 1561 974 1595 dies
1000 1562 1089 1596 sacri
1109 1562 1292 1596 Paschatis
1310 1565 1527 1607 appeterent.
1549 1561 1662 1605 Atque
1681 1560 1716 1593 id

103 1626 177 1656 erat
196 1632 323 1660 causae,
345 1632 405 1654 cur
423 1621 635 1655 Possevinus
655 1622 884 1656 Drenoccium
912 1635 988 1657 cum
1017 1623 1191 1657 Michaele
1218 1623 1331 1662 Socio,
1354 1623 1412 1668 qui
1431 1633 1555 1656 munus
1575 1622 1717 1668 parochi

105 1683 241 1718 obirent
267 1683 448 1728 tantisper,
472 1682 552 1716 dum
570 1693 590 1716 a
610 1694 672 1716 suo
691 1685 845 1719 antistite
874 1685 1038 1720 suffectus
1066 1686 1206 1719 adesset
1224 1688 1354 1730 pastor,
1375 1683 1574 1729 postulante
1594 1683 1629 1716 id
1645 1687 1717 1716 tum

105 1759 142 1782 re
161 1747 248 1793 ipsa,
271 1750 344 1780 tum
370 1745 520 1792 praeside
551 1746 676 1779 civium
707 1747 861 1791 palatino
894 1748 1068 1782 Stanislao
1090 1748 1174 1787 Pac,
1197 1745 1242 1780 ad
1259 1745 1425 1791 templum
1451 1744 1580 1779 curiale
1607 1744 1717 1779 relin-

105 1813 236 1855 queret.
261 1808 397 1853 Hospes
420 1807 500 1841 inde
524 1807 677 1841 Polociae
696 1819 829 1842 sumnia
848 1813 921 1843 tum
941 1809 1100 1854 Collegii.
1121 1814 1194 1843 tum
1217 1808 1367 1842 civitatis
1390 1807 1514 1841 laetitia
1541 1810 1574 1841 et
1597 1810 1715 1851 gratu-

104 1872 232 1907 latione
248 1876 424 1916 exceptus.
448 1870 548 1909 Quod
568 1871 678 1905 Sociis
698 1871 937 1917 gratularetur
960 1871 1111 1905 vicissim
1134 1871 1220 1916 ipse,
1243 1874 1318 1904 erat
1333 1873 1460 1915 praeter
1474 1869 1543 1903 alia
1558 1868 1717 1914 pertinax

106 1945 205 1968 suum
224 1933 361 1968 virtutis
387 1932 551 1972 studium,
574 1933 723 1967 maxime
755 1932 952 1977 patientiae3
975 1944 1075 1977 quam
1108 1944 1209 1978 porro
1235 1931 1433 1976 insigniter,
1454 1934 1492 1964 ut
1520 1935 1714 1975 occeperat,

106 1994 280 2040 palatinus
300 2004 382 2028 suus
410 1994 731 2039 Dorohostayskius
759 2006 921 2028 exercere
950 2006 1017 2028 non
1046 1994 1215 2029 cessabat.
1249 1992 1550 2027 praestolabantur
1568 1992 1624 2025 hic
1651 2003 1718 2025 11011

109 2057 199 2092 Socii
218 2061 361 2096 tantum,
381 2057 441 2090 sed
460 2057 552 2091 cives
572 2057 686 2097 etiam,
706 2065 743 2091 ut
763 2057 859 2091 urbis
878 2058 985 2097 illius,
1000 2058 1049 2091 sic
1067 2056 1255 2103 provinciae
1267 2054 1534 2101 praediatoribus
1546 2054 1720 2100 regundo-

108 2131 249 2165 rumque
276 2119 397 2153 finium
423 2119 577 2160 arbitris,
606 2131 691 2165 quos
723 2119 828 2164 vulgo
857 2119 1112 2153 commissarios
1143 2128 1326 2157 vocamus,
1360 2117 1416 2162 qui
1443 2128 1499 2150 res
1526 2117 1663 2157 civium,
1685 2117 1719 2150 in

108 2182 227 2228 primis
247 2181 393 2226 Collegii
412 2182 534 2221 nostri,
556 2193 574 2216 e
593 2181 731 2216 decreto
758 2181 856 2226 regio
880 2180 1079 2215 definirent.
1101 2181 1188 2214 Tres
1210 2179 1255 2213 ad
1277 2178 1311 2212 id
1330 2190 1454 2212 munus
1473 2178 1597 2212 delecti
1615 2191 1621 2212 :
1644 2178 1720 2212 Sta-

110 2242 240 2277 nislaus
257 2242 503 2276 Naruszewicz
523 2242 838 2276 Mscislaviensium
864 2242 1090 2281 castellanus,
1113 2242 1165 2274 vir
1185 2239 1397 2274 Calvinianis
1420 2251 1488 2273 non
1515 2239 1665 2284 iniquus,
1688 2243 1721 2274 et

110 2304 295 2340 Monvidus
316 2303 651 2349 Dorohostayskffls,
674 2315 820 2349 quocum
838 2304 965 2337 nostris
984 2303 1026 2337 lis
1045 2307 1132 2342 erat,
1154 2301 1398 2336 Polocensium
1414 2301 1596 2335 Palatinus
1614 2314 1620 2335 :
1643 2301 1722 2335 sub-

112 2370 253 2401 ornatus
269 2370 413 2411 uterque
432 2365 475 2399 ab
492 2365 682 2400 Eustachio
698 2365 902 2400 XVollowicz
922 2364 1130 2399 cancellario
1151 2364 1334 2405 Lituaniee,
1352 2363 1471 2398 ultimo
1493 2363 1534 2397 de
1562 2362 1723 2396 illustris-

112 2427 198 2462 sima
222 2430 327 2472 gente
346 2438 409 2461 sua
435 2427 681 2461 haereticarum
701 2426 850 2472 partium
870 2428 1040 2461 sectatore
1059 2438 1065 2466 ;
1096 2426 1217 2460 tertius
1244 2425 1298 2459 his
1317 2429 1351 2460 et
1372 2424 1553 2469 religionis
1581 2425 1725 2458 sincera]

154 2501 193 2537 (¹1)
217 2500 271 2540 [Ita
284 2510 382 2536 nempe
398 2503 545 2536 episcopos
559 2510 625 2529 suos
642 2506 739 2529 vocant
759 2499 871 2538 Russi]

1569 2550 1597 2575 14

1737 385 1801 413 1582

1740 630 1872 657 Basilides

1740 669 1771 695 dc
1780 669 1884 703 religio-

1741 717 1772 734 ne
1786 709 1886 742 respuit

1739 750 1882 775 consilium.

1735 929 1852 955 Possevi-

1736 974 1785 991 nus
1801 967 1865 992 visit

1737 1006 1827 1031 Orsam
1846 1008 1873 1031 et

1737 1045 1840 1070 Vitebs-

1738 1092 1803 1110 cum.

1742 1511 1830 1538 Socius
1840 1520 1884 1545 pro

1742 1553 1847 1579 curione

1743 1593 1859 1619 Vitebsci

1743 1631 1867 1664 relinqui-

1743 1672 1796 1696 tur.

1746 2040 1784 2065 De
1814 2041 1892 2066 rebus

1746 2080 1847 2113 collegii

1746 2121 1864 2147 Polocen-
1883 2141 1886 2145 .

1747 2161 1783 2187 sis
1841 2159 1892 2185 dis-

1747 2199 1866 2232 eeptatio.
