2184 2953
392 272 432 304 32
772 272 1044 303 LITUANICARUM
1068 272 1279 302 SOCIETATIS
1301 272 1387 302 JESU
1410 271 1661 302 HISTORIARUM

222 362 285 388 1568
391 374 550 420 gensium
568 375 794 411 mostellaria.
826 376 935 411 Nulla
953 376 1046 410 hunc
1065 375 1189 411 deinde
1208 375 1390 416 maleficia,
1421 386 1491 410 non
1503 375 1630 421 jactati
1648 376 1682 409 in
1702 379 1806 421 caput
1825 376 1867 411 de
1891 377 2014 424 plateis

392 437 542 484 lapides,
564 450 635 474 non
652 440 835 475 morticina
854 444 935 475 ante
954 440 1045 474 fores
1065 451 1212 485 arasque
1231 440 1334 474 etiam
1356 448 1448 483 saepe
1465 437 1585 483 templi
1604 437 1772 483 projecta,
1790 449 1860 472 non
1878 440 2010 480 sordes,

394 500 636 547 obscoenaeque
662 501 848 547 imagines,
886 501 1109 546 carminaque
1136 501 1171 535 in
1202 501 1358 547 papistas
1377 499 1466 541 dira,
1488 511 1558 534 non
1588 499 1668 534 aliae
1685 499 1849 547 ,crudeles
1873 500 2012 547 injuriae

392 565 436 600 de
471 565 616 601 statione
650 565 827 611 depulere.
868 565 1047 601 Adversus
1065 565 1135 599 vim
1162 565 1388 610 fraudemque
1421 564 1548 599 virtute
1574 564 1734 605 obnixus,
1756 564 2012 610 malignitatem

390 627 570 663 hominum
607 628 812 674 superabat;
843 627 1025 673 effecitque
1061 638 1103 661 ea
1137 626 1202 660 viri
1230 626 1437 668 constantia,
1477 630 1514 661 ut
1549 627 1674 673 religio
1694 627 1863 662 catholica
1890 628 2011 663 Elbin-

214 691 243 717 P·
263 690 334 717 Phae
391 702 448 736 gae
478 689 736 725 convalesceret
768 689 964 735 insigniter.
1007 691 1046 724 In
1083 701 1123 723 eo
1156 693 1282 723 conatu
1318 689 1457 731 Petrus,
1505 690 1664 724 omnibus
1699 690 1827 725 frustra
1857 694 2011 726 tentatus

212 729 332 795 ῑὲξὲῗῗε
390 757 508 799 aperte
538 752 732 792 maleficiis,
767 763 901 787 veneno
937 751 1085 797 denique
1111 751 1269 786 sublatus
1288 755 1340 786 est
1372 752 1420 797 (1).
1454 752 1495 786 In
1524 751 1628 797 hujus
1664 752 1774 787 vicem
1805 753 1955 799 operarii
1992 765 2010 789 e

389 814 673 861 Brunsbergensi
709 814 877 859 Collegio‚
915 813 1097 859 Philippus
1132 812 1431 853 Vidmanstadius,
1469 824 1669 859 germanus,
1691 818 1725 848 et
1759 814 1873 849 Lucas
1901 815 2009 850 Kras-

388 876 573 916 sowskius,
592 875 752 922 polonus,
773 886 984 909 successere.

208 925 279 976 '1569
437 939 513 977 Quo
532 949 624 973 anno
654 938 817 972 Lituania
837 938 872 983 (a)
909 937 1095 983 conjuncta
1123 948 1201 970 cum
1231 947 1339 981 regno
1371 935 1527 970 Poloniae
1554 936 1604 970 ita
1632 935 1760 971 coaluit
1778 948 1841 983 per
1870 938 2009 974 comitia

216 983 323 1049 vilriiin
388 1000 569 1046 utriusque
596 1000 710 1046 gentis
738 1000 878 1034 Lublini
907 999 1040 1039 habita,
1062 1002 1100 1032 ut
1134 1002 1167 1033 et
1198 998 1287 1033 ratio
1316 998 1468 1044 eligendi
1495 999 1589 1044 regis
1619 1010 1659 1033 ac
1691 1003 1846 1045 potestas
1874 1001 2009 1047 utrique

213 1062 300 1106 Socios
322 1062 365 1088 de·
390 1063 581 1097 communis
599 1067 703 1101 esset,
725 1067 759 1097 et
777 1074 838 1097 rex
872 1062 1085 1096 Polonorum
1117 1061 1209 1095 idem
1228 1072 1376 1107 magnus
1396 1061 1627 1096 Lituanorum
1646 1061 1716 1096 dux
1735 1062 1923 1098 haberetur
1940 1076 1946 1098 :
1966 1075 2007 1099 eo

213 1100 367 1166 ἱίῡᾚὲξὲ-
391 1124 601 1160 Societatem
627 1124 687 1159 illa
718 1107 872 1159 nostrain
891 1124 1025 1169 accepit
1044 1123 1185 1157 Vilnam
1211 1134 1273 1169 per
1292 1134 1392 1157 suum
1423 1122 1625 1169 episcopum
1656 1123 1883 1158 Valerianum
1906 1124 2007 1160 Szus-

213 1179 324 1247 {¹31AE
326 1200 332 1206 ·
389 1187 591 1221 zkovskium
623 1187 856 1221 Protasevicz.
887 1187 982 1221 Duos
1017 1197 1059 1220 ex
1092 1185 1328 1220 Olomuciensi
1361 1185 1517 1230 Collegio
1540 1185 1754 1227 sacerdotes,
1788 1186 2006 1223 Baltasarem

388 1249 621 1283 Hostovinum
641 1252 674 1284 et
691 1249 869 1284 Andrean]
903 1248 1056 1283 Frisium
1075 1247 1110 1294 (3)
1135 1259 1213 1282 cum
1234 1247 1378 1282 totidem
1397 1247 1611 1293 adjutoribus
1630 1247 1741 1289 laicis,
1764 1248 1822 1293 qui
1836 1249 2006 1296 tantisper

387 1313 514 1355 Vilnae‚
565 1318 731 1359 tanquam
761 1314 797 1348 in
844 1313 1007 1353 statione,
1059 1311 1253 1357 Collegium
1305 1315 1561 1357 exspectarent,
1596 1311 1819 1358 provincialis
1864 1312 2006 1348 deduxit

382 1376 592 1411 Franciscus
620 1376 828 1411 Sunnerius.
851 1376 976 1410 Statim
1016 1378 1052 1409 ut
1084 1374 1126 1408 de
1156 1374 1309 1409 adventu
1336 1374 1493 1420 proximo
1526 1373 1657 1420 accepit
1687 1374 1895 1410 Valerianus
1914 1387 2005 1410 nun-

382 1438 481 1480 tium,
504 1438 644 1473 obviam
663 1442 697 1473 et
723 1438 851 1473 rhedas
870 1442 905 1473 et
932 1437 1133 1472 comitatum
1151 1447 1193 1470 ex
1223 1435 1302 1470 aula
1321 1436 1425 1471 mittit
1458 1436 1698 1471 lectissimum.
1719 1437 1890 1472 Sunnerio
1910 1449 2001 1479 eam,

381 1506 419 1537 ut
437 1514 515 1548 quae
534 1514 603 1537 non
622 1514 695 1537 suae
714 1502 956 1548 religiosorum
974 1501 1152 1539 hominum
1172 1499 1330 1546 apposita
1356 1499 1446 1535 foret
1464 1500 1655 1541 modestiae,
1688 1500 1899 1546 deprecante
1926 1513 1947 1536 a
1967 1512 2004 1536 se

379 1577 551 1611 pompam,
574 1569 788 1600 armatorum
806 1565 949 1611 insuper
968 1564 1110 1599 advolat
1125 1568 1256 1604 turma;
1279 1564 1322 1598 ab
1337 1563 1493 1598 antistite
1511 1566 1691 1597 contracta
1708 1562 1753 1597 ad
1772 1563 1854 1604 vim,
1868 1563 2003 1609 siquam

379 1627 535 1662 haeretici
566 1639 643 1662 cum
675 1639 736 1662 suo
766 1626 925 1661 Vilnensi
956 1625 1119 1661 Palatino
1151 1625 1431 1672 ingredientibus
1464 1624 1645 1665 afferrent,
1682 1625 1715 1658 vi
1748 1625 1998 1671 repellendam.

382 1688 593 1723 Suboluerat
611 1688 774 1723 nimirum
799 1688 867 1722 illis
886 1687 1097 1729 hominibus,
1121 1688 1203 1734 quid
1226 1687 1408 1734 episcopus
1428 1688 1595 1722 adversus
1615 1688 1766 1733 partium
1789 1691 1904 1723 castra
1922 1699 2001 1722 sua-

380 1761 471 1791 rum,
492 1751 673 1796 religionis
693 1751 855 1786 defensor
874 1762 966 1790 acer,
985 1751 1178 1786 moliretur.
1199 1752 1320 1797 Itaque
1339 1751 1443 1791 Socii,
1466 1750 1524 1795 qui
1541 1761 1577 1784 se
1596 1749 1758 1795 pedibus,
1780 1750 2001 1795 quemadmo-

381 1813 463 1848 dum
482 1814 573 1849 inter
592 1825 628 1849 se
647 1813 887 1855 condixerant,
910 1814 1040 1850 inferre
1059 1815 1278 1855 maluissent,
1302 1814 1511 1850 asseclarum
1531 1813 1582 1847 illi
1600 1813 1767 1847 nobilium
1786 1812 2001 1859 militumque

381 1876 547 1911 comitatu
567 1877 669 1922 septi,
691 1877 726 1911 in
751 1877 872 1911 urbem
891 1876 944 1911 via
964 1878 1141 1912 consulari
1160 1878 1390 1918 invehuntur3
1413 1876 1531 1911 effusis
1550 1875 1704 1921 undique
1723 1875 1863 1915 urbicis,
1887 1875 2000 1910 studio

382 1938 521 1973 videndi
536 1939 704 1979 advenas,
726 1938 893 1984 dissipato
908 1939 981 1984 jam
998 1944 1078 1974 ante
1098 1951 1235 1975 rumore
1254 1939 1417 1979 celebres,
1440 1938 1530 1972 ultro
1550 1937 1704 1983 citroque
1723 1937 1995 1972 occursantibus.

383 1999 506 2035 Mense
526 2000 713 2046 septembri
741 2000 863 2035 urbem
881 2000 1090 2046 domumque
1118 2004 1348 2046 praeparatam
1377 1998 1526 2033 subiere.
1550 1998 1615 2036 Qui
1634 1997 1814 2043 religionis
1842 1997 1999 2032 fueritin

381 2062 522 2096 civitate
542 2066 652 2096 status
682 2062 808 2102 adhuc,
830 2062 1072 2103 narravimus3
1095 2063 1176 2108 quid
1195 2074 1298 2108 porro
1319 2060 1435 2107 oppidi
1465 2060 1541 2105 ipsa
1560 2060 1604 2094 sit
1622 2059 1739 2101 Vilna,
1762 2071 1831 2094 non
1849 2064 1998 2105 praeter-

380 2124 530 2158 eundum
564 2124 727 2158 silentio:
749 2128 802 2158 est
831 2124 922 2158 enim
952 2124 1034 2158 urbs
1054 2123 1315 2158 Lituanicarum
1340 2121 1493 2157 omnium
1512 2125 1627 2168 caput,
1650 2122 1816 2167 cujusque
1848 2121 1997 2164 civitatis

381 2186 534 2231 insignia
553 2189 634 2221 sunt
652 2186 687 2220 in
708 2186 917 2221 Societatem
935 2185 1116 2220 beneficia.

429 2248 590 2286 Quatuor
610 2247 719 2282 hodie
749 2247 843 2293 ipsas
862 2247 1060 2294 frequentes
1081 2246 1265 2282 Societatis
1283 2246 1403 2294 domos
1418 2245 1549 2280 ambitu
1567 2257 1629 2280 suo
1648 2245 1887 2291 complectitui
1917 2257 1996 2291 pro-

382 2309 566 2350 fessorum,
603 2309 896 2349 academicorum,
930 2310 1154 2351 novitio1um,
1187 2313 1221 2344 et
1245 2308 1438 2355 ι1111110111111,
1472 2308 1529 2353 qui
1557 2307 1738 2342 Societatis
1756 2307 1824 2342 11111
1856 2307 1995 2342 tertium

430 2422 470 2459 (1)
487 2421 518 2450 V.
537 2422 618 2451 Joan.
632 2422 689 2450 Leo
712 2422 738 2450 111
752 2421 824 2450 Hist.
838 2422 932 2452 Piuss.
947 2431 1010 2462 pag.
1029 2423 1097 2451 436.
1103 2420 1182 2460 —(2
1186 2421 1194 2459 )
1213 2420 1243 2451 P.
1259 2420 1431 2456 Kojalovioz‚
1449 2421 1565 2450 MisccH.
1580 2429 1645 2459 pag.
1664 2422 1751 2450 96.—
1765 2420 1803 2457 (3)
1819 2419 1857 2448 Do
1874 2421 1995 2448 adventu

382 2474 500 2512 plurium
517 2476 662 2505 Sociorum
686 2476 740 2505 vid.
756 2484 830 2505 num.
