<?xml version="1.0" encoding="UTF-8"?>
<!DOCTYPE html PUBLIC "-//W3C//DTD XHTML 1.0 Transitional//EN"
    "http://www.w3.org/TR/xhtml1/DTD/xhtml1-transitional.dtd">
<html xmlns="http://www.w3.org/1999/xhtml" xml:lang="en" lang="en">
 <head>
  <title>
</title>
<meta http-equiv="Content-Type" content="text/html;charset=utf-8" />
  <meta name='ocr-system' content='tesseract 3.04.00' />
  <meta name='ocr-capabilities' content='ocr_page ocr_carea ocr_par ocr_line ocrx_word'/>
</head>
<body>
  <div class='ocr_page' id='page_1' title='image "./lituanicarumsoci00rost_0053.png"; bbox 0 0 2184 2953; ppageno 0'>
   <div class='ocr_carea' id='block_1_1' title="bbox 673 298 1166 335">
    <p class='ocr_par' dir='ltr' id='par_1_1' title="bbox 673 298 1166 335">
     <span class='ocr_line' id='line_1_1' title="bbox 673 298 1166 335; baseline 0.004 -9"><span class='ocrx_word' id='word_1_1' title='bbox 673 298 778 327; x_wconf 78' lang='lat' dir='ltr'>LIBER</span> <span class='ocrx_word' id='word_1_2' title='bbox 803 299 937 328; x_wconf 87' lang='lat' dir='ltr'>PRIMUS</span> <span class='ocrx_word' id='word_1_3' title='bbox 959 300 1166 335; x_wconf 74' lang='lat'>(1564-1570).</span> 
     </span>
    </p>
   </div>
   <div class='ocr_carea' id='block_1_2' title="bbox 136 387 1917 618">
    <p class='ocr_par' dir='ltr' id='par_1_2' title="bbox 136 387 1917 618">
     <span class='ocr_line' id='line_1_2' title="bbox 185 387 1829 435; baseline -0.001 -12"><span class='ocrx_word' id='word_1_4' title='bbox 185 403 199 418; x_wconf 70' lang='lat' dir='ltr'><strong>a</strong></span> <span class='ocrx_word' id='word_1_5' title='bbox 222 388 355 424; x_wconf 89' lang='lat' dir='ltr'><strong>Partim</strong></span> <span class='ocrx_word' id='word_1_6' title='bbox 373 387 474 423; x_wconf 88' lang='lat' dir='ltr'><strong>officii</strong></span> <span class='ocrx_word' id='word_1_7' title='bbox 492 387 559 423; x_wconf 89' lang='lat' dir='ltr'><strong>mei</strong></span> <span class='ocrx_word' id='word_1_8' title='bbox 586 399 729 430; x_wconf 90' lang='lat' dir='ltr'><strong>memor,</strong></span> <span class='ocrx_word' id='word_1_9' title='bbox 749 401 814 435; x_wconf 90' lang='lat' dir='ltr'><strong>quo</strong></span> <span class='ocrx_word' id='word_1_10' title='bbox 835 389 1001 424; x_wconf 76' lang='lat' dir='ltr'><strong>Ecclesiae</strong></span> <span class='ocrx_word' id='word_1_11' title='bbox 1032 388 1158 424; x_wconf 80' lang='lat' dir='ltr'>Christi</span> <span class='ocrx_word' id='word_1_12' title='bbox 1189 392 1224 423; x_wconf 89' lang='lat' dir='ltr'><strong>et</strong></span> <span class='ocrx_word' id='word_1_13' title='bbox 1253 388 1423 435; x_wconf 90' lang='lat' dir='ltr'><strong>meipsum</strong></span> <span class='ocrx_word' id='word_1_14' title='bbox 1449 391 1483 423; x_wconf 92' lang='lat' dir='ltr'><strong>et</strong></span> <span class='ocrx_word' id='word_1_15' title='bbox 1510 388 1626 422; x_wconf 89' lang='lat' dir='ltr'><strong>omnia</strong></span> <span class='ocrx_word' id='word_1_16' title='bbox 1657 398 1735 423; x_wconf 89' lang='lat' dir='ltr'><strong>mea</strong></span> <span class='ocrx_word' id='word_1_17' title='bbox 1766 395 1829 422; x_wconf 83' lang='lat'>1568</span> 
     </span>
     <span class='ocr_line' id='line_1_3' title="bbox 136 434 1914 500; baseline -0.001 -16"><span class='ocrx_word' id='word_1_18' title='bbox 136 464 151 479; x_wconf 72' lang='grc' dir='ltr'><strong>ιι</strong></span> <span class='ocrx_word' id='word_1_19' title='bbox 174 450 293 490; x_wconf 81' lang='lat' dir='ltr'>debeo,</span> <span class='ocrx_word' id='word_1_20' title='bbox 314 453 448 495; x_wconf 90' lang='lat' dir='ltr'><strong>partem</strong></span> <span class='ocrx_word' id='word_1_21' title='bbox 474 449 566 484; x_wconf 90' lang='lat' dir='ltr'><strong>illius</strong></span> <span class='ocrx_word' id='word_1_22' title='bbox 592 451 798 485; x_wconf 76' lang='lat' dir='ltr'><strong>sanctissimi</strong></span> <span class='ocrx_word' id='word_1_23' title='bbox 817 463 857 485; x_wconf 87' lang='lat' dir='ltr'><strong>ac</strong></span> <span class='ocrx_word' id='word_1_24' title='bbox 874 451 1092 486; x_wconf 78' lang='lat' dir='ltr'><strong>saluberrimi</strong></span> <span class='ocrx_word' id='word_1_25' title='bbox 1119 450 1253 485; x_wconf 89' lang='lat' dir='ltr'><strong>consilii</strong></span> <span class='ocrx_word' id='word_1_26' title='bbox 1284 450 1378 484; x_wconf 88' lang='lat' dir='ltr'><strong>haud</strong></span> <span class='ocrx_word' id='word_1_27' title='bbox 1407 449 1547 489; x_wconf 78' lang='lat' dir='ltr'><strong>oblitus,</strong></span> <span class='ocrx_word' id='word_1_28' title='bbox 1570 461 1636 495; x_wconf 86' lang='lat' dir='ltr'><strong>quo</strong></span> <span class='ocrx_word' id='word_1_29' title='bbox 1658 449 1733 496; x_wconf 86' lang='lat' dir='ltr'><strong>illu-</strong></span> <span class='ocrx_word' id='word_1_30' title='bbox 1763 434 1914 500; x_wconf 48' lang='lat' dir='ltr'><strong>Protlss&#39;evi-</strong></span> 
     </span>
     <span class='ocr_line' id='line_1_4' title="bbox 136 510 1917 558; baseline 0.001 -12"><span class='ocrx_word' id='word_1_31' title='bbox 136 526 151 541; x_wconf 71' lang='grc' dir='ltr'><em>α</em></span> <span class='ocrx_word' id='word_1_32' title='bbox 173 511 337 546; x_wconf 83' lang='lat' dir='ltr'><strong>strissima</strong></span> <span class='ocrx_word' id='word_1_33' title='bbox 355 521 395 544; x_wconf 88' lang='lat' dir='ltr'><strong>ac</strong></span> <span class='ocrx_word' id='word_1_34' title='bbox 425 511 712 546; x_wconf 86' lang='lat' dir='ltr'><strong>reverendissima</strong></span> <span class='ocrx_word' id='word_1_35' title='bbox 732 513 928 547; x_wconf 86' lang='lat' dir='ltr'><strong>Paternitas</strong></span> <span class='ocrx_word' id='word_1_36' title='bbox 947 516 1075 551; x_wconf 83' lang='lat' dir='ltr'><strong>vestra,</strong></span> <span class='ocrx_word' id='word_1_37' title='bbox 1096 524 1157 558; x_wconf 90' lang='lat' dir='ltr'><strong>pro</strong></span> <span class='ocrx_word' id='word_1_38' title='bbox 1183 523 1246 545; x_wconf 91' lang='lat' dir='ltr'><strong>sua</strong></span> <span class='ocrx_word' id='word_1_39' title='bbox 1264 510 1435 556; x_wconf 75' lang='lat' dir='ltr'><strong>singulari</strong></span> <span class='ocrx_word' id='word_1_40' title='bbox 1456 522 1541 556; x_wconf 85' lang='lat' dir='ltr'><strong>erga</strong></span> <span class='ocrx_word' id='word_1_41' title='bbox 1559 522 1612 545; x_wconf 92' lang='lat' dir='ltr'><strong>me</strong></span> <span class='ocrx_word' id='word_1_42' title='bbox 1631 511 1733 545; x_wconf 87' lang='lat' dir='ltr'><strong>bene-</strong></span> <span class='ocrx_word' id='word_1_43' title='bbox 1761 514 1817 558; x_wconf 61' lang='lat' dir='ltr'><strong>cius</strong></span> <span class='ocrx_word' id='word_1_44' title='bbox 1836 514 1917 558; x_wconf 37' lang='lat' dir='ltr'><strong>epi-se,</strong></span> 
     </span>
     <span class='ocr_line' id='line_1_5' title="bbox 136 554 1897 618; baseline -0.001 -10"><span class='ocrx_word' id='word_1_45' title='bbox 136 588 150 602; x_wconf 71' lang='grc' dir='ltr'><em>α</em></span> <span class='ocrx_word' id='word_1_46' title='bbox 172 573 334 612; x_wconf 86' lang='lat' dir='ltr'><strong>volentia,</strong></span> <span class='ocrx_word' id='word_1_47' title='bbox 355 572 560 608; x_wconf 78' lang='lat' dir='ltr'><strong>amicissime</strong></span> <span class='ocrx_word' id='word_1_48' title='bbox 595 573 737 618; x_wconf 78' lang='lat' dir='ltr'><strong>dignata</strong></span> <span class='ocrx_word' id='word_1_49' title='bbox 760 577 812 608; x_wconf 91' lang='lat' dir='ltr'><strong>est</strong></span> <span class='ocrx_word' id='word_1_50' title='bbox 829 586 1058 613; x_wconf 87' lang='lat' dir='ltr'><strong>commonere,</strong></span> <span class='ocrx_word' id='word_1_51' title='bbox 1080 577 1130 613; x_wconf 83' lang='lat' dir='ltr'><strong>ut,</strong></span> <span class='ocrx_word' id='word_1_52' title='bbox 1148 574 1276 608; x_wconf 86' lang='lat' dir='ltr'><strong>sanctis</strong></span> <span class='ocrx_word' id='word_1_53' title='bbox 1295 577 1329 607; x_wconf 89' lang='lat' dir='ltr'><strong>et</strong></span> <span class='ocrx_word' id='word_1_54' title='bbox 1351 573 1416 618; x_wconf 89' lang='lat' dir='ltr'><strong>piis</strong></span> <span class='ocrx_word' id='word_1_55' title='bbox 1440 572 1596 618; x_wconf 85' lang='lat' dir='ltr'><strong>vestigiis</strong></span> <span class='ocrx_word' id='word_1_56' title='bbox 1612 572 1734 607; x_wconf 63' lang='lat' dir='ltr'><strong>vestris</strong></span> <span class='ocrx_word' id='word_1_57' title='bbox 1763 554 1897 579; x_wconf 70' lang='lat' dir='ltr'><strong>Vflnensxs</strong></span> 
     </span>
    </p>
   </div>
   <div class='ocr_carea' id='block_1_3' title="bbox 136 591 1912 682">
    <p class='ocr_par' dir='ltr' id='par_1_3' title="bbox 136 591 1912 682">
     <span class='ocr_line' id='line_1_6' title="bbox 1765 591 1872 618; baseline -0.009 0"><span class='ocrx_word' id='word_1_58' title='bbox 1765 591 1872 618; x_wconf 85' lang='lat' dir='ltr'><strong>Vilnam</strong></span> 
     </span>
     <span class='ocr_line' id='line_1_7' title="bbox 136 631 1912 682; baseline -0.001 -13"><span class='ocrx_word' id='word_1_59' title='bbox 136 650 151 664; x_wconf 69' lang='lat' dir='ltr'><strong>a</strong></span> <span class='ocrx_word' id='word_1_60' title='bbox 172 635 349 676; x_wconf 79' lang='lat' dir='ltr'><strong>insistens,</strong></span> <span class='ocrx_word' id='word_1_61' title='bbox 370 646 505 669; x_wconf 90' lang='lat' dir='ltr'><strong>omnem</strong></span> <span class='ocrx_word' id='word_1_62' title='bbox 524 647 630 669; x_wconf 79' lang='lat' dir='ltr'><strong>ineam</strong></span> <span class='ocrx_word' id='word_1_63' title='bbox 647 647 784 681; x_wconf 79' lang='lat' dir='ltr'><strong>operam</strong></span> <span class='ocrx_word' id='word_1_64' title='bbox 803 636 933 677; x_wconf 87' lang='lat' dir='ltr'><strong>darem,</strong></span> <span class='ocrx_word' id='word_1_65' title='bbox 951 648 1017 682; x_wconf 88' lang='lat' dir='ltr'><strong>quo</strong></span> <span class='ocrx_word' id='word_1_66' title='bbox 1044 636 1208 670; x_wconf 83' lang='lat' dir='ltr'><strong>fratribus</strong></span> <span class='ocrx_word' id='word_1_67' title='bbox 1228 634 1411 670; x_wconf 84' lang='lat' dir='ltr'><strong>Societatis</strong></span> <span class='ocrx_word' id='word_1_68' title='bbox 1434 635 1455 668; x_wconf 78' lang='lat' dir='ltr'>J</span> <span class='ocrx_word' id='word_1_69' title='bbox 1460 646 1520 669; x_wconf 92' lang='lat' dir='ltr'><strong>esu</strong></span> <span class='ocrx_word' id='word_1_70' title='bbox 1539 635 1652 668; x_wconf 77' lang='lat' dir='ltr'><strong>Vilnae</strong></span> <span class='ocrx_word' id='word_1_71' title='bbox 1672 634 1735 668; x_wconf 87' lang='lat' dir='ltr'><strong>ali·</strong></span> <span class='ocrx_word' id='word_1_72' title='bbox 1764 631 1863 657; x_wconf 75' lang='lat' dir='ltr'><strong>invitat</strong></span> <span class='ocrx_word' id='word_1_73' title='bbox 1873 639 1912 656; x_wconf 73' lang='lat'><strong>³⁰·</strong></span> 
     </span>
    </p>
   </div>
   <div class='ocr_carea' id='block_1_4' title="bbox 137 678 1917 2411">
    <p class='ocr_par' dir='ltr' id='par_1_4' title="bbox 137 678 1917 744">
     <span class='ocr_line' id='line_1_8' title="bbox 137 678 1917 744; baseline 0.001 -12"><span class='ocrx_word' id='word_1_74' title='bbox 137 712 152 727; x_wconf 67' lang='grc' dir='ltr'><strong>ιι</strong></span> <span class='ocrx_word' id='word_1_75' title='bbox 173 697 262 743; x_wconf 92' lang='lat' dir='ltr'><strong>quod</strong></span> <span class='ocrx_word' id='word_1_76' title='bbox 284 700 415 731; x_wconf 87' lang='lat' dir='ltr'><strong>certum</strong></span> <span class='ocrx_word' id='word_1_77' title='bbox 437 697 647 731; x_wconf 80' lang='lat' dir='ltr'><strong>domicilium</strong></span> <span class='ocrx_word' id='word_1_78' title='bbox 666 709 769 743; x_wconf 87' lang='lat' dir='ltr'><strong>quam</strong></span> <span class='ocrx_word' id='word_1_79' title='bbox 786 698 933 744; x_wconf 89' lang='lat' dir='ltr'><strong>primum</strong></span> <span class='ocrx_word' id='word_1_80' title='bbox 955 701 1084 744; x_wconf 83' lang='lat' dir='ltr'><strong>posset,</strong></span> <span class='ocrx_word' id='word_1_81' title='bbox 1107 697 1269 732; x_wconf 87' lang='lat' dir='ltr'><strong>constitui</strong></span> <span class='ocrx_word' id='word_1_82' title='bbox 1289 710 1295 731; x_wconf 90' lang='lat'><strong>:</strong></span> <span class='ocrx_word' id='word_1_83' title='bbox 1317 697 1516 737; x_wconf 88' lang='lat' dir='ltr'><strong>ostendens,</strong></span> <span class='ocrx_word' id='word_1_84' title='bbox 1536 696 1631 730; x_wconf 89' lang='lat' dir='ltr'><strong>brevi</strong></span> <span class='ocrx_word' id='word_1_85' title='bbox 1654 699 1737 730; x_wconf 87' lang='lat' dir='ltr'><strong>tem·</strong></span> <span class='ocrx_word' id='word_1_86' title='bbox 1762 678 1816 737; x_wconf 48' lang='grc' dir='ltr'><strong>’3ῗὲ</strong></span> <span class='ocrx_word' id='word_1_87' title='bbox 1831 678 1917 737; x_wconf 45' lang='grc'><strong>31381..</strong></span> 
     </span>
    </p>

    <p class='ocr_par' dir='ltr' id='par_1_5' title="bbox 137 752 1887 819">
     <span class='ocr_line' id='line_1_9' title="bbox 137 752 1887 819; baseline -0.002 -25"><span class='ocrx_word' id='word_1_88' title='bbox 137 773 152 788; x_wconf 66' lang='lat' dir='ltr'><strong>a</strong></span> <span class='ocrx_word' id='word_1_89' title='bbox 174 770 256 805; x_wconf 92' lang='lat' dir='ltr'><strong>pore</strong></span> <span class='ocrx_word' id='word_1_90' title='bbox 270 759 436 799; x_wconf 83' lang='lat' dir='ltr'><strong>futurum,</strong></span> <span class='ocrx_word' id='word_1_91' title='bbox 455 763 492 793; x_wconf 92' lang='lat' dir='ltr'><strong>ut</strong></span> <span class='ocrx_word' id='word_1_92' title='bbox 514 770 570 794; x_wconf 90' lang='lat' dir='ltr'><strong>res</strong></span> <span class='ocrx_word' id='word_1_93' title='bbox 597 759 798 800; x_wconf 86' lang='lat' dir='ltr'><strong>christiana,</strong></span> <span class='ocrx_word' id='word_1_94' title='bbox 815 772 890 805; x_wconf 63' lang='lat' dir='ltr'><strong>quae</strong></span> <span class='ocrx_word' id='word_1_95' title='bbox 909 759 963 794; x_wconf 90' lang='lat' dir='ltr'><strong>his</strong></span> <span class='ocrx_word' id='word_1_96' title='bbox 981 760 1193 805; x_wconf 76' lang='lat' dir='ltr'><strong>temporibus</strong></span> <span class='ocrx_word' id='word_1_97' title='bbox 1210 758 1453 794; x_wconf 76' lang='lat' dir='ltr'><strong>infelicissimis</strong></span> <span class='ocrx_word' id='word_1_98' title='bbox 1472 758 1507 792; x_wconf 93' lang='lat' dir='ltr'><strong>in</strong></span> <span class='ocrx_word' id='word_1_99' title='bbox 1526 758 1591 793; x_wconf 90' lang='lat' dir='ltr'><strong>hoc</strong></span> <span class='ocrx_word' id='word_1_100' title='bbox 1612 769 1739 803; x_wconf 84' lang='lat' dir='ltr'><strong>magno</strong></span> <span class='ocrx_word' id='word_1_101' title='bbox 1768 752 1887 819; x_wconf 45' lang='grc' dir='ltr'><strong>ἓξὲξ</strong></span> 
     </span>
    </p>

    <p class='ocr_par' dir='ltr' id='par_1_6' title="bbox 138 819 1831 864">
     <span class='ocr_line' id='line_1_10' title="bbox 138 819 1831 864; baseline -0.001 -9"><span class='ocrx_word' id='word_1_102' title='bbox 138 836 153 850; x_wconf 71' lang='grc' dir='ltr'><strong><em>κ</em></strong></span> <span class='ocrx_word' id='word_1_103' title='bbox 175 821 302 855; x_wconf 90' lang='lat' dir='ltr'><strong>ducatu</strong></span> <span class='ocrx_word' id='word_1_104' title='bbox 334 820 506 855; x_wconf 78' lang='lat' dir='ltr'><strong>Lituaniae</strong></span> <span class='ocrx_word' id='word_1_105' title='bbox 537 821 724 855; x_wconf 81' lang='lat' dir='ltr'><strong>admodum</strong></span> <span class='ocrx_word' id='word_1_106' title='bbox 749 821 971 856; x_wconf 90' lang='lat' dir='ltr'><strong>vehementer</strong></span> <span class='ocrx_word' id='word_1_107' title='bbox 1001 825 1112 862; x_wconf 86' lang='lat' dir='ltr'><strong>nutat,</strong></span> <span class='ocrx_word' id='word_1_108' title='bbox 1140 820 1334 856; x_wconf 86' lang='lat' dir='ltr'><strong>haeresibus</strong></span> <span class='ocrx_word' id='word_1_109' title='bbox 1361 820 1396 854; x_wconf 89' lang='lat' dir='ltr'><strong>in</strong></span> <span class='ocrx_word' id='word_1_110' title='bbox 1428 820 1501 854; x_wconf 91' lang='lat' dir='ltr'><strong>dies</strong></span> <span class='ocrx_word' id='word_1_111' title='bbox 1523 819 1601 853; x_wconf 83' lang='lat' dir='ltr'><strong>aliis</strong></span> <span class='ocrx_word' id='word_1_112' title='bbox 1621 822 1737 864; x_wconf 84' lang='lat' dir='ltr'><strong>atque,</strong></span> <span class='ocrx_word' id='word_1_113' title='bbox 1771 832 1831 859; x_wconf 84' lang='lat' dir='ltr'><strong>lem.</strong></span> 
     </span>
    </p>

    <p class='ocr_par' dir='ltr' id='par_1_7' title="bbox 137 881 1742 929">
     <span class='ocr_line' id='line_1_11' title="bbox 137 881 1742 929; baseline -0.002 -11"><span class='ocrx_word' id='word_1_114' title='bbox 137 898 153 912; x_wconf 64' lang='grc' dir='ltr'><em>α</em></span> <span class='ocrx_word' id='word_1_115' title='bbox 174 883 251 918; x_wconf 88' lang='lat' dir='ltr'><strong>aliis</strong></span> <span class='ocrx_word' id='word_1_116' title='bbox 278 882 599 929; x_wconf 82' lang='lat' dir='ltr'><strong>pullulascentibuS‚</strong></span> <span class='ocrx_word' id='word_1_117' title='bbox 634 894 753 918; x_wconf 86' lang='lat' dir='ltr'><strong>eorum</strong></span> <span class='ocrx_word' id='word_1_118' title='bbox 784 895 902 929; x_wconf 88' lang='lat' dir='ltr'><strong>opera,</strong></span> <span class='ocrx_word' id='word_1_119' title='bbox 933 884 1006 918; x_wconf 93' lang='lat' dir='ltr'><strong>Deo</strong></span> <span class='ocrx_word' id='word_1_120' title='bbox 1033 883 1160 928; x_wconf 90' lang='lat' dir='ltr'><strong>optimo</strong></span> <span class='ocrx_word' id='word_1_121' title='bbox 1191 882 1382 928; x_wconf 84' lang='lat' dir='ltr'><strong>aspirante,</strong></span> <span class='ocrx_word' id='word_1_122' title='bbox 1404 882 1440 916; x_wconf 92' lang='lat' dir='ltr'><strong>in</strong></span> <span class='ocrx_word' id='word_1_123' title='bbox 1465 881 1742 927; x_wconf 82' lang='lat' dir='ltr'><strong>tranquilliorem</strong></span> 
     </span>
    </p>

    <p class='ocr_par' dir='ltr' id='par_1_8' title="bbox 138 932 1739 990">
     <span class='ocr_line' id='line_1_12' title="bbox 138 932 1739 990; baseline -0.001 -12"><span class='ocrx_word' id='word_1_124' title='bbox 138 959 153 973; x_wconf 73' lang='grc' dir='ltr'><em>α</em></span> <span class='ocrx_word' id='word_1_125' title='bbox 175 948 303 979; x_wconf 88' lang='lat' dir='ltr'><strong>statum</strong></span> <span class='ocrx_word' id='word_1_126' title='bbox 321 932 437 990; x_wconf 88' lang='lat' dir='ltr'><strong>posset</strong></span> <span class='ocrx_word' id='word_1_127' title='bbox 457 944 569 990; x_wconf 80' lang='lat' dir='ltr'><strong>redigi</strong></span> <span class='ocrx_word' id='word_1_128' title='bbox 587 957 593 978; x_wconf 76' lang='grc' dir='ltr'>ε</span> <span class='ocrx_word' id='word_1_129' title='bbox 616 944 679 979; x_wconf 92' lang='lat' dir='ltr'><strong>etsi</strong></span> <span class='ocrx_word' id='word_1_130' title='bbox 698 944 726 979; x_wconf 89' lang='lat' dir='ltr'><strong>is</strong></span> <span class='ocrx_word' id='word_1_131' title='bbox 744 956 813 979; x_wconf 89' lang='lat' dir='ltr'><strong>non</strong></span> <span class='ocrx_word' id='word_1_132' title='bbox 840 957 924 985; x_wconf 92' lang='lat' dir='ltr'><strong>sum,</strong></span> <span class='ocrx_word' id='word_1_133' title='bbox 944 945 1176 979; x_wconf 87' lang='lat' dir='ltr'><strong>illustrissime</strong></span> <span class='ocrx_word' id='word_1_134' title='bbox 1193 956 1235 978; x_wconf 88' lang='lat' dir='ltr'><strong>ac</strong></span> <span class='ocrx_word' id='word_1_135' title='bbox 1265 943 1554 979; x_wconf 86' lang='lat' dir='ltr'><strong>reverendissime</strong></span> <span class='ocrx_word' id='word_1_136' title='bbox 1582 943 1739 981; x_wconf 84' lang='lat' dir='ltr'><strong>antistes,</strong></span> 
     </span>
    </p>

    <p class='ocr_par' dir='ltr' id='par_1_9' title="bbox 138 1005 1742 1052">
     <span class='ocr_line' id='line_1_13' title="bbox 138 1005 1742 1052; baseline -0.002 -11"><span class='ocrx_word' id='word_1_137' title='bbox 138 1021 152 1035; x_wconf 71' lang='lat' dir='ltr'><strong>a</strong></span> <span class='ocrx_word' id='word_1_138' title='bbox 175 1006 232 1052; x_wconf 91' lang='lat' dir='ltr'><strong>qui</strong></span> <span class='ocrx_word' id='word_1_139' title='bbox 262 1017 329 1047; x_wconf 84' lang='lat' dir='ltr'><strong>me,</strong></span> <span class='ocrx_word' id='word_1_140' title='bbox 358 1005 465 1040; x_wconf 83' lang='lat' dir='ltr'><strong>tantis</strong></span> <span class='ocrx_word' id='word_1_141' title='bbox 495 1006 666 1051; x_wconf 86' lang='lat' dir='ltr'><strong>angustiis</strong></span> <span class='ocrx_word' id='word_1_142' title='bbox 693 1006 930 1047; x_wconf 85' lang='lat' dir='ltr'><strong>interclusum,</strong></span> <span class='ocrx_word' id='word_1_143' title='bbox 963 1007 1224 1052; x_wconf 87' lang='lat' dir='ltr'><strong>amplitudinem</strong></span> <span class='ocrx_word' id='word_1_144' title='bbox 1255 1010 1289 1040; x_wconf 92' lang='lat' dir='ltr'><strong>et</strong></span> <span class='ocrx_word' id='word_1_145' title='bbox 1320 1006 1538 1052; x_wconf 86' lang='lat' dir='ltr'><strong>majestatem</strong></span> <span class='ocrx_word' id='word_1_146' title='bbox 1569 1005 1742 1039; x_wconf 86' lang='lat' dir='ltr'><strong>clarorum</strong></span> 
     </span>
    </p>

    <p class='ocr_par' dir='ltr' id='par_1_10' title="bbox 138 1067 1742 1114">
     <span class='ocr_line' id='line_1_14' title="bbox 138 1067 1742 1114; baseline -0.002 -11"><span class='ocrx_word' id='word_1_147' title='bbox 138 1084 153 1098; x_wconf 71' lang='grc' dir='ltr'><strong><em>α</em></strong></span> <span class='ocrx_word' id='word_1_148' title='bbox 175 1071 352 1114; x_wconf 87' lang='lat' dir='ltr'><strong>gestorum</strong></span> <span class='ocrx_word' id='word_1_149' title='bbox 370 1073 404 1103; x_wconf 89' lang='lat' dir='ltr'><strong>et</strong></span> <span class='ocrx_word' id='word_1_150' title='bbox 421 1068 588 1103; x_wconf 79' lang='lat' dir='ltr'><strong>factorum</strong></span> <span class='ocrx_word' id='word_1_151' title='bbox 607 1068 782 1102; x_wconf 82' lang='lat' dir='ltr'><strong>illustriss.</strong></span> <span class='ocrx_word' id='word_1_152' title='bbox 804 1080 845 1102; x_wconf 85' lang='lat' dir='ltr'><strong>ac</strong></span> <span class='ocrx_word' id='word_1_153' title='bbox 872 1069 1101 1103; x_wconf 88' lang='lat' dir='ltr'><strong>reverendiss.</strong></span> <span class='ocrx_word' id='word_1_154' title='bbox 1123 1068 1351 1103; x_wconf 85' lang='lat' dir='ltr'><strong>Paternitatis</strong></span> <span class='ocrx_word' id='word_1_155' title='bbox 1369 1072 1511 1107; x_wconf 62' lang='lat' dir='ltr'><strong>vestrae,</strong></span> <span class='ocrx_word' id='word_1_156' title='bbox 1531 1067 1655 1113; x_wconf 88' lang='lat' dir='ltr'><strong>quibus</strong></span> <span class='ocrx_word' id='word_1_157' title='bbox 1668 1067 1742 1113; x_wconf 86' lang='lat' dir='ltr'><strong>jam</strong></span> 
     </span>
    </p>

    <p class='ocr_par' dir='ltr' id='par_1_11' title="bbox 138 1128 1740 1176">
     <span class='ocr_line' id='line_1_15' title="bbox 138 1128 1740 1176; baseline -0.001 -12"><span class='ocrx_word' id='word_1_158' title='bbox 138 1144 153 1158; x_wconf 74' lang='grc' dir='ltr'><strong><em>α</em></strong></span> <span class='ocrx_word' id='word_1_159' title='bbox 175 1140 262 1176; x_wconf 89' lang='lat' dir='ltr'><strong>pene</strong></span> <span class='ocrx_word' id='word_1_160' title='bbox 276 1129 338 1164; x_wconf 92' lang='lat' dir='ltr'><strong>toti</strong></span> <span class='ocrx_word' id='word_1_161' title='bbox 353 1130 427 1164; x_wconf 89' lang='lat' dir='ltr'><strong>orbi</strong></span> <span class='ocrx_word' id='word_1_162' title='bbox 446 1129 621 1169; x_wconf 75' lang='lat' dir='ltr'><strong>inclaruit,</strong></span> <span class='ocrx_word' id='word_1_163' title='bbox 644 1141 779 1175; x_wconf 86' lang='lat' dir='ltr'><strong>sperem</strong></span> <span class='ocrx_word' id='word_1_164' title='bbox 795 1129 850 1165; x_wconf 93' lang='lat' dir='ltr'><strong>vel</strong></span> <span class='ocrx_word' id='word_1_165' title='bbox 867 1130 1019 1176; x_wconf 83' lang='lat' dir='ltr'><strong>aliquam</strong></span> <span class='ocrx_word' id='word_1_166' title='bbox 1038 1129 1161 1164; x_wconf 87' lang='lat' dir='ltr'><strong>saltem</strong></span> <span class='ocrx_word' id='word_1_167' title='bbox 1180 1129 1440 1164; x_wconf 89' lang='lat' dir='ltr'><strong>similitudinem</strong></span> <span class='ocrx_word' id='word_1_168' title='bbox 1458 1140 1561 1175; x_wconf 90' lang='lat' dir='ltr'><strong>posse</strong></span> <span class='ocrx_word' id='word_1_169' title='bbox 1582 1128 1740 1174; x_wconf 86' lang='lat' dir='ltr'><strong>assequi;</strong></span> 
     </span>
    </p>

    <p class='ocr_par' dir='ltr' id='par_1_12' title="bbox 139 1191 1742 1237">
     <span class='ocr_line' id='line_1_16' title="bbox 139 1191 1742 1237; baseline -0.001 -11"><span class='ocrx_word' id='word_1_170' title='bbox 139 1206 154 1221; x_wconf 71' lang='grc' dir='ltr'><em>α</em></span> <span class='ocrx_word' id='word_1_171' title='bbox 175 1195 303 1232; x_wconf 89' lang='lat' dir='ltr'><strong>tamen,</strong></span> <span class='ocrx_word' id='word_1_172' title='bbox 324 1191 423 1226; x_wconf 90' lang='lat' dir='ltr'><strong>dictis</strong></span> <span class='ocrx_word' id='word_1_173' title='bbox 454 1191 567 1226; x_wconf 90' lang='lat' dir='ltr'><strong>causis</strong></span> <span class='ocrx_word' id='word_1_174' title='bbox 593 1195 782 1237; x_wconf 72' lang='lat' dir='ltr'><strong>permotus,</strong></span> <span class='ocrx_word' id='word_1_175' title='bbox 804 1203 865 1237; x_wconf 90' lang='lat' dir='ltr'><strong>pro</strong></span> <span class='ocrx_word' id='word_1_176' title='bbox 897 1203 940 1227; x_wconf 85' lang='lat' dir='ltr'><strong>ea</strong></span> <span class='ocrx_word' id='word_1_177' title='bbox 968 1203 1082 1227; x_wconf 87' lang='lat' dir='ltr'><strong>rerum</strong></span> <span class='ocrx_word' id='word_1_178' title='bbox 1101 1203 1255 1227; x_wconf 88' lang='lat' dir='ltr'><strong>mearum</strong></span> <span class='ocrx_word' id='word_1_179' title='bbox 1278 1192 1459 1232; x_wconf 82' lang='lat' dir='ltr'><strong>tenuitate,</strong></span> <span class='ocrx_word' id='word_1_180' title='bbox 1483 1191 1519 1225; x_wconf 89' lang='lat' dir='ltr'><strong>in</strong></span> <span class='ocrx_word' id='word_1_181' title='bbox 1537 1203 1639 1237; x_wconf 89' lang='lat' dir='ltr'><strong>quam</strong></span> <span class='ocrx_word' id='word_1_182' title='bbox 1667 1202 1742 1225; x_wconf 90' lang='lat' dir='ltr'><strong>sum</strong></span> 
     </span>
    </p>

    <p class='ocr_par' dir='ltr' id='par_1_13' title="bbox 139 1252 1745 1299">
     <span class='ocr_line' id='line_1_17' title="bbox 139 1252 1745 1299; baseline -0.001 -12"><span class='ocrx_word' id='word_1_183' title='bbox 139 1268 155 1282; x_wconf 69' lang='grc' dir='ltr'><em>α</em></span> <span class='ocrx_word' id='word_1_184' title='bbox 176 1264 238 1299; x_wconf 91' lang='lat' dir='ltr'><strong>per</strong></span> <span class='ocrx_word' id='word_1_185' title='bbox 255 1252 381 1288; x_wconf 86' lang='lat' dir='ltr'><strong>milites</strong></span> <span class='ocrx_word' id='word_1_186' title='bbox 403 1256 438 1287; x_wconf 88' lang='lat' dir='ltr'><strong>et</strong></span> <span class='ocrx_word' id='word_1_187' title='bbox 455 1253 638 1287; x_wconf 82' lang='lat' dir='ltr'><strong>haereticos</strong></span> <span class='ocrx_word' id='word_1_188' title='bbox 656 1253 814 1287; x_wconf 80' lang='lat' dir='ltr'><strong>maximis</strong></span> <span class='ocrx_word' id='word_1_189' title='bbox 832 1253 967 1299; x_wconf 86' lang='lat' dir='ltr'><strong>injuriis</strong></span> <span class='ocrx_word' id='word_1_190' title='bbox 988 1253 1161 1294; x_wconf 88' lang='lat' dir='ltr'><strong>redactus,</strong></span> <span class='ocrx_word' id='word_1_191' title='bbox 1181 1254 1273 1299; x_wconf 90' lang='lat' dir='ltr'><strong>quod</strong></span> <span class='ocrx_word' id='word_1_192' title='bbox 1291 1253 1399 1299; x_wconf 90' lang='lat' dir='ltr'><strong>potui,</strong></span> <span class='ocrx_word' id='word_1_193' title='bbox 1423 1253 1582 1299; x_wconf 56' lang='lat' dir='ltr'><strong>praestiti.</strong></span> <span class='ocrx_word' id='word_1_194' title='bbox 1610 1252 1687 1287; x_wconf 89' lang='lat' dir='ltr'><strong>Emi</strong></span> <span class='ocrx_word' id='word_1_195' title='bbox 1711 1253 1745 1286; x_wconf 94' lang='lat' dir='ltr'><strong>in</strong></span> 
     </span>
    </p>

    <p class='ocr_par' dir='ltr' id='par_1_14' title="bbox 140 1314 1746 1361">
     <span class='ocr_line' id='line_1_18' title="bbox 140 1314 1746 1361; baseline 0.001 -13"><span class='ocrx_word' id='word_1_196' title='bbox 140 1329 156 1344; x_wconf 66' lang='grc' dir='ltr'><em>α</em></span> <span class='ocrx_word' id='word_1_197' title='bbox 177 1315 295 1361; x_wconf 88' lang='lat' dir='ltr'><strong>primis</strong></span> <span class='ocrx_word' id='word_1_198' title='bbox 319 1315 458 1349; x_wconf 93' lang='lat' dir='ltr'><strong>domum</strong></span> <span class='ocrx_word' id='word_1_199' title='bbox 489 1314 748 1355; x_wconf 81' lang='lat' dir='ltr'><strong>caementitiam‚</strong></span> <span class='ocrx_word' id='word_1_200' title='bbox 779 1315 860 1349; x_wconf 89' lang='lat' dir='ltr'><strong>olim</strong></span> <span class='ocrx_word' id='word_1_201' title='bbox 876 1315 970 1349; x_wconf 87' lang='lat' dir='ltr'><strong>illam</strong></span> <span class='ocrx_word' id='word_1_202' title='bbox 1000 1316 1101 1350; x_wconf 88' lang='lat' dir='ltr'><strong>Dom.</strong></span> <span class='ocrx_word' id='word_1_203' title='bbox 1123 1315 1401 1357; x_wconf 85' lang='lat' dir='ltr'><strong>Lasinskiorum‚</strong></span> <span class='ocrx_word' id='word_1_204' title='bbox 1424 1327 1501 1350; x_wconf 89' lang='lat' dir='ltr'><strong>cum</strong></span> <span class='ocrx_word' id='word_1_205' title='bbox 1524 1315 1640 1350; x_wconf 86' lang='lat' dir='ltr'><strong>multis</strong></span> <span class='ocrx_word' id='word_1_206' title='bbox 1668 1315 1746 1349; x_wconf 84' lang='lat' dir='ltr'><strong>aliis</strong></span> 
     </span>
    </p>

    <p class='ocr_par' dir='ltr' id='par_1_15' title="bbox 140 1376 1742 1422">
     <span class='ocr_line' id='line_1_19' title="bbox 140 1376 1742 1422; baseline 0.001 -12"><span class='ocrx_word' id='word_1_207' title='bbox 140 1391 155 1405; x_wconf 70' lang='grc' dir='ltr'>κ</span> <span class='ocrx_word' id='word_1_208' title='bbox 178 1376 362 1411; x_wconf 90' lang='lat' dir='ltr'><strong>commodis</strong></span> <span class='ocrx_word' id='word_1_209' title='bbox 395 1376 548 1422; x_wconf 82' lang='lat' dir='ltr'><strong>Collegio</strong></span> <span class='ocrx_word' id='word_1_210' title='bbox 574 1376 709 1422; x_wconf 87' lang='lat' dir='ltr'><strong>piorum</strong></span> <span class='ocrx_word' id='word_1_211' title='bbox 727 1376 871 1411; x_wconf 90' lang='lat' dir='ltr'><strong>istorum</strong></span> <span class='ocrx_word' id='word_1_212' title='bbox 897 1377 1049 1411; x_wconf 80' lang='lat' dir='ltr'><strong>virorum</strong></span> <span class='ocrx_word' id='word_1_213' title='bbox 1068 1377 1152 1411; x_wconf 87' lang='lat' dir='ltr'><strong>satis</strong></span> <span class='ocrx_word' id='word_1_214' title='bbox 1179 1380 1306 1422; x_wconf 81' lang='lat' dir='ltr'><strong>aptam,</strong></span> <span class='ocrx_word' id='word_1_215' title='bbox 1327 1380 1399 1411; x_wconf 90' lang='lat' dir='ltr'><strong>tum</strong></span> <span class='ocrx_word' id='word_1_216' title='bbox 1426 1377 1481 1411; x_wconf 85' lang='lat' dir='ltr'><strong>vel</strong></span> <span class='ocrx_word' id='word_1_217' title='bbox 1511 1388 1551 1411; x_wconf 90' lang='lat' dir='ltr'><strong>eo</strong></span> <span class='ocrx_word' id='word_1_218' title='bbox 1581 1377 1742 1417; x_wconf 76' lang='lat' dir='ltr'><strong>maxime,</strong></span> 
     </span>
    </p>

    <p class='ocr_par' dir='ltr' id='par_1_16' title="bbox 141 1437 1744 1485">
     <span class='ocr_line' id='line_1_20' title="bbox 141 1437 1744 1485; baseline 0 -13"><span class='ocrx_word' id='word_1_219' title='bbox 141 1452 156 1466; x_wconf 73' lang='grc' dir='ltr'><em>α</em></span> <span class='ocrx_word' id='word_1_220' title='bbox 179 1438 269 1484; x_wconf 89' lang='lat' dir='ltr'><strong>quod</strong></span> <span class='ocrx_word' id='word_1_221' title='bbox 284 1449 323 1472; x_wconf 91' lang='lat' dir='ltr'><strong>eo</strong></span> <span class='ocrx_word' id='word_1_222' title='bbox 337 1437 403 1472; x_wconf 92' lang='lat' dir='ltr'><strong>loci</strong></span> <span class='ocrx_word' id='word_1_223' title='bbox 424 1438 488 1472; x_wconf 81' lang='lat' dir='ltr'><strong>sita</strong></span> <span class='ocrx_word' id='word_1_224' title='bbox 502 1438 557 1478; x_wconf 80' lang='lat' dir='ltr'><strong>sit,</strong></span> <span class='ocrx_word' id='word_1_225' title='bbox 576 1441 614 1472; x_wconf 88' lang='lat' dir='ltr'><strong>ut</strong></span> <span class='ocrx_word' id='word_1_226' title='bbox 630 1442 664 1472; x_wconf 90' lang='lat' dir='ltr'><strong>et</strong></span> <span class='ocrx_word' id='word_1_227' title='bbox 682 1438 833 1484; x_wconf 87' lang='lat' dir='ltr'><strong>episcopi</strong></span> <span class='ocrx_word' id='word_1_228' title='bbox 865 1438 1041 1473; x_wconf 86' lang='lat' dir='ltr'><strong>Vilnensis</strong></span> <span class='ocrx_word' id='word_1_229' title='bbox 1060 1439 1165 1473; x_wconf 76' lang='lat' dir='ltr'><strong>curiae</strong></span> <span class='ocrx_word' id='word_1_230' title='bbox 1182 1438 1226 1473; x_wconf 90' lang='lat' dir='ltr'><strong>sit</strong></span> <span class='ocrx_word' id='word_1_231' title='bbox 1243 1438 1413 1485; x_wconf 82' lang='lat' dir='ltr'><strong>proxima,</strong></span> <span class='ocrx_word' id='word_1_232' title='bbox 1432 1441 1465 1473; x_wconf 93' lang='lat' dir='ltr'><strong>et</strong></span> <span class='ocrx_word' id='word_1_233' title='bbox 1483 1438 1526 1472; x_wconf 88' lang='lat' dir='ltr'><strong>ab</strong></span> <span class='ocrx_word' id='word_1_234' title='bbox 1546 1438 1638 1472; x_wconf 89' lang='lat' dir='ltr'><strong>omni</strong></span> <span class='ocrx_word' id='word_1_235' title='bbox 1658 1442 1744 1473; x_wconf 88' lang='lat' dir='ltr'><strong>stre-</strong></span> 
     </span>
    </p>

    <p class='ocr_par' dir='ltr' id='par_1_17' title="bbox 142 1500 1743 1547">
     <span class='ocr_line' id='line_1_21' title="bbox 142 1500 1743 1547; baseline 0 -13"><span class='ocrx_word' id='word_1_236' title='bbox 142 1515 157 1529; x_wconf 69' lang='grc' dir='ltr'><strong>ιι</strong></span> <span class='ocrx_word' id='word_1_237' title='bbox 178 1500 251 1546; x_wconf 89' lang='lat' dir='ltr'><strong>pitu</strong></span> <span class='ocrx_word' id='word_1_238' title='bbox 268 1500 426 1546; x_wconf 88' lang='lat' dir='ltr'><strong>opificum</strong></span> <span class='ocrx_word' id='word_1_239' title='bbox 445 1500 549 1545; x_wconf 88' lang='lat' dir='ltr'><strong>longe</strong></span> <span class='ocrx_word' id='word_1_240' title='bbox 565 1504 710 1534; x_wconf 87' lang='lat' dir='ltr'><strong>semota.</strong></span> <span class='ocrx_word' id='word_1_241' title='bbox 733 1500 855 1535; x_wconf 91' lang='lat' dir='ltr'><strong>Habeo</strong></span> <span class='ocrx_word' id='word_1_242' title='bbox 869 1501 944 1546; x_wconf 83' lang='lat' dir='ltr'><strong>jam</strong></span> <span class='ocrx_word' id='word_1_243' title='bbox 958 1504 992 1535; x_wconf 91' lang='lat' dir='ltr'><strong>et</strong></span> <span class='ocrx_word' id='word_1_244' title='bbox 1008 1501 1178 1547; x_wconf 84' lang='lat' dir='ltr'><strong>praedium</strong></span> <span class='ocrx_word' id='word_1_245' title='bbox 1197 1513 1267 1536; x_wconf 83' lang='lat' dir='ltr'><strong>aere</strong></span> <span class='ocrx_word' id='word_1_246' title='bbox 1286 1512 1362 1536; x_wconf 89' lang='lat' dir='ltr'><strong>meo</strong></span> <span class='ocrx_word' id='word_1_247' title='bbox 1381 1501 1507 1536; x_wconf 88' lang='lat' dir='ltr'><strong>ibidem</strong></span> <span class='ocrx_word' id='word_1_248' title='bbox 1526 1504 1743 1546; x_wconf 83' lang='lat' dir='ltr'><strong>coemptum;</strong></span> 
     </span>
    </p>

    <p class='ocr_par' dir='ltr' id='par_1_18' title="bbox 143 1561 1746 1609">
     <span class='ocr_line' id='line_1_22' title="bbox 143 1561 1746 1609; baseline -0.001 -12"><span class='ocrx_word' id='word_1_249' title='bbox 143 1576 157 1591; x_wconf 61' lang='lat' dir='ltr'><strong>a</strong></span> <span class='ocrx_word' id='word_1_250' title='bbox 181 1562 272 1597; x_wconf 90' lang='lat' dir='ltr'><strong>unde</strong></span> <span class='ocrx_word' id='word_1_251' title='bbox 298 1561 444 1608; x_wconf 86' lang='lat' dir='ltr'><strong>singulis</strong></span> <span class='ocrx_word' id='word_1_252' title='bbox 466 1561 566 1596; x_wconf 86' lang='lat' dir='ltr'><strong>annis</strong></span> <span class='ocrx_word' id='word_1_253' title='bbox 585 1562 721 1597; x_wconf 89' lang='lat' dir='ltr'><strong>centeni</strong></span> <span class='ocrx_word' id='word_1_254' title='bbox 740 1562 868 1608; x_wconf 83' lang='lat' dir='ltr'><strong>aliquot</strong></span> <span class='ocrx_word' id='word_1_255' title='bbox 897 1563 1018 1597; x_wconf 86' lang='lat' dir='ltr'><strong>fioreni</strong></span> <span class='ocrx_word' id='word_1_256' title='bbox 1040 1563 1190 1609; x_wconf 90' lang='lat' dir='ltr'><strong>polonici</strong></span> <span class='ocrx_word' id='word_1_257' title='bbox 1220 1563 1255 1597; x_wconf 89' lang='lat' dir='ltr'><strong>in</strong></span> <span class='ocrx_word' id='word_1_258' title='bbox 1276 1575 1395 1598; x_wconf 90' lang='lat' dir='ltr'><strong>eorum</strong></span> <span class='ocrx_word' id='word_1_259' title='bbox 1417 1563 1616 1597; x_wconf 86' lang='lat' dir='ltr'><strong>necessaria</strong></span> <span class='ocrx_word' id='word_1_260' title='bbox 1633 1563 1746 1597; x_wconf 88' lang='lat' dir='ltr'><strong>redire</strong></span> 
     </span>
    </p>

    <p class='ocr_par' dir='ltr' id='par_1_19' title="bbox 143 1624 1745 1671">
     <span class='ocr_line' id='line_1_23' title="bbox 143 1624 1745 1671; baseline 0.001 -13"><span class='ocrx_word' id='word_1_261' title='bbox 143 1638 157 1652; x_wconf 67' lang='grc' dir='ltr'>κ</span> <span class='ocrx_word' id='word_1_262' title='bbox 179 1624 365 1670; x_wconf 88' lang='lat' dir='ltr'><strong>potuerint.</strong></span> <span class='ocrx_word' id='word_1_263' title='bbox 382 1624 484 1659; x_wconf 87' lang='lat' dir='ltr'><strong>Nunc</strong></span> <span class='ocrx_word' id='word_1_264' title='bbox 502 1624 588 1658; x_wconf 88' lang='lat' dir='ltr'><strong>illud</strong></span> <span class='ocrx_word' id='word_1_265' title='bbox 606 1624 689 1658; x_wconf 88' lang='lat' dir='ltr'><strong>mihi</strong></span> <span class='ocrx_word' id='word_1_266' title='bbox 702 1624 875 1669; x_wconf 90' lang='lat' dir='ltr'><strong>reliquum</strong></span> <span class='ocrx_word' id='word_1_267' title='bbox 890 1628 955 1664; x_wconf 78' lang='lat' dir='ltr'><strong>est,</strong></span> <span class='ocrx_word' id='word_1_268' title='bbox 973 1628 1010 1659; x_wconf 90' lang='lat' dir='ltr'><strong>ut</strong></span> <span class='ocrx_word' id='word_1_269' title='bbox 1025 1625 1075 1659; x_wconf 89' lang='lat' dir='ltr'><strong>ill.</strong></span> <span class='ocrx_word' id='word_1_270' title='bbox 1109 1625 1300 1659; x_wconf 87' lang='lat' dir='ltr'><strong>reverenda</strong></span> <span class='ocrx_word' id='word_1_271' title='bbox 1317 1625 1516 1660; x_wconf 86' lang='lat' dir='ltr'><strong>Paternitas</strong></span> <span class='ocrx_word' id='word_1_272' title='bbox 1533 1629 1661 1664; x_wconf 83' lang='lat' dir='ltr'><strong>vestra,</strong></span> <span class='ocrx_word' id='word_1_273' title='bbox 1683 1636 1745 1671; x_wconf 88' lang='lat' dir='ltr'><strong>pro</strong></span> 
     </span>
    </p>

    <p class='ocr_par' dir='ltr' id='par_1_20' title="bbox 144 1685 1748 1732">
     <span class='ocr_line' id='line_1_24' title="bbox 144 1685 1748 1732; baseline 0.001 -12"><span class='ocrx_word' id='word_1_274' title='bbox 144 1699 158 1714; x_wconf 64' lang='lat' dir='ltr'><strong>a</strong></span> <span class='ocrx_word' id='word_1_275' title='bbox 180 1697 241 1720; x_wconf 91' lang='lat' dir='ltr'><strong>suo</strong></span> <span class='ocrx_word' id='word_1_276' title='bbox 259 1686 294 1720; x_wconf 92' lang='lat' dir='ltr'><strong>in</strong></span> <span class='ocrx_word' id='word_1_277' title='bbox 316 1697 369 1720; x_wconf 91' lang='lat' dir='ltr'><strong>me</strong></span> <span class='ocrx_word' id='word_1_278' title='bbox 391 1685 492 1721; x_wconf 88' lang='lat' dir='ltr'><strong>valde</strong></span> <span class='ocrx_word' id='word_1_279' title='bbox 515 1697 687 1732; x_wconf 89' lang='lat' dir='ltr'><strong>propenso</strong></span> <span class='ocrx_word' id='word_1_280' title='bbox 707 1685 835 1726; x_wconf 88' lang='lat' dir='ltr'><strong>animo,</strong></span> <span class='ocrx_word' id='word_1_281' title='bbox 859 1697 964 1720; x_wconf 90' lang='lat' dir='ltr'><strong>unum</strong></span> <span class='ocrx_word' id='word_1_282' title='bbox 984 1690 1088 1732; x_wconf 84' lang='lat' dir='ltr'><strong>atque</strong></span> <span class='ocrx_word' id='word_1_283' title='bbox 1106 1687 1253 1721; x_wconf 89' lang='lat' dir='ltr'><strong>alterum</strong></span> <span class='ocrx_word' id='word_1_284' title='bbox 1271 1687 1383 1721; x_wconf 88' lang='lat' dir='ltr'><strong>virum</strong></span> <span class='ocrx_word' id='word_1_285' title='bbox 1398 1687 1604 1732; x_wconf 88' lang='lat' dir='ltr'><strong>prudentem</strong></span> <span class='ocrx_word' id='word_1_286' title='bbox 1622 1698 1663 1721; x_wconf 82' lang='lat' dir='ltr'><strong>ex</strong></span> <span class='ocrx_word' id='word_1_287' title='bbox 1683 1687 1748 1721; x_wconf 90' lang='lat' dir='ltr'><strong>hac</strong></span> 
     </span>
    </p>

    <p class='ocr_par' dir='ltr' id='par_1_21' title="bbox 144 1748 1747 1794">
     <span class='ocr_line' id='line_1_25' title="bbox 144 1748 1747 1794; baseline 0.001 -12"><span class='ocrx_word' id='word_1_288' title='bbox 144 1763 159 1777; x_wconf 73' lang='lat' dir='ltr'><strong>e&lt;</strong></span> <span class='ocrx_word' id='word_1_289' title='bbox 181 1748 351 1782; x_wconf 80' lang='lat' dir='ltr'><strong>Societate</strong></span> <span class='ocrx_word' id='word_1_290' title='bbox 369 1748 650 1793; x_wconf 83' lang='lat' dir='ltr'><strong>Brunsbergensi</strong></span> <span class='ocrx_word' id='word_1_291' title='bbox 668 1748 830 1793; x_wconf 82' lang='lat' dir='ltr'><strong>dignetur</strong></span> <span class='ocrx_word' id='word_1_292' title='bbox 849 1748 890 1782; x_wconf 83' lang='lat' dir='ltr'><strong>ad</strong></span> <span class='ocrx_word' id='word_1_293' title='bbox 908 1759 961 1782; x_wconf 91' lang='lat' dir='ltr'><strong>me</strong></span> <span class='ocrx_word' id='word_1_294' title='bbox 980 1748 1120 1782; x_wconf 90' lang='lat' dir='ltr'><strong>Vilnam</strong></span> <span class='ocrx_word' id='word_1_295' title='bbox 1138 1748 1286 1783; x_wconf 89' lang='lat' dir='ltr'><strong>mittere.</strong></span> <span class='ocrx_word' id='word_1_296' title='bbox 1305 1748 1350 1782; x_wconf 89' lang='lat' dir='ltr'><strong>Et</strong></span> <span class='ocrx_word' id='word_1_297' title='bbox 1369 1748 1449 1794; x_wconf 88' lang='lat' dir='ltr'><strong>quia</strong></span> <span class='ocrx_word' id='word_1_298' title='bbox 1467 1748 1515 1782; x_wconf 88' lang='lat' dir='ltr'><strong>sic</strong></span> <span class='ocrx_word' id='word_1_299' title='bbox 1529 1748 1657 1782; x_wconf 87' lang='lat' dir='ltr'><strong>afflicta</strong></span> <span class='ocrx_word' id='word_1_300' title='bbox 1671 1760 1747 1783; x_wconf 90' lang='lat' dir='ltr'><strong>sum</strong></span> 
     </span>
    </p>

    <p class='ocr_par' dir='ltr' id='par_1_22' title="bbox 145 1809 1746 1856">
     <span class='ocr_line' id='line_1_26' title="bbox 145 1809 1746 1856; baseline 0 -12"><span class='ocrx_word' id='word_1_301' title='bbox 145 1824 160 1838; x_wconf 66' lang='grc' dir='ltr'><em>α</em></span> <span class='ocrx_word' id='word_1_302' title='bbox 181 1809 386 1849; x_wconf 82' lang='lat' dir='ltr'><strong>valetudine,</strong></span> <span class='ocrx_word' id='word_1_303' title='bbox 416 1813 454 1843; x_wconf 93' lang='lat' dir='ltr'><strong>ut</strong></span> <span class='ocrx_word' id='word_1_304' title='bbox 479 1809 513 1843; x_wconf 91' lang='lat' dir='ltr'><strong>in</strong></span> <span class='ocrx_word' id='word_1_305' title='bbox 541 1809 614 1844; x_wconf 89' lang='lat' dir='ltr'><strong>dies</strong></span> <span class='ocrx_word' id='word_1_306' title='bbox 634 1809 870 1855; x_wconf 80' lang='lat' dir='ltr'><strong>impendentia</strong></span> <span class='ocrx_word' id='word_1_307' title='bbox 888 1809 1042 1855; x_wconf 83' lang='lat' dir='ltr'><strong>pericula</strong></span> <span class='ocrx_word' id='word_1_308' title='bbox 1058 1810 1198 1844; x_wconf 87' lang='lat' dir='ltr'><strong>timeam</strong></span> <span class='ocrx_word' id='word_1_309' title='bbox 1216 1823 1223 1850; x_wconf 88' lang='lat'>;</span> <span class='ocrx_word' id='word_1_310' title='bbox 1247 1821 1409 1856; x_wconf 88' lang='lat' dir='ltr'><strong>cuperem</strong></span> <span class='ocrx_word' id='word_1_311' title='bbox 1435 1809 1523 1844; x_wconf 88' lang='lat' dir='ltr'><strong>tales</strong></span> <span class='ocrx_word' id='word_1_312' title='bbox 1542 1810 1624 1844; x_wconf 90' lang='lat' dir='ltr'><strong>mihi</strong></span> <span class='ocrx_word' id='word_1_313' title='bbox 1643 1810 1746 1852; x_wconf 89' lang='lat' dir='ltr'><strong>mitti,</strong></span> 
     </span>
    </p>

    <p class='ocr_par' dir='ltr' id='par_1_23' title="bbox 146 1871 1748 1917">
     <span class='ocr_line' id='line_1_27' title="bbox 146 1871 1748 1917; baseline 0.001 -13"><span class='ocrx_word' id='word_1_314' title='bbox 146 1886 161 1900; x_wconf 74' lang='grc' dir='ltr'><em>α</em></span> <span class='ocrx_word' id='word_1_315' title='bbox 183 1871 239 1917; x_wconf 90' lang='lat' dir='ltr'><strong>qui</strong></span> <span class='ocrx_word' id='word_1_316' title='bbox 252 1871 296 1904; x_wconf 89' lang='lat' dir='ltr'><strong>ad</strong></span> <span class='ocrx_word' id='word_1_317' title='bbox 310 1871 559 1916; x_wconf 86' lang='lat' dir='ltr'><strong>capessendam</strong></span> <span class='ocrx_word' id='word_1_318' title='bbox 577 1871 830 1916; x_wconf 88' lang='lat' dir='ltr'><strong>possessionem</strong></span> <span class='ocrx_word' id='word_1_319' title='bbox 850 1871 1017 1905; x_wconf 90' lang='lat' dir='ltr'><strong>bonorum</strong></span> <span class='ocrx_word' id='word_1_320' title='bbox 1031 1871 1182 1906; x_wconf 88' lang='lat' dir='ltr'><strong>omnium</strong></span> <span class='ocrx_word' id='word_1_321' title='bbox 1202 1876 1319 1906; x_wconf 86' lang='lat' dir='ltr'><strong>essent</strong></span> <span class='ocrx_word' id='word_1_322' title='bbox 1337 1872 1451 1906; x_wconf 89' lang='lat' dir='ltr'><strong>idonei</strong></span> <span class='ocrx_word' id='word_1_323' title='bbox 1470 1884 1475 1905; x_wconf 88' lang='lat'><strong>:</strong></span> <span class='ocrx_word' id='word_1_324' title='bbox 1498 1875 1535 1905; x_wconf 91' lang='lat' dir='ltr'><strong>ut</strong></span> <span class='ocrx_word' id='word_1_325' title='bbox 1554 1883 1612 1905; x_wconf 91' lang='lat' dir='ltr'><strong>eos</strong></span> <span class='ocrx_word' id='word_1_326' title='bbox 1632 1872 1748 1906; x_wconf 86' lang='lat' dir='ltr'><strong>statim</strong></span> 
     </span>
    </p>

    <p class='ocr_par' dir='ltr' id='par_1_24' title="bbox 146 1932 1745 1972">
     <span class='ocr_line' id='line_1_28' title="bbox 146 1932 1745 1972; baseline 0.001 -6"><span class='ocrx_word' id='word_1_327' title='bbox 146 1947 161 1961; x_wconf 72' lang='lat' dir='ltr'><em>u</em></span> <span class='ocrx_word' id='word_1_328' title='bbox 184 1932 339 1967; x_wconf 88' lang='lat' dir='ltr'><strong>dominos</strong></span> <span class='ocrx_word' id='word_1_329' title='bbox 362 1936 395 1967; x_wconf 91' lang='lat' dir='ltr'><strong>et</strong></span> <span class='ocrx_word' id='word_1_330' title='bbox 414 1932 572 1967; x_wconf 80' lang='lat' dir='ltr'><strong>haeredes</strong></span> <span class='ocrx_word' id='word_1_331' title='bbox 592 1933 743 1966; x_wconf 91' lang='lat' dir='ltr'><strong>omnium</strong></span> <span class='ocrx_word' id='word_1_332' title='bbox 767 1933 1025 1967; x_wconf 86' lang='lat' dir='ltr'><strong>constituerem.</strong></span> <span class='ocrx_word' id='word_1_333' title='bbox 1052 1934 1151 1972; x_wconf 81' lang='lat' dir='ltr'><strong>Quod</strong></span> <span class='ocrx_word' id='word_1_334' title='bbox 1186 1938 1223 1968; x_wconf 89' lang='lat' dir='ltr'><strong>ut</strong></span> <span class='ocrx_word' id='word_1_335' title='bbox 1242 1933 1417 1968; x_wconf 86' lang='lat' dir='ltr'><strong>illustriss.</strong></span> <span class='ocrx_word' id='word_1_336' title='bbox 1447 1945 1487 1968; x_wconf 90' lang='lat' dir='ltr'><strong>ac</strong></span> <span class='ocrx_word' id='word_1_337' title='bbox 1514 1934 1745 1968; x_wconf 87' lang='lat' dir='ltr'><strong>reverendiss.</strong></span> 
     </span>
    </p>

    <p class='ocr_par' dir='ltr' id='par_1_25' title="bbox 149 1994 1750 2042">
     <span class='ocr_line' id='line_1_29' title="bbox 149 1994 1750 2042; baseline 0.001 -13"><span class='ocrx_word' id='word_1_338' title='bbox 149 2009 164 2024; x_wconf 71' lang='lat' dir='ltr'><em>u</em></span> <span class='ocrx_word' id='word_1_339' title='bbox 186 1994 434 2030; x_wconf 76' lang='lat' dir='ltr'><strong>paternitatem</strong></span> <span class='ocrx_word' id='word_1_340' title='bbox 454 1998 600 2029; x_wconf 82' lang='lat' dir='ltr'><strong>vestram</strong></span> <span class='ocrx_word' id='word_1_341' title='bbox 619 2006 680 2040; x_wconf 82' lang='lat' dir='ltr'><strong>pro</strong></span> <span class='ocrx_word' id='word_1_342' title='bbox 700 2006 763 2029; x_wconf 90' lang='lat' dir='ltr'><strong>sua</strong></span> <span class='ocrx_word' id='word_1_343' title='bbox 782 1995 816 2028; x_wconf 91' lang='lat' dir='ltr'><strong>in</strong></span> <span class='ocrx_word' id='word_1_344' title='bbox 844 1994 1002 2029; x_wconf 89' lang='lat' dir='ltr'><strong>Ecclesia</strong></span> <span class='ocrx_word' id='word_1_345' title='bbox 1022 1995 1150 2029; x_wconf 90' lang='lat' dir='ltr'><strong>Christi</strong></span> <span class='ocrx_word' id='word_1_346' title='bbox 1172 1995 1350 2041; x_wconf 79' lang='lat' dir='ltr'><strong>vigilantia</strong></span> <span class='ocrx_word' id='word_1_347' title='bbox 1372 1995 1543 2030; x_wconf 84' lang='lat' dir='ltr'><strong>facturam</strong></span> <span class='ocrx_word' id='word_1_348' title='bbox 1558 2007 1680 2042; x_wconf 90' lang='lat' dir='ltr'><strong>spero;</strong></span> <span class='ocrx_word' id='word_1_349' title='bbox 1702 1996 1750 2031; x_wconf 84' lang='lat' dir='ltr'><strong>sic</strong></span> 
     </span>
    </p>

    <p class='ocr_par' dir='ltr' id='par_1_26' title="bbox 149 2056 1746 2103">
     <span class='ocr_line' id='line_1_30' title="bbox 149 2056 1746 2103; baseline 0.001 -13"><span class='ocrx_word' id='word_1_350' title='bbox 149 2070 164 2084; x_wconf 69' lang='grc' dir='ltr'><em>α</em></span> <span class='ocrx_word' id='word_1_351' title='bbox 185 2067 249 2101; x_wconf 84' lang='lat' dir='ltr'><strong>ego</strong></span> <span class='ocrx_word' id='word_1_352' title='bbox 267 2060 395 2102; x_wconf 77' lang='lat' dir='ltr'><strong>praeter</strong></span> <span class='ocrx_word' id='word_1_353' title='bbox 412 2056 488 2097; x_wconf 81' lang='lat' dir='ltr'><strong>hoc,</strong></span> <span class='ocrx_word' id='word_1_354' title='bbox 507 2057 598 2102; x_wconf 91' lang='lat' dir='ltr'><strong>quod</strong></span> <span class='ocrx_word' id='word_1_355' title='bbox 620 2060 671 2090; x_wconf 89' lang='lat' dir='ltr'><strong>tot</strong></span> <span class='ocrx_word' id='word_1_356' title='bbox 693 2068 734 2091; x_wconf 84' lang='lat' dir='ltr'><strong>ac</strong></span> <span class='ocrx_word' id='word_1_357' title='bbox 752 2060 927 2091; x_wconf 88' lang='lat' dir='ltr'><strong>tantorum</strong></span> <span class='ocrx_word' id='word_1_358' title='bbox 946 2056 1192 2091; x_wconf 86' lang='lat' dir='ltr'><strong>beneficiorum</strong></span> <span class='ocrx_word' id='word_1_359' title='bbox 1212 2068 1349 2103; x_wconf 87' lang='lat' dir='ltr'><strong>semper</strong></span> <span class='ocrx_word' id='word_1_360' title='bbox 1369 2068 1443 2091; x_wconf 91' lang='lat' dir='ltr'><strong>sum</strong></span> <span class='ocrx_word' id='word_1_361' title='bbox 1462 2056 1597 2091; x_wconf 89' lang='lat' dir='ltr'><strong>futurus</strong></span> <span class='ocrx_word' id='word_1_362' title='bbox 1612 2061 1746 2103; x_wconf 81' lang='lat' dir='ltr'><strong>gratus,</strong></span> 
     </span>
    </p>

    <p class='ocr_par' dir='ltr' id='par_1_27' title="bbox 148 2117 1751 2163">
     <span class='ocr_line' id='line_1_31' title="bbox 148 2117 1751 2163; baseline 0.001 -12"><span class='ocrx_word' id='word_1_363' title='bbox 148 2131 163 2146; x_wconf 67' lang='lat' dir='ltr'><strong>a</strong></span> <span class='ocrx_word' id='word_1_364' title='bbox 186 2118 289 2152; x_wconf 82' lang='lat' dir='ltr'><strong>etiam</strong></span> <span class='ocrx_word' id='word_1_365' title='bbox 307 2118 417 2152; x_wconf 89' lang='lat' dir='ltr'><strong>Deum</strong></span> <span class='ocrx_word' id='word_1_366' title='bbox 444 2118 610 2163; x_wconf 84' lang='lat' dir='ltr'><strong>optimum</strong></span> <span class='ocrx_word' id='word_1_367' title='bbox 636 2117 824 2152; x_wconf 83' lang='lat' dir='ltr'><strong>maximum</strong></span> <span class='ocrx_word' id='word_1_368' title='bbox 850 2117 1021 2152; x_wconf 89' lang='lat' dir='ltr'><strong>continuis</strong></span> <span class='ocrx_word' id='word_1_369' title='bbox 1048 2118 1136 2153; x_wconf 88' lang='lat' dir='ltr'><strong>votis</strong></span> <span class='ocrx_word' id='word_1_370' title='bbox 1165 2119 1283 2153; x_wconf 90' lang='lat' dir='ltr'><strong>sedulo</strong></span> <span class='ocrx_word' id='word_1_371' title='bbox 1303 2119 1422 2161; x_wconf 85' lang='lat' dir='ltr'><strong>orabo,</strong></span> <span class='ocrx_word' id='word_1_372' title='bbox 1444 2122 1482 2153; x_wconf 93' lang='lat' dir='ltr'><strong>ut</strong></span> <span class='ocrx_word' id='word_1_373' title='bbox 1503 2119 1599 2153; x_wconf 91' lang='lat' dir='ltr'><strong>illam</strong></span> <span class='ocrx_word' id='word_1_374' title='bbox 1616 2119 1661 2153; x_wconf 89' lang='lat' dir='ltr'><strong>ad</strong></span> <span class='ocrx_word' id='word_1_375' title='bbox 1679 2131 1751 2155; x_wconf 83' lang='lat' dir='ltr'><strong>suae</strong></span> 
     </span>
    </p>

    <p class='ocr_par' dir='ltr' id='par_1_28' title="bbox 150 2179 1752 2215">
     <span class='ocr_line' id='line_1_32' title="bbox 150 2179 1752 2215; baseline 0.001 -2"><span class='ocrx_word' id='word_1_376' title='bbox 150 2193 164 2207; x_wconf 63' lang='lat' dir='ltr'><strong>a</strong></span> <span class='ocrx_word' id='word_1_377' title='bbox 186 2179 352 2214; x_wconf 74' lang='lat' dir='ltr'><strong>Ecclesiae</strong></span> <span class='ocrx_word' id='word_1_378' title='bbox 367 2179 505 2214; x_wconf 79' lang='lat' dir='ltr'><strong>Sanctae</strong></span> <span class='ocrx_word' id='word_1_379' title='bbox 522 2179 773 2214; x_wconf 88' lang='lat' dir='ltr'><strong>incrementum</strong></span> <span class='ocrx_word' id='word_1_380' title='bbox 792 2179 825 2213; x_wconf 92' lang='lat' dir='ltr'><strong>in</strong></span> <span class='ocrx_word' id='word_1_381' title='bbox 846 2179 972 2213; x_wconf 89' lang='lat' dir='ltr'><strong>multos</strong></span> <span class='ocrx_word' id='word_1_382' title='bbox 991 2190 1101 2214; x_wconf 87' lang='lat' dir='ltr'><strong>annos</strong></span> <span class='ocrx_word' id='word_1_383' title='bbox 1116 2184 1232 2215; x_wconf 92' lang='lat' dir='ltr'><strong>servet</strong></span> <span class='ocrx_word' id='word_1_384' title='bbox 1251 2180 1385 2215; x_wconf 87' lang='lat' dir='ltr'><strong>salvam</strong></span> <span class='ocrx_word' id='word_1_385' title='bbox 1399 2184 1432 2215; x_wconf 91' lang='lat' dir='ltr'><strong>et</strong></span> <span class='ocrx_word' id='word_1_386' title='bbox 1445 2180 1664 2215; x_wconf 90' lang='lat' dir='ltr'><strong>incolumem.</strong></span> <span class='ocrx_word' id='word_1_387' title='bbox 1682 2181 1752 2215; x_wconf 87' lang='lat' dir='ltr'><strong>Va-</strong></span> 
     </span>
    </p>

    <p class='ocr_par' dir='ltr' id='par_1_29' title="bbox 151 2240 1756 2288">
     <span class='ocr_line' id='line_1_33' title="bbox 151 2240 1756 2288; baseline 0.002 -14"><span class='ocrx_word' id='word_1_388' title='bbox 151 2254 165 2269; x_wconf 70' lang='grc' dir='ltr'><em>α</em></span> <span class='ocrx_word' id='word_1_389' title='bbox 187 2240 259 2275; x_wconf 90' lang='lat' dir='ltr'><strong>lere</strong></span> <span class='ocrx_word' id='word_1_390' title='bbox 274 2240 542 2275; x_wconf 82' lang='lat' dir='ltr'><strong>illustrissimam</strong></span> <span class='ocrx_word' id='word_1_391' title='bbox 550 2252 590 2275; x_wconf 88' lang='lat' dir='ltr'><strong>ac</strong></span> <span class='ocrx_word' id='word_1_392' title='bbox 608 2241 932 2276; x_wconf 85' lang='lat' dir='ltr'><strong>reverendissimam</strong></span> <span class='ocrx_word' id='word_1_393' title='bbox 944 2241 1196 2276; x_wconf 76' lang='lat' dir='ltr'><strong>paternitatem</strong></span> <span class='ocrx_word' id='word_1_394' title='bbox 1207 2247 1358 2277; x_wconf 87' lang='lat' dir='ltr'><strong>vestram</strong></span> <span class='ocrx_word' id='word_1_395' title='bbox 1370 2254 1472 2288; x_wconf 87' lang='lat' dir='ltr'><strong>quam</strong></span> <span class='ocrx_word' id='word_1_396' title='bbox 1483 2242 1674 2277; x_wconf 89' lang='lat' dir='ltr'><strong>diutissime</strong></span> <span class='ocrx_word' id='word_1_397' title='bbox 1685 2242 1756 2277; x_wconf 85' lang='lat' dir='ltr'><strong>feli-</strong></span> 
     </span>
    </p>

    <p class='ocr_par' dir='ltr' id='par_1_30' title="bbox 153 2302 1748 2411">
     <span class='ocr_line' id='line_1_34' title="bbox 153 2302 1748 2349; baseline 0.001 -13"><span class='ocrx_word' id='word_1_398' title='bbox 153 2316 167 2330; x_wconf 64' lang='lat' dir='ltr'><strong>c&lt;</strong></span> <span class='ocrx_word' id='word_1_399' title='bbox 188 2302 389 2348; x_wconf 86' lang='lat' dir='ltr'><strong>cissimeque</strong></span> <span class='ocrx_word' id='word_1_400' title='bbox 404 2302 698 2347; x_wconf 80' lang='lat' dir='ltr'><strong>percupio.Vilnae</strong></span> <span class='ocrx_word' id='word_1_401' title='bbox 717 2314 759 2337; x_wconf 82' lang='lat' dir='ltr'><strong>ex</strong></span> <span class='ocrx_word' id='word_1_402' title='bbox 777 2302 873 2337; x_wconf 88' lang='lat' dir='ltr'><strong>curia</strong></span> <span class='ocrx_word' id='word_1_403' title='bbox 892 2313 968 2336; x_wconf 79' lang='lat' dir='ltr'><strong>mea</strong></span> <span class='ocrx_word' id='word_1_404' title='bbox 982 2303 1356 2349; x_wconf 87' lang='lat' dir='ltr'><strong>episcopali‚vigesima</strong></span> <span class='ocrx_word' id='word_1_405' title='bbox 1371 2304 1426 2338; x_wconf 91' lang='lat' dir='ltr'><strong>die</strong></span> <span class='ocrx_word' id='word_1_406' title='bbox 1444 2303 1584 2349; x_wconf 82' lang='lat' dir='ltr'><strong>augusti</strong></span> <span class='ocrx_word' id='word_1_407' title='bbox 1609 2304 1711 2340; x_wconf 81' lang='lat'>1568.</span> <span class='ocrx_word' id='word_1_408' title='bbox 1734 2322 1748 2335; x_wconf 84' lang='lat'>„</span> 
     </span>
     <span class='ocr_line' id='line_1_35' title="bbox 197 2362 1565 2411; baseline 0.001 -14"><span class='ocrx_word' id='word_1_409' title='bbox 197 2362 313 2398; x_wconf 85' lang='lat' dir='ltr'><strong>Allata</strong></span> <span class='ocrx_word' id='word_1_410' title='bbox 342 2364 472 2410; x_wconf 85' lang='lat' dir='ltr'><strong>pariter</strong></span> <span class='ocrx_word' id='word_1_411' title='bbox 501 2364 656 2409; x_wconf 86' lang='lat' dir='ltr'><strong>ejusdem</strong></span> <span class='ocrx_word' id='word_1_412' title='bbox 675 2364 821 2410; x_wconf 90' lang='lat' dir='ltr'><strong>epistola</strong></span> <span class='ocrx_word' id='word_1_413' title='bbox 851 2364 895 2398; x_wconf 89' lang='lat' dir='ltr'><strong>ad</strong></span> <span class='ocrx_word' id='word_1_414' title='bbox 924 2364 1043 2398; x_wconf 87' lang='lat' dir='ltr'><strong>Socios</strong></span> <span class='ocrx_word' id='word_1_415' title='bbox 1075 2364 1221 2411; x_wconf 88' lang='lat' dir='ltr'><strong>Collegii</strong></span> <span class='ocrx_word' id='word_1_416' title='bbox 1252 2365 1565 2411; x_wconf 88' lang='lat' dir='ltr'><strong>Brunsbergensis.</strong></span> 
     </span>
    </p>
   </div>
  </div>
 </body>
</html>
