2184 2953
640 284 745 312 LIBER
768 283 919 311 TERTIUS
941 283 1148 317 (msc-1590).
1671 275 1727 307 157

114 391 239 437 populo
253 391 327 437 jam
354 392 499 437 quisque
524 391 687 436 deinceps
715 390 835 425 melior
862 389 990 435 plagiS,
1011 392 1114 433 atque
1145 387 1191 421 ad
1217 386 1358 432 pietatis
1389 385 1501 420 officia
1530 383 1724 423 excitatior,

114 452 167 487 vel
186 453 280 497 regis
308 452 536 497 sigismundi,
558 452 673 486 Vilme
690 464 751 498 per
769 452 804 486 id
824 456 958 496 tempus
978 448 1235 488 commorantis,
1258 447 1464 492 scholasque
1483 451 1517 482 et
1537 446 1729 491 Collegium

114 515 310 554 revisentis,
330 519 402 549 tum
429 526 609 560 procerum
629 514 837 559 benignitas,
857 516 891 547 et
915 511 1107 546 studiorum
1132 514 1331 544 nostrorum
1350 521 1411 555 per
1436 521 1496 543 eos
1524 508 1729 555 approbatio

113 578 316 613 afferebant.
339 578 513 612 Sterilitas
539 581 746 623 temporum,
773 575 962 621 superioris
989 573 1138 607 maxime
1167 572 1262 612 anni,
1285 572 1417 606 civibus
1444 572 1569 606 famem
1600 572 1726 606 intulit.

115 640 167 674 Ex
185 640 282 685 agris
309 643 343 674 et
370 640 504 685 oppidis
523 639 662 673 Vilnam
695 638 856 683 undique,
883 639 1011 682 praeter
1042 645 1168 679 vagam
1197 634 1326 679 passim
1354 634 1628 668 mcndiculorum
1660 638 1731 667 tur-

114 702 205 742 bam,
228 701 398 742 rusticuli,
420 701 622 742 tabernarii,
641 700 782 746 opifices
801 699 980 739 sellularii,
998 704 1164 745 tanquam
1179 698 1222 733 ad
1237 698 1344 732 fidum
1360 709 1510 732 annome
1525 697 1729 738 subsidium,

114 763 345 798 confluebant.
369 763 573 798 Miserabile
592 766 665 797 tum
692 762 868 796 enimvero
897 764 971 794 tota
1000 760 1084 794 urbe
1116 760 1174 794 diu
1202 764 1376 805 noctuque
1409 759 1585 792 turmatim
1616 770 1733 793 erran-

113 825 211 866 tium,
233 836 401 871 opemque
419 824 702 860 lamentabilibus
720 823 978 868 implorantium
997 821 1139 856 vocibus
1167 826 1242 856 erat
1257 821 1505 867 spectaculum.
1520 821 1732 855 Succurrere

114 887 169 921 hic
188 887 280 922 Socii
307 887 445 921 miseris
472 899 534 933 pro
553 886 776 921 facultatibus
804 886 876 919 suis
897 897 903 919 ς
927 885 1051 931 partiri
1079 896 1205 931 penum
1229 895 1327 918 suam
1349 897 1355 918 :
1384 883 1560 918 famelicos
1587 895 1729 929 greges,

113 960 198 994 quos
215 952 369 994 possent.
393 949 571 983 subtracta
590 948 655 982 sibi
683 947 751 982 offa
771 947 815 981 ad
834 952 970 992 portam
989 947 1155 981 domicilii
1174 946 1316 981 reficere
1335 959 1341 980 :
1364 957 1497 987 eorum,
1515 957 1601 991 quos
1621 945 1732 990 pudor

113 1011 178 1045 hoc
196 1011 293 1046 aditu
310 1011 521 1056 prohiberet,
544 1012 631 1056 stipe
660 1012 815 1056 precario
843 1012 948 1046 etiam
976 1015 1109 1051 coacta,
1132 1010 1329 1045 clanculum
1358 1010 1485 1055 inopiae
1514 1010 1655 1044 mederi.
1681 1010 1733 1044 Ea

113 1077 253 1119 propter
280 1073 481 1107 sodalitium
508 1084 644 1118 quoque
661 1073 911 1107 misericordia>
937 1077 970 1108 et
996 1085 1107 1112 mons,
1130 1076 1167 1107 ut
1185 1076 1324 1112 vocant,
1346 1072 1497 1117 pietatis,
1519 1071 1565 1106 ad
1582 1072 1732 1117 effigiem

115 1135 303 1170 Salvatoris
330 1136 469 1169 Domini
496 1148 514 1169 e
534 1135 643 1170 Cruce
671 1137 866 1181 pendentis,
889 1137 1016 1171 divinis
1048 1137 1220 1182 hodieque
1242 1135 1418 1171 beneficiis
1449 1135 1612 1182 inclytam
1631 1136 1667 1182 (l)
1698 1135 1732 1169 in

116 1196 243 1232 sacello
275 1196 436 1242 Corporis
456 1197 584 1231 Christi
613 1197 718 1238 dicto,
741 1199 908 1239 excitata;
940 1199 1030 1233 unde
1056 1202 1148 1233 certa
1177 1198 1339 1243 deinceps
1366 1197 1549 1243 egentibus
1580 1198 1735 1232 remedia

115 1261 326 1304 peterentur.
350 1257 564 1303 Colligendis
583 1270 719 1304 quoque
747 1262 978 1307 curandisque
1003 1261 1180 1302 convenis,
1201 1260 1365 1306 quoniam
1398 1261 1598 1295 nosocomia
1616 1264 1736 1296 vetera

110 1319 183 1365 jam
203 1319 383 1353 hominum
411 1319 617 1354 miserorum
636 1321 761 1356 referta
794 1326 910 1363 erant;
941 1327 978 1358 ut
1007 1323 1156 1369 amplius
1187 1326 1360 1368 praeterea
1382 1322 1613 1357 diversorium
1643 1335 1734 1357 sum-

116 1384 263 1426 ptusque
293 1380 378 1415 certi
405 1384 439 1415 et
465 1385 646 1416 curatores
673 1391 792 1417 eorum
825 1385 965 1430 impigri
993 1386 1273 1430 assignarentur,
1299 1395 1317 1418 a
1335 1384 1541 1429 magistratu
1573 1385 1736 1429 impetra—

114 1446 198 1477 tum.
222 1443 356 1477 Urente
378 1442 492 1477 acrius
512 1443 605 1477 malo
635 1447 669 1477 et
695 1445 861 1490 majorem
884 1446 917 1479 in
938 1446 1011 1481 dies
1030 1446 1153 1481 edente
1171 1450 1337 1492 stragem,
1359 1446 1566 1480 subductum
1585 1447 1734 1492 denique

117 1502 309 1549 Collegium
350 1504 383 1537 in
419 1515 542 1549 agrum
581 1505 840 1547 suburbanun13
889 1512 1038 1552 quatuor
1076 1508 1328 1549 sacerdotibus,
1361 1510 1418 1554 qui
1458 1521 1565 1555 aegra}
1604 1509 1736 1544 civitati

116 1569 360 1611 procuratores
387 1566 509 1600 salutis
536 1570 569 1601 et
597 1567 832 1602 consolatores
860 1569 1035 1609 adessent,
1058 1570 1189 1616 aliquot
1215 1571 1299 1606 item
1325 1572 1543 1617 adjutoribus
1560 1572 1604 1605 ad
1624 1575 1737 1606 custo-

116 1628 206 1663 diam
229 1628 351 1663 domus
371 1628 513 1664 relictis.
540 1630 672 1664 Urbem
700 1631 750 1664 illi
772 1637 920 1677 quatuor
942 1634 977 1667 in
996 1635 1141 1669 totidem
1163 1635 1324 1680 regiones
1342 1635 1473 1680 partiti,
1499 1635 1555 1669 die
1584 1646 1733 1680 quoque,

116 1701 137 1724 a
158 1690 267 1737 primo
296 1691 449 1726 diluculo
477 1691 521 1725 ad
549 1697 739 1726 extremum
768 1705 875 1739 usque
907 1695 1158 1740 crepusculum,
1190 1708 1271 1731 suos
1292 1696 1437 1742 quisque
1463 1696 1558 1730 vicos
1581 1707 1738 1741 pererra-

117 1752 218 1792 bant;
249 1752 362 1786 devoti
389 1764 453 1787 sua
479 1757 600 1798 sponte
627 1754 730 1788 saluti
759 1754 969 1795 mortalium,
987 1756 1188 1792 fortitudine
1207 1762 1305 1792 tanta
1323 1770 1360 1792 ac
1388 1757 1570 1803 diligentia
1597 1758 1631 1791 in
1655 1758 1739 1804 ipsis

117 1813 346 1848 versabantur
373 1811 548 1859 periculis,
583 1818 620 1848 ut
646 1814 680 1848 in
708 1816 868 1850 omnibus
896 1820 929 1851 et
956 1817 1093 1853 virtutis
1124 1830 1197 1853 suae
1233 1823 1267 1854 et
1301 1819 1440 1865 pietatis
1474 1819 1739 1854 admirationem

118 1886 338 1920 amoremque
375 1876 580 1910 excitarent.
615 1876 670 1911 Illi
706 1881 777 1911 tum
806 1878 869 1922 ipsi
899 1890 960 1924 per
993 1880 1113 1914 urbem
1149 1892 1286 1915 omnem
1320 1881 1527 1926 languentes
1558 1880 1701 1916 reficere
1729 1894 1735 1915 :

119 1936 341 1971 moribundos
368 1937 582 1972 salutaribus
609 1938 769 1983 adjutare
797 1940 976 1974 fflinsiliis:
1007 1942 1163 1976 subsidia
1191 1943 1336 1982 miseris,
1364 1943 1548 1978 undeunde
1580 1944 1738 1977 contrahi

119 2005 291 2047 poterant,
324 2002 471 2043 afferre3
504 2003 662 2038 desertas
689 2016 709 2037 a
738 2004 886 2038 dominis
914 2004 1020 2044 udos,
1052 2004 1220 2043 collectis,
1250 2016 1327 2050 quae
1362 2004 1492 2049 passim
1527 2016 1589 2051 per
1624 2005 1740 2050 fugam

114 2062 277 2109 jacebant
303 2075 437 2109 sparsa,
456 2064 676 2103 utensilibus,
694 2066 916 2105 concludere,
944 2070 977 2100 et
1006 2070 1127 2100 contra
1154 2066 1260 2105 fures,
1291 2077 1332 2100 ea
1361 2066 1505 2101 maxime
1533 2070 1739 2112 tempestate

121 2128 335 2170 grassantes,
366 2125 601 2160 communire:
622 2126 705 2171 quin
731 2126 775 2160 ad
804 2127 1090 2171 restinguendum
1118 2128 1222 2162 etiam
1249 2128 1460 2168 incendium,
1485 2140 1551 2174 quo
1580 2129 1662 2162 urbs
1690 2129 1739 2163 fa-

121 2187 184 2223 cile
209 2188 395 2223 interiisset
422 2191 504 2229 tota,
534 2189 668 2229 adesse,
690 2189 855 2234 ignavam
882 2189 1012 2222 hortari
1042 2189 1191 2234 plebem,
1214 2190 1368 2224 remedia
1391 2190 1464 2224 suis
1491 2191 1557 2236 ipsi
1580 2191 1740 2226 manibus

121 2249 255 2286 afferre.
281 2252 321 2285 In
351 2263 390 2286 eo
422 2251 654 2297 periculorum
682 2257 769 2287 aestu
797 2253 831 2286 id
859 2264 963 2286 unum
992 2252 1084 2286 Socii
1106 2252 1256 2286 vicissim
1284 2251 1349 2286 sibi
1377 2252 1620 2296 precabantur,
1644 2258 1681 2287 ut
1709 2253 1739 2287 si

122 2312 214 2346 utilis
242 2312 387 2353 civitati,
410 2313 439 2347 si
465 2317 568 2358 grata
593 2313 667 2348 Deo
696 2325 759 2347 sua
786 2314 875 2348 soret
902 2325 1020 2359 opera,
1050 2325 1118 2348 non
1142 2313 1239 2358 prius
1267 2313 1333 2358 ipsi
1365 2314 1539 2348 communi
1558 2314 1649 2348 malo
1682 2314 1740 2349 de-

123 2374 332 2414 cumberent,
367 2386 469 2420 quam
498 2374 632 2420 reliqua
663 2375 798 2414 civitas,
832 2376 950 2410 divina
990 2375 1218 2420 benignitate,
1253 2386 1295 2409 ex
1322 2374 1450 2408 morbis
1484 2374 1742 2409 convalesceret

122 2437 205 2482 (jam
222 2437 313 2471 enim
333 2437 430 2471 abire
452 2437 634 2472 videbatur
657 2438 866 2483 pestilentia)
882 2437 956 2482 opis
977 2448 1049 2470 sua)
1072 2443 1163 2471 esset
1180 2448 1249 2470 non
1268 2436 1401 2481 indiga.
1422 2436 1459 2470 Id
1483 2436 1573 2481 quod
1590 2436 1737 2476 duobus,

164 2508 201 2544 (Ἰ)
224 2506 387 2536 Sodalitiuin
405 2508 617 2540 Misericordiae,
638 2508 718 2535 Mons
735 2508 856 2543 pictatis,
875 2510 901 2533 et
918 2505 1125 2532 Nosocomium,

1759 375 1822 402 1589

1761 1081 1865 1107 Miseris

1761 1121 1886 1147 Vilnense

1762 1163 1893 1189 succurrit

1763 1200 1910 1233 collegium.

1766 1462 1900 1495 Obsequia

1765 1501 1894 1528 Sociorum
1906 1522 1912 1528 .
