2184 2953
1088 277 1251 300 —X—

346 387 408 411 vos
438 374 567 410 nostris
599 377 717 420 gestas
758 375 976 417 ministeriis,
1015 387 1036 411 a
1083 377 1273 422 majoribus
1304 377 1433 413 nostris
1480 378 1609 425 scripto
1645 379 1805 421 traditas,
1847 392 1967 416 narra-

346 450 435 473 mus.
487 438 539 472 De
570 438 676 473 variis
703 438 850 474 subinde
878 450 1189 474 commemoramus
1222 440 1376 475 civilium
1406 452 1522 476 rerum
1561 443 1853 488 tempestatibus;
1880 444 1973 478 unde

346 501 457 536 lector
487 500 677 547 intelligat,
708 501 766 547 qui
811 501 995 547 aliquando
1032 502 1067 536 in
1103 503 1217 548 patria
1251 507 1374 537 nostra
1416 504 1520 539 fuerit
1547 504 1716 540 Ecclesiae
1756 510 1865 541 status
1889 506 1975 552 :qui

346 568 420 599 tum
451 563 637 598 inclinatas
683 563 866 610 religionis
900 563 956 599 vel
1008 564 1210 610 reipublicae
1254 569 1371 611 partes
1420 566 1594 601 antistites
1630 567 1712 602 boni
1740 572 1774 602 et
1800 568 1975 614 principes

347 625 545 666 industriis,
594 625 761 665 consiliis,
813 626 935 671 opibus
985 627 1251 661 sustinuerint:
1283 627 1341 672 qui
1397 628 1546 674 denique
1584 629 1619 664 in
1667 630 1818 677 templis,
1870 630 1972 672 aulis,

348 688 492 729 scholis,
523 688 660 729 castris,
695 687 797 734 pagis
826 691 860 723 et
902 687 1046 722 urbibus
1082 692 1283 722 nostrorum
1327 700 1411 723 usus
1441 690 1545 725 fuerit
1582 691 1775 726 Sociorum.
1829 692 1916 726 Haee
1943 696 1977 727 et

345 750 451 797 hujus
487 750 627 796 generis
655 749 735 791 alia,
773 750 809 784 in
841 761 948 784 unum
977 749 1136 790 collecta,
1173 750 1217 785 ad
1250 762 1312 785 vos
1343 751 1517 786 antistites
1553 757 1693 788 nostros
1726 765 1766 789 ac
1800 754 1975 800 principes

347 812 390 848 de
424 813 571 860 pristino
608 813 645 847 in
670 812 796 847 vestris
828 812 1015 858 provinciis
1059 812 1241 858 religionis
1291 816 1410 847 statu:
1434 814 1478 848 ad
1505 826 1567 849 vos
1617 819 1809 857 senatores,
1851 817 1976 862 patriae

345 878 476 922 patres,
505 874 676 911 nonnulla
703 874 746 910 de
778 874 978 920 republica;
1001 875 1044 910 ad
1079 887 1141 910 vos
1174 879 1310 911 satores
1343 875 1485 911 Ordinis
1512 878 1623 912 nostri
1650 882 1685 913 et
1710 883 1975 915 conservatores

344 938 421 985 pios
457 938 499 972 de
542 938 648 973 rebus
696 941 826 972 nostrae
870 937 1069 977 Societatis,
1121 937 1248 972 saeculo
1298 939 1410 984 primo
1447 939 1482 973 in
1509 940 1575 974 hac
1619 941 1799 986 provincia
1846 942 1970 987 gestis,

344 999 568 1035 conferimus.
621 1000 731 1038 Quam
762 999 954 1034 officiorum
987 1003 1021 1034 et
1051 999 1242 1034 voluntatis
1273 1005 1406 1035 nostrae
1450 1001 1717 1047 professionem,
1762 1007 1867 1049 atque
1898 1015 1977 1038 cum

343 1062 410 1097 hac
441 1062 653 1097 Societatem
683 1062 896 1102 universam,
944 1065 1039 1096 tanta
1066 1062 1323 1104 benevolentia,
1367 1074 1564 1109 precamur,
1600 1065 1759 1111 accipite,
1792 1070 1827 1101 et
1857 1077 1978 1113 accep-

343 1128 415 1159 tam
451 1136 555 1170 porro
595 1124 722 1165 fovete,
757 1128 888 1170 quanta
927 1124 1144 1170 benignitate
1181 1125 1390 1160 sanctissimi
1422 1126 1573 1172 majores
1603 1128 1713 1162 vestri
1748 1129 1878 1174 primos
1915 1129 1976 1164 ad-

343 1198 465 1226 venas,
500 1190 617 1232 patres
649 1189 801 1226 nostros,
835 1186 872 1220 in
899 1186 986 1220 hanc
1020 1187 1237 1232 provinciam
1274 1187 1492 1234 collegerint,
1533 1189 1696 1224 collectos
1736 1191 1808 1225 suis
1843 1191 1976 1226 munie-

345 1249 414 1284 rint
441 1239 627 1295 praesidiis,
663 1248 813 1283 munitos
845 1248 995 1283 foverint
1037 1249 1226 1284 beneficiis.
1277 1250 1315 1284 Id
1351 1254 1429 1286 orat
1471 1251 1676 1298 suppliciter

1231 1886 1341 1914 minima
1356 1883 1424 1914 Jesu
1439 1885 1566 1914 Societas
1581 1885 1607 1913 in
1623 1886 1765 1921 provincia
1781 1885 1934 1914 Lituanica.
