2184 2953
417 297 476 330 232
785 306 1058 335 LITUANICARUM
1082 305 1291 334 SOCIETATIS
1313 305 1398 335 JESU
1421 303 1672 333 HISTORIARUM

243 397 308 424 1612
420 409 435 423 α
458 406 664 443 aequumque
682 408 719 432 se
736 397 806 433 illis
835 398 998 433 exhibeat
1019 411 1026 433 2
1048 401 1087 432 ut
1100 409 1137 433 se
1150 398 1186 432 in
1213 398 1343 433 tuenda
1366 401 1400 432 et
1427 396 1663 431 conservanda
1684 395 1882 441 Republica
1907 394 2038 429 nullius

418 472 434 486 κ
455 458 638 494 industriae
663 463 698 494 et
723 459 854 495 laboris
881 461 997 506 pigeat
1027 472 1033 494 :
1074 464 1112 495 ut
1148 460 1214 506 piis
1251 464 1286 495 et
1323 458 1540 506 sapientibus
1584 457 1770 497 auscultet,
1801 461 2037 492 assentatores

419 535 434 549 κ
457 524 651 563 aversetur,
669 521 839 556 desidiam
867 526 901 556 et
927 521 1125 567 voluptates
1153 522 1323 568 defugiat,
1342 521 1594 556 ecclesiasticos
1628 524 1662 555 et
1679 520 1844 566 profanos
1866 519 1918 554 rei
1937 530 2036 554 com-

419 597 434 611 «
456 583 570 617 munis
589 583 812 618 administros
838 587 932 618 creet
950 583 1079 629 probos
1098 584 1224 630 ubique
1250 587 1284 618 et
1305 583 1395 629 pios,
1414 582 1571 628 aliasque
1600 582 1788 617 secundum
1808 581 1922 626 legem
1942 585 2038 615 tuam

420 660 435 674 a
462 649 496 680 et
514 646 731 682 voluntatem
745 646 899 680 divinam
916 646 994 680 vias
1013 650 1253 692 persequatur.
1276 648 1329 681 lta
1347 646 1516 692 polliceor
1531 646 1671 681 nomine
1690 649 1762 684 tuo,
1784 645 1868 679 Jesu
1885 643 2034 684 Christe,

420 723 435 737 α
457 713 633 755 potentem
649 722 788 745 manum
802 715 897 745 tuam
928 711 1021 749 huic,
1047 710 1202 756 foreque,
1216 714 1253 744 ut
1264 709 1378 744 onmia
1393 719 1608 754 quaecunque
1630 708 1674 742 sit
1688 707 1856 746 facturus,
1871 716 2037 752 prospere

245 764 315 830 ἓξὲξ
336 772 391 830 31¹3?
421 787 436 801 α
459 774 632 809 eveniant.
655 775 710 809 Ad
729 781 888 809 senatum
907 775 989 809 item
1009 775 1234 819 ordinemque
1258 777 1468 818 equestrem,
1486 772 1531 805 ad
1559 783 1656 805 suam
1684 771 1849 805 familiam
1874 773 1907 804 et
1926 769 2035 803 famu-

242 844 340 871 nuerit.
420 852 435 866 α
458 838 523 879 los,
546 839 581 873 in
608 840 755 875 comitiis
787 844 821 874 et
851 840 1091 877 conventibus,
1123 841 1281 872 servator
1317 836 1478 875 Domine,
1514 836 1583 870 obii
1615 836 1811 882 perfecique
1841 834 2036 880 legationes

420 915 435 929 u
457 904 549 935 tuas.
581 901 772 940 Hortabar,
810 905 846 935 ut
874 913 973 935 suam
1000 905 1181 947 parentem
1213 904 1408 944 utramque,
1433 897 1626 932 Ecclesiam
1655 897 1785 932 scilicet
1807 903 1840 930 et
1870 895 2033 941 patriam,

421 978 436 992 α
459 975 527 998 uno
547 975 665 998 secum
682 963 819 998 vinculo
847 964 1064 1010 conjunctas,
1087 967 1288 997 constanter
1307 960 1527 1005 efflictimque
1550 963 1690 993 ament:
1721 963 1756 993 ut
1786 969 1828 992 ne
1854 969 1913 992 eas
1933 957 1974 991 ab
2000 968 2036 991 se

419 1040 434 1054 κ
456 1037 518 1072 per
545 1026 698 1060 haereses
731 1025 898 1060 divellant
929 1039 934 1060 :
970 1037 1014 1060 ne
1042 1024 1236 1060 discordias
1264 1023 1443 1062 inducant,
1474 1021 1598 1067 quibus
1627 1024 1773 1065 utraque
1802 1020 1976 1054 intereat:
1999 1022 2037 1053 ut

421 1103 435 1117 u
458 1087 602 1123 consilia
621 1088 821 1122 consocient
836 1088 1016 1127 salutaria,
1040 1088 1114 1134 ipso
1131 1087 1196 1122 sibi
1225 1087 1315 1120 bono
1338 1084 1556 1131 Reipublicae
1572 1085 1769 1132 proposito;
1792 1083 1895 1129 hujus
1914 1093 2034 1122 causa,

421 1164 436 1178 κ
459 1149 517 1184 ubi
536 1161 591 1184 res
611 1149 849 1195 postulaverit,
872 1151 983 1185 omnis
1012 1150 1139 1196 privati
1168 1149 1336 1183 commodi
1361 1150 1537 1195 jacturam
1558 1149 1673 1183 facere
1693 1148 1807 1194 parati
1830 1160 1836 1181 :
1858 1151 1894 1181 ut
1913 1146 2038 1193 princi-

420 1226 435 1240 κ
457 1223 518 1258 pes
555 1223 649 1252 suos,
679 1224 821 1246 suorum
853 1212 1011 1258 exemplo
1054 1213 1237 1258 majorum,
1273 1211 1389 1246 colant
1416 1211 1577 1252 fideliter,
1612 1210 1682 1245 illis
1715 1211 1967 1255 obtemperent,
1994 1209 2037 1244 de

421 1287 435 1302 κ
458 1273 613 1319 ipsorum
649 1274 859 1309 contumelia
883 1275 1092 1315 irascantur,
1126 1285 1238 1319 neque
1275 1273 1359 1318 ipsis
1387 1273 1672 1307 obmurmurent:
1703 1276 1739 1306 ut
1774 1272 1924 1306 vicissim
1955 1282 2037 1317 gra-

420 1350 435 1364 κ
458 1335 634 1370 tificentur
665 1335 743 1376 sibi,
785 1348 970 1381 secumque
1002 1336 1222 1370 consentiant
1257 1348 1263 1369 :
1298 1347 1341 1370 ne
1381 1347 1444 1370 sua
1475 1336 1664 1370 abutantur
1697 1334 1875 1375 libertate,
1921 1334 2037 1379 itaque

420 1410 436 1425 κ
454 1396 668 1442 dispereant,
702 1397 954 1443 discorcliisque
978 1397 1012 1431 in
1036 1398 1239 1432 servitutem
1267 1397 1496 1432 adducantur.
1527 1397 1762 1437 Vociferabar,
1785 1397 1944 1437 Domine,
1972 1395 2040 1430 cla-

421 1474 436 1488 s<
458 1460 681 1505 moribusque
701 1460 785 1495 meis
807 1472 926 1495 omnes
948 1460 1166 1505 flagitabam,
1191 1464 1228 1494 ut
1253 1460 1466 1505 castigandis
1490 1460 1700 1497 homicidiis,
1719 1459 1887 1505 perfidiae,
1905 1457 2038 1492 adulte-

422 1537 437 1552 «
459 1523 534 1563 riis,
556 1522 708 1563 incestis,
728 1522 934 1563 foenoribus,
955 1523 1099 1568 rapinis,
1120 1522 1394 1562 incursionibus,
1417 1522 1622 1567 caeterisque
1649 1522 1850 1556 criminibus
1870 1521 2041 1566 aequiores

423 1599 437 1613 a
460 1584 612 1619 condant
642 1584 752 1630 leges,
775 1585 1036 1631 promptiorque
1063 1583 1201 1629 justitia
1229 1583 1423 1622 liabeatur;
1458 1582 1575 1627 itaque
1606 1582 1773 1628 pollutam
1805 1586 1837 1616 et
1869 1581 2041 1627 sanguine

422 1660 437 1675 «ε
460 1651 495 1682 et
519 1647 656 1692 injuriis
675 1647 882 1693 templorum
909 1658 950 1681 ac
976 1656 1182 1693 pauperum,
1204 1648 1238 1679 et
1264 1645 1500 1690 subjectorum
1528 1645 1767 1691 oppressione,
1789 1648 1916 1678 terram
1944 1654 2042 1678 suam

423 1725 438 1739 κ
460 1710 601 1756 expient
622 1723 629 1744 :
651 1714 688 1744 ut
707 1710 921 1756 superbiam,
942 1709 1074 1750 luxum,
1097 1713 1312 1755 nepotatum,
1333 1709 1567 1755 profusionem
1601 1711 1799 1753 sumptuum
1822 1708 1855 1741 in
1883 1707 1976 1748 vina,
2008 1707 2043 1741 in

423 1786 438 1800 κ
460 1771 577 1806 lanam
606 1771 849 1818 bombycinam
869 1770 1133 1817 voluptatesque
1154 1770 1336 1810 omittant;
1367 1769 1427 1804 sed
1462 1781 1543 1815 opes
1571 1769 1604 1802 iu
1625 1769 1789 1814 priesidia
1810 1768 2040 1814 Reipublicae,

424 1847 438 1862 u
461 1833 498 1867 in
517 1837 662 1878 egentes
695 1837 728 1867 et
756 1832 883 1878 templa
915 1833 1132 1878 impendant.
1154 1832 1320 1867 Minabar
1351 1832 1417 1872 his,
1449 1832 1549 1877 jussu
1577 1836 1649 1871 tuo,
1672 1831 1757 1864 iram
1785 1835 1855 1865 tuze
1879 1830 2042 1875 justitiae,

423 1909 438 1924 α
460 1895 637 1930 interitum
666 1899 700 1930 et
719 1895 874 1941 gladium
895 1895 1068 1936 hostilem,
1086 1896 1285 1930 vastitatem
1305 1895 1403 1940 regni
1425 1894 1478 1928 sui
1496 1894 1541 1927 ad
1560 1893 1779 1939 alienigenas
1798 1893 2043 1929 transferendi.

423 1972 437 1986 ιι
460 1956 690 1992 Ostentabam
709 1956 950 2002 impendentes
969 1956 1162 1991 cervicibus
1186 1957 1346 1991 acinaces
1375 1957 1575 1992 barbaricos
1591 1969 1597 1997 ;
1620 1957 1676 2002 qui
1696 1961 1747 1991 tot
1759 1957 1833 2003 jam
1852 1957 2045 1991 vicinarum

421 2034 436 2048 κ
458 2019 616 2065 gentium
654 2018 768 2064 capita
812 2018 1046 2064 florentesque
1083 2030 1193 2064 nuper
1229 2030 1312 2064 opes
1358 2019 1613 2053 demessuerint
1632 2031 1638 2059 ;
1677 2023 1714 2053 ut
1745 2017 1939 2052 severitatis
1976 2023 2046 2051 tuae

419 2095 434 2110 α
458 2081 582 2115 moniti
603 2080 862 2126 resipiscerent,
881 2084 927 2121 et,
947 2080 1004 2125 qui
1024 2081 1174 2126 majores
1194 2081 1313 2127 culpas
1333 2080 1602 2120 contraxissent,
1625 2080 1825 2125 cogitarent
1842 2079 2043 2125 prudenteS,

420 2156 435 2170 κ
458 2142 587 2187 quibus
619 2142 755 2177 demum
787 2142 934 2189 piaculis
968 2142 1123 2178 divinam
1150 2148 1245 2178 tuam
1272 2144 1502 2190 propitiarent
1529 2143 1713 2189 justitiam.
1738 2143 1871 2188 Ecquid
1903 2154 2045 2188 agerem

421 2217 436 2232 ιι
458 2203 628 2249 amplius,
663 2204 710 2238 mi
746 2204 892 2239 Domine
906 2205 919 2239 ’ἒ
951 2204 1102 2240 fideliter
1128 2210 1232 2251 atque
1258 2217 1301 2240 ex
1327 2206 1443 2240 animo
1474 2206 1730 2252 poenitentiam,
1768 2206 2045 2240 emendationem

421 2280 436 2295 a
460 2277 615 2307 morum,
637 2266 785 2301 salutem
805 2278 925 2301 eorum
944 2267 1175 2312 procurabam
1199 2282 1204 2301 :
1227 2272 1263 2302 tu
1283 2268 1386 2302 nosti.
1411 2268 1577 2303 Libenter
1596 2269 1628 2302 in
1650 2269 1685 2303 id
1704 2269 1808 2303 etiam
1828 2279 1920 2302 nunc
1938 2267 2044 2302 vitam

422 2342 437 2356 α
460 2339 576 2362 meam
605 2327 821 2374 impendero,
859 2328 961 2363 modo
994 2329 1084 2363 bono
1116 2329 1241 2375 patriae
1274 2329 1411 2375 publico
1444 2330 1659 2365 consulatur.
1694 2329 1866 2365 Amabam
1897 2330 2045 2375 gloriam

426 2405 441 2419 α
463 2393 559 2424 tuam
580 2393 614 2424 et
649 2389 746 2424 lucra
780 2394 861 2431 tua;
899 2390 1129 2437 verebaique,
1174 2403 1216 2426 ne
1243 2391 1343 2425 labor
1370 2395 1404 2426 et
1426 2393 1600 2437 pretiosus
1628 2393 1773 2438 sanguis
1797 2397 1877 2427 tuus
1908 2391 2046 2438 profun-

424 2469 439 2484 κ
462 2456 604 2490 deretur
621 2455 655 2489 in
675 2459 815 2501 gentem
842 2456 933 2490 hanc
955 2456 1101 2490 frustra.
1126 2455 1191 2493 Qui
1210 2454 1288 2494 fiat,
1311 2458 1347 2488 ut
1367 2454 1479 2489 oleum
1509 2455 1650 2500 perdam
1678 2457 1711 2488 et
1739 2465 1892 2500 operam,
1912 2453 2043 2488 nescio.

426 2532 441 2546 α
465 2517 553 2552 Rari
592 2517 776 2552 admodum
808 2517 852 2551 ad
883 2518 1018 2563 frugem
1048 2529 1085 2553 se
1113 2517 1284 2562 recipiunt
1316 2529 1321 2550 :
1361 2516 1469 2551 durus
1498 2515 1741 2561 malignusque
1772 2527 1859 2561 ager
1894 2515 2047 2550 vetulum
