2184 2953
595 307 700 335 LIBER
725 307 877 334 TERTIUS
903 307 1110 341 (15804590).
1658 303 1694 333 91

88 394 247 435 vinciam,
269 394 350 429 dum
364 396 502 430 abesset
522 396 607 441 ipse,
629 396 936 436 administraturo;
958 395 1083 441 ipsum,
1099 396 1182 442 quid
1196 396 1381 430 interesset
1396 396 1527 441 negotii
1543 395 1698 430 Polonos
1724 400 1788 446 1581

88 457 178 491 inter
190 460 224 491 et
238 457 391 497 Moscos,
409 469 485 491 esse
505 458 694 498 conscium,
718 461 754 492 ut
780 458 837 503 qui
857 469 972 492 rerum
992 459 1143 493 omnium
1158 459 1280 493 fuisset
1297 462 1331 493 et
1350 462 1525 504 spectator
1540 463 1573 493 et
1594 458 1699 505 parti·
1726 439 1871 507 fflnagfr'

87 527 179 561 ceps,
201 516 349 550 eundem
367 517 583 551 nominatum
604 528 680 551 esse
695 518 730 551 in
759 519 829 553 suis
857 523 891 554 et
919 520 1157 555 Moscovitieis
1179 520 1318 561 litteris,
1341 524 1375 554 et
1401 531 1517 554 coram
1533 521 1701 555 mandata

87 576 274 621 excepisse.
298 577 386 611 Erat
422 577 612 616 enimvero,
642 589 703 611 cur
737 590 865 626 anceps
887 580 1068 615 haesitaret
1099 582 1296 627 Campanus
1328 592 1394 615 :ac
1421 581 1534 627 potior
1562 581 1700 627 quidem

88 640 251 685 religioso
271 640 345 674 viro
365 641 439 675 visa
466 645 519 675 est
540 641 761 682 obedientiae,
785 653 887 687 quam
907 642 1042 676 romani
1069 643 1234 677 Praesidis
1250 642 1414 688 exigebat
1427 642 1624 688 imperium,
1645 654 1699 676 ra-

87 701 156 742 tio,
178 712 287 746 quare
306 702 486 736 confestim
502 702 642 736 Vilnam
665 714 702 737 se
720 701 766 736 ad
781 702 1015 737 Carminatam
1034 704 1178 745 confert,
1201 705 1275 750 ejus
1294 703 1454 744 arbitrio,
1475 707 1590 738 utrum
1605 703 1701 750 judi-

88 766 209 802 casset,
227 766 380 797 acturus.
405 764 590 809 Disputata
611 775 648 798 re
663 793 670 805 ,
694 764 853 798 visitator
870 765 1082 799 commodius
1100 765 1174 799 fore
1209 765 1356 806 censuit,
1390 764 1589 811 postulante
1608 764 1701 798 vide-

88 823 169 858 licet
198 824 339 869 negotio
365 828 551 869 praesente,
581 825 610 858 si
630 824 840 870 Campanus,
873 824 1000 859 litteris
1030 826 1224 872 principum
1260 827 1401 872 suisque
1427 826 1586 872 (quibus,
1624 837 1703 871 quae

88 896 203 920 coram
222 885 428 930 exponenda
447 889 559 927 erant,
585 885 864 931 perscripsisset)
894 897 956 932 per
972 886 1174 921 tabellarios
1193 887 1423 928 transmissis,
1448 887 1481 921 in
1500 886 1646 921 Polonia
1665 898 1702 921 se

89 948 297 987 contineret,
316 949 570 994 cognoscendae
585 947 857 994 ordinandaeque
872 948 1060 994 provinciae
1075 960 1180 983 causa
1193 961 1199 982 :
1213 960 1280 994 quo
1295 948 1510 988 instructior,
1524 948 1704 982 visitatore

92 1022 171 1044 mox
190 1011 351 1051 abeunte,
374 1015 479 1045 totam
515 1011 639 1046 molem
659 1010 803 1045 subiret.
821 1010 877 1044 Ad
895 1022 971 1045 eam
991 1022 1121 1051 vocem,
1148 1011 1258 1056 inquit
1277 1011 1469 1045 Sacchinus
1488 1014 1663 1056 tamquam
1683 1021 1705 1043 a

89 1072 161 1106 Deo
177 1071 359 1116 prolatam,
384 1071 502 1111 Pater,
519 1072 657 1105 tametsi
677 1072 732 1106 vel
747 1074 791 1107 ad
807 1073 1061 1118 deprecandum
1086 1082 1174 1106 onus
1189 1071 1244 1105 vel
1261 1072 1510 1117 defugiendum
1536 1071 1591 1106 vel
1610 1075 1704 1106 certe

88 1136 128 1182 (si
146 1136 212 1170 hoc
229 1135 402 1170 vocabulo
411 1135 513 1181 juvat
532 1135 739 1170 humilitatis
758 1135 953 1169 ministeria
970 1133 1167 1180 profanare)
1186 1133 1231 1167 ad
1259 1133 1412 1168 delatum
1441 1134 1516 1179 jam
1536 1134 1705 1169 Praesidis

90 1197 313 1244 provincialis
328 1197 508 1238 honorem,
526 1209 601 1231 cum
621 1197 799 1233 videretur
819 1197 1024 1243 gerendum,
1047 1197 1255 1231 auctoritate
1269 1197 1475 1242 principum,
1497 1197 1706 1243 nomineque

90 1259 275 1305 legationis
308 1259 528 1305 gravissima}
548 1265 666 1305 posset
697 1259 815 1299 abuti;
846 1258 1013 1304 simplicis
1043 1262 1158 1293 tamen
1192 1258 1401 1294 obedientiae
1433 1259 1707 1305 humilitatisque

91 1322 238 1356 fructum
253 1324 453 1366 praeoptans
471 1333 477 1354 :
499 1336 514 1349 α
536 1321 648 1363 Absit,
682 1322 793 1367 inquit
819 1321 878 1367 (sic
897 1321 989 1355 enim
1009 1321 1147 1366 scripsit
1166 1320 1211 1355 ad
1231 1321 1462 1367 Generalem),
1493 1325 1531 1356 ut
1555 1320 1708 1366 polluam

97 1401 112 1415 a
133 1386 329 1420 institutum
356 1397 470 1420 meum
504 1386 593 1420 nihil
622 1386 784 1432 petendi,
814 1385 900 1419 nihil
930 1383 1166 1423 detrectandi;
1198 1383 1347 1418 facessat
1378 1395 1399 1418 a
1423 1396 1478 1419 me
1503 1383 1708 1430 longissime

97 1462 112 1476 α
134 1447 329 1493 principum
355 1447 558 1488 auctoritas,
580 1460 658 1493 qua?
685 1447 855 1492 majorum
877 1458 1031 1481 meorum
1059 1445 1205 1490 derogat
1235 1445 1419 1480 voluntati.
1444 1463 1459 1477 n
1479 1447 1601 1492 Itaque
1620 1458 1707 1481 onus

94 1519 285 1554 munusque
300 1508 513 1554 provinciale
533 1509 685 1555 suscepit
708 1510 762 1543 III
792 1509 963 1544 kalendas
992 1509 1206 1543 novembres.
1227 1508 1277 1543 Eo
1297 1509 1484 1554 provinciae
1503 1509 1703 1555 praeposito,
1733 1523 1866 1550 Catechis-

94 1561 292 1604 introducta
323 1571 536 1605 consuetudo
557 1571 771 1611 catechismi,
810 1571 942 1604 inferis
962 1570 1100 1605 urbium
1120 1572 1153 1603 et
1168 1569 1326 1614 compitis
1340 1569 1467 1614 populo
1488 1569 1704 1615 exponendi;
1734 1565 1880 1630 ffihffnsue·

97 1643 197 1677 quam
216 1632 327 1666 nostri
346 1632 518 1678 hodieque
532 1632 695 1667 retinent.
720 1632 810 1671 Quid
844 1643 948 1678 porro
969 1632 1101 1677 negotii
1128 1632 1303 1679 Campano
1331 1633 1457 1667 Romae
1488 1633 1707 1678 transigendi
1800 1624 1805 1630 ⁸

98 1692 215 1727 datum
234 1693 350 1734 fuerit,
367 1693 442 1739 ,jam
458 1705 575 1729 narro.

143 1756 347 1801 Susceptum
382 1768 492 1803 nuper
525 1757 568 1791 ab
595 1756 854 1803 expugnatione
896 1754 1046 1789 Polociae
1078 1755 1245 1789 adversus
1281 1754 1470 1789 Moseoviae
1501 1755 1552 1789 M.
1587 1754 1709 1790 ducem

98 1819 237 1859 bellum,
272 1819 416 1865 praeliis,
438 1820 509 1855 alia
529 1832 571 1855 ex
587 1820 665 1855 aliis
684 1820 791 1858 ciens,
816 1818 1015 1863 Stephanus
1035 1829 1109 1856 rex,
1127 1815 1348 1861 victoriisque
1362 1815 1603 1850 confirmabat.
1628 1816 1709 1850 Jam

80 1882 304 1927 ‘expugnatis
325 1882 499 1923 Ostrovia,
521 1882 769 1922 Vielikolukis,
791 1880 1015 1925 pluribusque
1042 1879 1181 1913 munitis
1200 1878 1353 1924 oppidis3
1381 1877 1531 1912 obsessis
1559 1877 1710 1912 Plesko‹

97 1941 163 1975 viae
176 1941 400 1987 amplissimae
415 1943 511 1977 urbis
526 1943 697 1977 moenibus
716 1954 721 1976 :
740 1942 817 1976 aliis
836 1941 916 1975 inde
935 1941 1041 1985 copiis
1055 1941 1098 1974 ad
1114 1939 1349 1986 expugnanda
1364 1939 1434 1974 alia
1453 1939 1652 1979 contractis,
1674 1939 1710 1973 in

99 2005 285 2050 perniciem
298 2006 472 2041 universae
491 2006 681 2041 Moscoviae
696 2004 862 2039 incubuit.
885 2002 1029 2037 Afflictis
1045 2001 1116 2036 suis
1131 2001 1247 2042 rebus,
1270 2000 1361 2046 quod
1376 2000 1519 2035 remedii
1536 2004 1611 2035 erat
1630 2000 1710 2036 reli-

101 2077 215 2111 quum,
248 2077 368 2112 pacem
387 2078 408 2101 a
438 2079 521 2113 rege
556 2068 641 2113 petit
668 2064 853 2100 Basilides.
878 2063 992 2109 Hujus
1011 2063 1139 2097 certius
1169 2061 1399 2107 impetrandae
1431 2072 1539 2096 causa
1554 2066 1588 2096 et
1608 2062 1712 2096 stabi-

101 2126 227 2162 liendae
249 2128 269 2161 J
274 2139 422 2163 oannem
442 2129 687 2174 Severiginum
704 2127 861 2172 legatum
874 2126 909 2158 in
928 2125 1049 2158 urbem
1064 2124 1168 2158 mittit
1185 2123 1230 2157 ad
1250 2122 1460 2168 Gregorium
1474 2123 1680 2158 Pontificem
1701 2136 1708 2158 :
1804 2132 1827 2158 2.

105 2206 120 2220 a
137 2194 213 2224 orat
231 2202 292 2236 per
322 2202 411 2231 eam,
433 2202 501 2237 qua
533 2191 694 2226 Pontifex
721 2200 794 2223 rem
813 2187 1040 2222 christianam
1068 2197 1110 2220 ex
1137 2195 1280 2219 munere
1306 2187 1405 2218 curat
1432 2195 1508 2224 suo,
1529 2184 1708 2230 pietatem,
1740 2170 1872 2238 {320}ssae

105 2265 119 2280 ιι
142 2251 302 2286 infestum
321 2252 356 2285 in
370 2252 474 2286 urbes
489 2263 570 2286 suas
598 2263 729 2292 omnes,
752 2252 793 2286 ab
808 2250 902 2285 omni
917 2250 1058 2294 regione
1077 2246 1325 2287 imminentem,
1349 2246 1562 2282 Polonorum
1591 2260 1711 2294 regem
1739 2249 1868 2293 Legatum

105 2326 120 2341 a
142 2313 358 2347 auctoritatis
386 2313 584 2348 interventu
608 2325 681 2348 suae
707 2313 822 2359 (quam
841 2311 1057 2345 Christianos
1081 2320 1200 2343 omnes
1219 2308 1371 2343 revereri
1401 2319 1464 2354 par
1485 2308 1539 2355 sit)
1559 2313 1596 2344 ut
1614 2321 1712 2345 aver·
1739 2287 1871 2358 ἓξὲξ-ἃᾶ

105 2388 120 2402 e<
142 2377 193 2408 tat
214 2387 220 2408 :
239 2375 453 2409 abstinerent
468 2374 592 2409 Poloni
612 2375 655 2409 ab
682 2375 876 2419 insignibus
895 2374 1033 2408 nomine
1052 2372 1242 2407 christiano
1267 2371 1430 2417 gentibus
1448 2383 1572 2406 manus
1594 2384 1600 2406 2
1620 2384 1714 2406 arma
1740 2362 1807 2387 rium
1818 2361 1886 2387 RM.

107 2450 122 2465 a
143 2447 258 2470 secum
283 2437 317 2470 in
335 2440 521 2483 tyrannum
551 2436 666 2482 potius
685 2437 893 2477 Tumarum,
915 2437 1050 2471 hostem
1068 2436 1164 2470 illum
1184 2435 1386 2481 reipublicae
1404 2435 1605 2470 christianae
1623 2447 1714 2470 com-

108 2511 123 2524 α
144 2508 294 2538 munem,
316 2497 449 2532 strenui
469 2497 600 2542 pariter
619 2498 735 2543 piique
761 2501 1013 2533 converterent.
1040 2515 1055 2529 „
