2184 2953
228 375 292 402 1568

227 414 353 448 Epistola

400 282 441 314 30
780 286 1052 316 LITUANICARUM
1076 288 1285 319 SOCIETATIS
1308 290 1392 319 JESU
1416 290 1669 319 HISTORIARUM

417 368 419 376 ’
453 390 468 404 κ
490 373 576 410 Cum
594 388 656 422 pro
678 389 754 413 meo
772 379 944 425 pastorali
968 379 1079 415 officio
1107 381 1253 416 subinde
1278 392 1411 416 mecum
1440 381 1644 427 cogitarem,
1666 382 1853 417 reverendi
1875 382 2014 424 Patres,

227 456 361 481 vilnensis
403 436 418 467 ὰ
441 438 564 483 quibus
584 439 694 474 modis
709 452 764 475 res
783 440 1017 477 ecclesiastica
1039 442 1073 476 in
1101 442 1166 477 hoc
1185 454 1312 488 magno
1340 443 1469 478 ducatu
1496 443 1667 478 Lituaniae
1694 444 1737 478 ob
1766 443 1922 479 infinitas
1945 444 2018 480 fere

225 494 346 528 Episcopi

225 533 258 558 ad
270 533 361 559 Socios.
391 543 394 558 1

404 515 418 528 α
440 500 592 536 111010303
615 502 716 538 valde
742 503 926 538 labascens
944 505 1053 549 possit
1067 516 1204 550 quoquo
1224 505 1324 539 modo
1343 505 1431 550 erigi
1450 509 1484 540 et
1502 505 1632 546 attolli;
1655 506 1749 540 venit
1769 506 1851 540 mihi
1866 507 1901 540 in
1922 518 2017 542 men-

391 577 417 598 1“
440 567 521 605 tem,
544 565 616 599 Deo
636 565 684 600 sic
710 566 830 611 procul
850 566 953 600 dubio
973 566 1123 606 volente,
1150 567 1343 601 reverenda
1364 567 1441 601 haec
1469 570 1503 601 01
1529 567 1675 602 celebris
1695 568 1852 604 Societas
1883 561 2027 631 vestrm]

400 639 415 653 u
438 637 515 671 quae
531 638 608 661 cum
634 638 696 673 pro
716 639 777 661 suo
797 627 954 662 instituto
981 632 1014 662 et
1042 639 1118 662 eam
1145 628 1226 662 111ὲο
1254 628 1425 663 rationem
1449 629 1493 663 sit
1511 629 1703 675 complexa,
1726 636 1760 664 et
1779 630 1894 665 verbis
1924 630 2016 666 facta

399 701 414 716 a
437 687 537 723 valde
556 688 770 729 cohaereant,
788 693 822 724 et
837 689 989 724 omnium
1004 689 1263 735 disciplinarum
1286 691 1496 736 optimarum
1509 695 1581 725 tam
1599 691 1740 726 divitem
1761 692 1917 727 scholam
1933 704 2015 740 ape-

400 764 415 779 «
437 749 517 790 riat,
538 754 576 785 ut
592 762 635 786 ex
653 762 707 791 ea,
728 755 893 797 tanquam
909 751 969 785 illo
988 751 1094 786 divite
1114 763 1233 792 cornu,
1252 752 1395 798 quilibet
1408 752 1445 787 in
1461 764 1561 787 usum
1581 765 1682 788 suum
1700 754 1897 789 necessaria
1912 758 2018 800 queat

398 825 413 840 u
435 811 537 847 facile
557 813 778 859 depromere;
800 813 834 847 in
854 824 927 847 eam
958 825 1054 859 spem
1073 825 1149 848 sum
1174 814 1357 855 adductus,
1379 818 1417 848 ut
1447 815 1600 856 credam,
1621 816 1677 850 his
1695 816 1820 851 vestris
1840 817 2017 852 sanctissi-

398 887 413 902 ει
433 873 498 908 11113
515 875 635 915 armis,
657 875 779 920 quibus
809 886 871 909 vos
898 875 1002 909 audio
1022 875 1108 910 satis
1127 875 1334 921 abundeque
1352 887 1429 911 esse
1448 868 1659 927 instructos)
1672 888 1793 913 omnes
1814 878 1880 912 has
1898 882 2017 924 pestes

396 949 412 964 α
434 940 633 982 grassantes
654 936 697 970 ab
717 936 810 978 ovili,
832 937 916 971 mihi
943 948 964 971 a
990 937 1128 972 Christo
1148 938 1345 979 commisso,
1367 938 1494 984 depelli
1521 950 1636 985 posse.
1657 940 1733 977 Quo
1760 951 1844 974 vero
1861 940 1927 975 hoc
1956 952 2017 986 per

396 1011 411 1026 α
434 1009 494 1032 vos
523 998 653 1032 Christi
678 998 856 1044 operarios
889 1003 1049 1034 strenuos
1082 1000 1299 1035 commodius
1326 1000 1385 1046 agi
1403 1000 1526 1046 possit,
1549 1001 1659 1046 primo
1687 1000 1904 1036 domicilium
1931 1003 2016 1037 satis

395 1073 410 1088 α
433 1059 650 1094 commodum
669 1064 784 1094 vestro
812 1060 970 1095 instituto
981 1062 1055 1107 jam
1086 1062 1226 1104 curavi3
1257 1062 1383 1097 deinde
1414 1066 1448 1097 et
1479 1063 1665 1108 praedium,
1695 1063 1787 1098 unde
1814 1064 2016 1098 necessaria

393 1136 408 1150 κ
431 1121 595 1156 8001011111
612 1125 739 1157 vestrae
758 1134 827 1157 non
846 1123 1067 1169 aspernanda
1086 1134 1164 1159 esse
1191 1123 1338 1170 possint.
1370 1123 1502 1159 Verum
1529 1129 1568 1160 ut
1586 1125 1628 1160 de
1647 1125 1713 1167 his,
1737 1137 1816 1171 quae
1835 1130 1916 1161 sunt
1939 1127 2016 1172 jam

394 1200 409 1213 α
431 1188 567 1230 parata,
589 1188 623 1219 et
640 1184 682 1219 de
701 1184 849 1225 caeteris,
873 1185 996 1231 quibus
1024 1190 1195 1232 praeterea
1210 1197 1295 1232 opus
1323 1190 1427 1226 esset,
1452 1190 1549 1222 tanto
1565 1187 1689 1223 melius
1704 1192 1738 1223 et
1761 1188 1889 1223 certius
1904 1188 2015 1234 possit

391 1261 406 1275 α
430 1246 605 1287 00113111111,
630 1248 841 1282 reverendas
856 1248 1092 1283 Paternitates
1122 1252 1257 1284 vestras
1277 1248 1402 1284 obnixe
1423 1253 1516 1295 peto,
1540 1254 1590 1290 ut,
1611 1261 1674 1295 pro
1694 1254 1809 1285 vestro
1832 1250 1868 1284 in
1894 1249 2014 1286 Eccle-

393 1324 407 1339 α
430 1309 518 1344 siam
554 1309 682 1344 Christi
711 1309 783 1345 zelo
814 1313 947 1352 sancto,
986 1322 1092 1345 unum
1123 1311 1316 1346 alterumve
1346 1310 1458 1345 virum
1476 1311 1616 1346 doctum
1640 1323 1683 1346 ex
1711 1311 1867 1358 Collegio
1895 1316 2012 1348 vestro

391 1385 406 1400 κ
428 1371 472 1406 ad
491 1383 545 1406 me
574 1371 715 1406 Vilnam
741 1372 786 1406 ad
813 1376 945 1407 certum
971 1376 1109 1418 tempus
1135 1384 1239 1419 quam
1257 1372 1407 1419 primum
1437 1373 1576 1408 mittere
1601 1373 1813 1419 dignentur:
1832 1374 1889 1420 qui
1912 1374 2013 1420 quasi

390 1449 405 1462 a
427 1433 603 1480 prodromi
621 1445 691 1468 una
709 1446 844 1469 mecum
858 1435 975 1469 omnia
995 1438 1208 1481 praeparent,
1231 1446 1446 1481 quaecunque
1477 1435 1521 1469 ad
1551 1435 1804 1481 professionem
1831 1436 2012 1472 Societatis
2046 1432 2051 1436 ”

390 1511 404 1525 κ
427 1500 554 1531 vestrae
580 1496 790 1531 videbuntur
817 1497 968 1543 requiri;
1004 1497 1176 1543 simulque
1207 1509 1328 1532 eorum
1356 1497 1537 1538 bonorum,
1567 1510 1644 1544 quae
1665 1498 1739 1544 jam
1767 1502 1848 1533 sunt
1871 1502 2008 1545 parata,

388 1573 403 1587 α
425 1559 683 1605 possessionem
704 1560 856 1606 capiant.
878 1560 978 1598 Quod
997 1564 1033 1594 ut
1053 1571 1113 1594 vos
1139 1571 1201 1606 pro
1216 1563 1331 1595 vestro
1346 1560 1382 1594 in
1409 1559 1603 1594 Ecclesiam
1622 1560 1751 1595 Christi
1790 1572 1910 1596 amore
1939 1561 2010 1596 fac-

390 1636 405 1650 α
428 1624 523 1655 111103
550 1633 622 1655 non
641 1621 777 1662 dubito;
801 1622 850 1656 sic
869 1633 934 1667 ego
955 1622 1045 1656 dabo
1076 1633 1212 1656 omnem
1236 1633 1390 1668 operam,
1413 1626 1450 1656 ut
1469 1621 1506 1656 hi
1534 1621 1598 1655 viri
1618 1622 1711 1662 boni,
1741 1634 1827 1668 quos
1845 1622 2004 1665 mittetis,

389 1697 404 1711 κ
427 1683 511 1718 satis
528 1683 665 1718 abunde
684 1683 838 1718 habeant
861 1683 977 1718 omnia
1000 1696 1006 1718 ;
1029 1688 1061 1718 01
1093 1684 1136 1719 de
1164 1683 1306 1730 reliquis
1338 1695 1380 1718 ex
1408 1695 1529 1718 eorum
1559 1684 1706 1719 consilio
1738 1685 1788 1720 sic
1812 1685 2006 1726 instituam,

389 1760 403 1774 α
426 1750 464 1780 111
482 1746 673 1781 venerabili
693 1745 860 1781 Societati
886 1750 1013 1781 vestr-ee
1033 1746 1118 1781 satis
1139 1746 1357 1781 commodum
1386 1746 1597 1781 domicilium
1628 1747 1684 1782 hic
1712 1747 1775 1794 figi
1802 1747 1924 1793 possit.
1955 1748 2008 1783 De

390 1823 404 1837 κ
427 1819 496 1854 qua
521 1819 559 1843 re
587 1808 690 1843 etiam
716 1807 757 1842 ad
785 1807 1058 1842 illustrissimum
1088 1808 1266 1843 dominum
1292 1808 1503 1843 cardinalem
1534 1809 1734 1855 episcopum
1766 1808 2006 1844 Varmiensem

388 1884 403 1898 κ
425 1870 560 1916 scripsi,
582 1870 769 1905 Dominum
799 1881 912 1905 meum
933 1870 1200 1905 observandum.
1220 1870 1285 1909 Qui
1304 1870 1421 1915 etiam,
1443 1882 1506 1916 pro
1533 1881 1595 1904 sua
1611 1871 1647 1904 in
1674 1882 1727 1905 me
1742 1864 1998 1915 benevolentia,

388 1946 404 1961 α
425 1944 495 1966 11011
522 1932 780 1978 dedignabitur,
812 1933 903 1978 quod
921 1932 1030 1978 possit
1058 1933 1138 1967 huic
1164 1933 1215 1967 rei
1235 1932 1312 1966 usui
1337 1943 1425 1972 esse,
1444 1932 1480 1965 111
1511 1943 1692 1967 commune
1723 1932 1916 1967 consulere.
1948 1933 2000 1969 De

388 2009 403 2022 a
426 1994 568 2040 reliquis
587 1995 642 2028 hic
669 2006 765 2029 meus
796 1994 959 2035 famulus,
991 1994 1049 2040 qui
1076 1994 1279 2029 reverendis
1304 1994 1583 2029 Paternitatibus
1610 1995 1676 2029 has
1708 1994 1844 2030 litteras
1863 1994 1998 2036 reddet,

386 2070 401 2084 a
423 2056 601 2091 vobiscum
620 2060 714 2102 aget.
736 2055 864 2091 Valere
889 2068 950 2090 vos
969 2056 1163 2091 diutissime
1190 2056 1456 2101 felicissimeque
1475 2056 1654 2102 percupio.
1681 2056 1796 2092 Vilnae
1816 2068 1860 2092 ex
1880 2060 2001 2091 nostra

386 2133 401 2147 ει
423 2117 520 2152 curia
538 2118 736 2163 episcopali,
758 2118 806 2152 ‘20
825 2118 880 2153 die
895 2118 1044 2164 augusti,
1067 2129 1158 2152 anno
1178 2118 1317 2152 Domini
1337 2118 1442 2153 1568.
1469 2135 1484 2149 n

431 2180 665 2226 Heilsbergae,
700 2180 759 2214 ubi
799 2184 873 2215 tum
913 2181 1062 2226 hospitio
1101 2180 1194 2227 apud
1232 2179 1444 2215 cardinalem
1476 2179 1638 2214 utebatur
1669 2178 1824 2225 Magius,
1862 2179 2001 2226 utrique

382 2242 511 2289 pariter
529 2242 656 2277 oblatae
672 2242 800 2277 littera-3·
819 2254 825 2276 :
848 2242 981 2288 reliqua
1006 2254 1069 2289 per
1088 2242 1340 2278 internuntium
1358 2241 1542 2288 explicata.
1561 2241 1693 2276 Orabat
1711 2241 1741 2276 is
1759 2241 1866 2277 etiam
1900 2246 2018 2288 atque'

384 2304 503 2344 etiam,
520 2307 558 2339 ut
576 2315 620 2339 ne
640 2307 873 2350 gravarentur
892 2304 1026 2345 Patres,
1057 2305 1131 2345 sed,
1155 2307 1284 2350 quanta
1307 2303 1527 2338 festinatione
1549 2306 1704 2349 possent,
1723 2303 2002 2339 obsecundarent

381 2365 563 2401 desideriis
581 2365 662 2400 boni
677 2365 824 2406 antistis,
840 2377 927 2412 pene
946 2366 1122 2401 immensis
1144 2379 1151 2400 z
1177 2380 1192 2394 α
1213 2365 1357 2400 nimiam
1377 2365 1443 2400 sibi
1461 2366 1547 2405 sore,
1574 2364 1763 2410 quamlibet
1781 2376 1939 2411 parvam,
1965 2365 2002 2400 in

384 2444 400 2458 α
422 2440 463 2464 00
486 2439 619 2463 moram
653 2428 813 2473 negotio3
844 2429 934 2474 quod
965 2432 1051 2463 aetas
1071 2439 1135 2462 sua
1153 2428 1400 2473 ingravescens
1419 2427 1520 2473 plura
1547 2427 1677 2461 sensim
1704 2427 1740 2461 in
1759 2427 1831 2461 dies
1859 2427 1902 2462 de
1920 2427 2002 2462 vitae

385 2505 401 2520 κ
422 2490 543 2526 officiis
574 2489 761 2530 amitteret,
803 2490 956 2525 haereses
986 2490 1125 2526 interim
1156 2489 1235 2524 ali-ee
1270 2501 1311 2524 ex
1348 2489 1425 2524 aliis
1456 2492 1699 2531 nascerentur,
1738 2500 1778 2524 ac
1801 2488 2001 2525 firmitatem
