2184 2953
630 317 734 345 LIBER
755 316 921 351 QUARTFS
947 317 1154 353 (liiiio-1600).
1656 315 1712 346 177

157 423 172 438 κ
194 409 362 449 Primum,
378 411 511 442 tantum
530 408 629 443 abest
642 412 678 442 ut
688 412 804 454 neget,
818 412 856 442 ut
871 407 1050 454 percupiat
1064 408 1168 442 etiam
1186 419 1226 442 ac
1242 407 1400 449 mandet·‚
1414 412 1595 454 propterea
1609 409 1713 443 inter·
1742 414 1804 440 1596

109 485 124 499 ιι
146 470 285 504 nuntios
302 470 368 504 huc
387 470 492 509 misit,
515 470 572 515 qui
600 474 709 503 ccetus
737 470 847 504 nostri
867 470 975 504 otium
994 473 1028 503 et
1049 468 1338 514 tranquillitatem
1357 473 1591 514 procurarent.
1614 469 1713 507 Quod

108 547 123 561 κ
144 532 294 567 alterum
314 545 389 566 cum
406 544 467 566 suo
487 532 641 577 palatino
660 532 877 577 postularent
894 531 1062 571 heeretici,
1087 531 1160 575 ejus
1188 531 1252 564 hoc
1285 530 1361 564 1000
1393 531 1480 564 nihil
1512 531 1681 566 interesse
1703 543 1709 564 z

108 609 122 623 a
145 594 202 628 ubi
221 594 352 628 scilicet
370 594 464 639 ipsos
484 605 619 639 graecos
638 595 729 629 inter
747 598 781 629 et
805 593 994 628 catholicos
1010 603 1173 626 romanos
1191 592 1381 638 praesidum
1401 604 1613 627 summorum
1634 605 1713 627 con-

107 670 122 684 a
144 666 243 690 cessu
272 656 448 700 negotium
479 660 699 690 tractaretur.
732 656 831 694 Quod
858 656 903 690 ad
932 656 1168 702 Nicephorum
1188 657 1324 696 attinet,
1347 660 1384 690 ut
1402 668 1444 691 ne
1464 669 1540 691 cum
1560 669 1601 692 eo
1621 669 1712 691 com-

107 732 122 746 α
144 718 399 752 municaremns
426 718 461 751 in
494 718 650 757 consilio,
690 729 750 753 rex
782 719 855 764 ipse
882 730 963 753 suos
992 723 1111 753 cautos
1140 719 1268 759 voluit,
1305 730 1382 753 cum
1400 719 1540 753 homine
1554 719 1715 754 videlicet

106 795 121 809 κ
142 791 306 826 perverso
325 793 330 814 :
350 780 406 824 qui
434 781 636 814 Rosvannni
669 781 860 816 addixisset
878 780 914 814 in
932 781 1151 815 Vallachiam
1175 795 1180 815 :
1199 782 1257 827 qui
1282 782 1427 816 consilia
1463 794 1539 816 cum
1559 782 1716 817 hostibus

107 857 121 871 α
143 841 353 876 Polonorum
372 842 496 875 ancis
527 842 761 877 0003001033οῖ
785 842 826 877 de
842 843 1031 888 republica.
1058 843 1105 877 Ut
1124 843 1272 888 denique
1304 855 1324 877 a
1350 855 1449 878 sacro
1468 843 1514 877 ad
1533 844 1717 889 profanum

106 919 120 933 ω
142 915 309 950 provoces
327 904 451 943 forum,
475 903 701 949 appellationi
721 905 924 950 principem,
938 904 1055 950 legum
1074 908 1107 938 et
1126 905 1319 950 majestatis
1337 905 1584 940 ecclesiasticae
1599 905 1716 940 obser-

61 1010 64 1015 ·
107 982 121 996 a
143 968 396 1006 vantissimum,
421 966 585 1001 assentiri
613 968 705 1001 haud
725 980 827 1013 posse
850 981 856 1002 z
878 968 1042 1002 nimirum
1070 967 1209 1002 comitia
1228 968 1318 1002 inter
1337 971 1371 1002 et
1398 968 1568 1014 synodum
1582 971 1716 1002 tantum

107 1042 122 1056 α
144 1040 220 1063 0330
244 1028 466 1068 discriminis,
488 1032 655 1073 quantum
675 1029 720 1062 sit
734 1029 825 1063 inter
839 1028 1023 1074 profanum
1033 1029 1092 1074 jus
1107 1034 1141 1064 et
1161 1040 1311 1064 sacrum.
1395 1025 1401 1029 ’

155 1106 170 1120 α
192 1092 246 1126 Ad
265 1092 351 1132 hzec,
363 1092 463 1126 nobis
487 1092 603 1138 palam
623 1093 782 1126 omnibus
802 1096 854 1127 est
880 1093 947 1126 ista
968 1092 1144 1126 contentio
1173 1096 1244 1126 tam
1259 1092 1378 1137 iniqua
1396 1105 1402 1126 :
1422 1104 1514 1133 nam,
1537 1093 1594 1138 qui
1608 1104 1719 1139 nuper

108 1170 122 1184 κ
143 1155 313 1200 synodum
332 1155 534 1200 flagitarent
562 1155 627 1201 ipsi
654 1156 762 1200 prius,
786 1165 887 1199 quam
909 1158 1001 1188 esset
1022 1154 1193 1193 instituta,
1216 1154 1326 1188 eidem
1353 1154 1457 1189 hodie
1487 1159 1558 1189 tam
1577 1159 1720 1201 repente

107 1232 122 1246 α
144 1217 368 1251 inclinatione
384 1217 575 1251 voluntatis
595 1217 744 1252 adversa
765 1218 984 1251 obnuntiant.
1012 1217 1136 1262 Neque
1152 1215 1187 1249 id
1201 1215 1301 1249 nobis
1318 1227 1387 1249 11011
1402 1216 1636 1254 manifestum,
1655 1229 1721 1262 quo

108 1294 122 1307 α
145 1279 290 1313 001131110
321 1279 387 1313 iste
419 1279 569 1324 equitum
600 1280 822 1325 peditumque
854 1282 1067 1313 armatorum
1102 1282 1173 1312 tam
1210 1278 1373 1324 frequens
1410 1279 1576 1314 coaluerit
1612 1284 1721 1314 effluis

110 1354 125 1368 a
147 1344 274 1380 vester,
300 1344 420 1375 contra
439 1352 541 1385 quam
560 1341 625 1386 ipsi
653 1340 860 1379 statueritis,
880 1340 915 1373 id
934 1339 1025 1385 quod
1052 1351 1093 1374 ex
1111 1339 1210 1373 vobis
1237 1340 1363 1373 vestris
1393 1341 1547 1385 ipsorum
1580 1341 1718 1382 litteris,

111 1416 126 1430 α
148 1401 287 1436 nomine
306 1402 585 1436 Volhiniensium
613 1403 738 1436 civium
769 1402 871 1442 datis,
906 1403 1039 1447 riteque
1070 1401 1301 1441 00111111001113,
1333 1402 1588 1437 confirmamus.
1613 1404 1721 1441 Quem

114 1478 129 1492 ιι
152 1464 291 1498 tandem
310 1463 414 1509 hujus
436 1469 621 1510 conspectu
645 1465 819 1498 exercitus
837 1464 1032 1499 territatisll
1054 1465 1106 1497 Ita
1126 1463 1257 1497 scilicet
1278 1464 1459 1508 promissis
1478 1464 1581 1499 fidem
1610 1465 1722 1500 exsol-

112 1539 126 1552 α
148 1525 251 1559 vitis-2
266 1525 383 1570 Atqui,
403 1525 541 1565 fratre&
560 1526 592 1559 in
609 1526 786 1560 comitium
806 1538 942 1561 sacrum
957 1538 1026 1561 non
1043 1526 1078 1559 in
1098 1526 1221 1565 aciem,
1240 1525 1284 1559 ad
1299 1526 1609 1571 conglutinandam
1631 1528 1723 1562 inter

112 1602 127 1616 κ
148 1587 239 1621 cives
267 1587 309 1621 de
328 1587 498 1632 religione
525 1588 745 1622 concordiam
768 1600 833 1622 non
862 1589 906 1622 ad
926 1599 1079 1634 pugnam
1099 1588 1304 1622 convenisse
1333 1600 1404 1628 nos,
1425 1590 1665 1624 memineritis.
1686 1591 1722 1625 Si

113 1661 127 1676 a<
150 1648 322 1682 antistites
349 1648 601 1694 religiososque
620 1650 713 1683 viros
733 1650 934 1684 deterritum
961 1662 980 1683 a
1000 1649 1143 1683 consilio
1164 1653 1197 1683 et
1214 1649 1466 1695 suffragatione
1493 1651 1604 1686 libera
1622 1662 1722 1686 aver-

114 1723 128 1737 α
151 1720 292 1754 sumque
311 1710 381 1749 itis,
404 1710 438 1743 id
457 1711 631 1745 enimvero
651 1711 722 1757 pati
750 1723 817 1745 non
839 1723 1023 1756 possumus
1052 1725 1057 1745 :
1084 1716 1215 1746 certum
1234 1713 1288 1747 hic
1309 1714 1408 1748 nobis
1435 1726 1497 1759 pro
1524 1719 1723 1750 nostrorum

115 1785 129 1799 a
152 1771 263 1806 salute
281 1775 418 1817 patrum
446 1773 552 1807 vitam
572 1773 676 1807 etiam
696 1772 915 1818 profundere.
947 1773 1021 1807 Nos
1042 1774 1201 1819 precibus
1221 1775 1346 1809 vestris
1374 1776 1622 1821 promissisque
1642 1789 1722 1811 000-

115 1846 129 1860 a
152 1832 216 1872 fisi,
246 1833 443 1878 tranquillis
463 1834 600 1874 animis,
635 1835 782 1880 placide,
804 1837 901 1880 quasi
931 1835 966 1869 in
994 1835 1160 1880 templum
1186 1836 1229 1869 ad
1263 1838 1533 1882 coniprecandos
1555 1839 1720 1884 Superos,

115 1908 129 1922 κ
151 1895 394 1935 00ον0111111113;
416 1908 485 1930 non
499 1897 626 1942 ignari,
649 1898 693 1931 ad
712 1898 880 1943 ejusmodi
901 1897 1060 1937 consilia,
1083 1898 1207 1942 quibus
1222 1898 1295 1943 ipse
1314 1904 1435 1933 auctor
1453 1900 1549 1945 pacis
1574 1901 1724 1946 Spiritus

117 1970 131 1984 a
154 1956 301 1991 Sanctus
320 1959 437 2002 praesit
459 1970 499 1993 ac
519 1959 729 1998 moderetur,
750 1959 1038 2005 tranquillitatem
1058 1959 1163 1992 animi
1184 1965 1218 1993 et
1244 1960 1465 1994 concordiam
1485 1962 1604 1997 afferri
1625 1975 1724 2009 opor-

117 2034 132 2047 κ
155 2022 238 2053 tere.
257 2019 302 2053 At
317 2019 412 2053 vobis
428 2021 619 2055 consultius
637 2021 752 2062 fuerit,
785 2034 850 2055 000
880 2032 1023 2067 rogasse
1043 2020 1090 2060 id,
1113 2020 1203 2065 qnod
1224 2033 1291 2055 non
1310 2023 1415 2055 vestri
1436 2023 1524 2057 foret
1541 2025 1722 2070 propositi,

117 2095 131 2109 α
154 2092 268 2126 quam,
291 2082 349 2116 ubi
367 2083 647 2128 impetraveritis
679 2096 751 2118 rem
770 2089 840 2118 tam
860 2084 1030 2117 vicdenter
1052 2083 1236 2128 dissipare.
1268 2084 1347 2118 ι10111
1371 2085 1589 2121 multitudine
1608 2092 1725 2122 vestra

117 2156 130 2170 α
153 2147 186 2177 et
204 2143 268 2177 isto
296 2150 465 2189 apparatu
489 2144 579 2183 freti,
602 2157 638 2179 re
663 2158 774 2191 neque
799 2146 975 2191 disputata
993 2155 1104 2189 neque
1125 2156 1166 2178 ex
1186 2144 1284 2179 nobis
1312 2147 1472 2191 quaesita,
1495 2150 1726 2185 secessionem

118 2216 132 2231 a
153 2203 294 2244 fecistis,
318 2205 416 2239 irrito
450 2210 554 2245 coetu,
580 2207 722 2252 ejusque
743 2209 832 2241 inter
852 2219 912 2241 vos
932 2205 1081 2252 praeside
1109 2205 1230 2246 electe,
1261 2211 1381 2241 contra
1408 2208 1504 2254 leges
1532 2211 1664 2256 patrias
1696 2216 1729 2247 et

120 2279 134 2293 α
156 2266 393 2300 auctoritatem
413 2267 505 2312 regis
527 2268 755 2310 serenissimi;
779 2270 835 2314 qui
856 2281 917 2303 nos
937 2280 976 2303 eo
996 2269 1062 2302 1100
1082 2270 1215 2304 miserit
1234 2271 1391 2313 consilio,
1423 2278 1459 2307 ut
1478 2274 1542 2319 ipsi
1570 2278 1729 2322 praesidis

120 2340 135 2355 κ
157 2339 280 2362 munus
294 2329 329 2362 in
349 2329 414 2363 isto
433 2335 604 2364 conventu
626 2330 821 2370 obiremus3
840 2331 904 2375 ipsi
920 2333 954 2363 et
972 2329 1099 2364 arbitri
1118 2331 1248 2366 ordinis
1267 2333 1360 2374 boni,
1383 2338 1416 2368 et
1430 2339 1600 2381 sequestri
1619 2340 1727 2384 pacis,

121 2403 136 2417 κ
158 2392 192 2423 et
210 2391 421 2426 confectores
440 2392 585 2437 neg-otii.
614 2392 843 2426 Contraxistis
863 2392 979 2437 copias
999 2391 1135 2426 delectu
1168 2405 1236 2428 non
1267 2396 1395 2441 optimo
1418 2410 1424 2431 ;
1448 2398 1605 2434 1101111003
1632 2400 1728 2435 vide-

124 2467 138 2482 «
158 2453 240 2487 licet
274 2466 341 2488 non
368 2455 469 2488 modo
496 2455 677 2501 religionis
709 2456 863 2495 incerta),
901 2454 961 2489 sed
990 2454 1134 2489 infames
1165 2456 1283 2497 etiam,
1311 2463 1345 2493 et
1376 2460 1487 2505 capite
1519 2461 1726 2502 diminutos;

126 2529 140 2543 κ
162 2517 319 2561 quodque
345 2518 479 2563 turpius
498 2523 562 2554 est,
589 2518 767 2562 praeclara·
792 2518 959 2563 panegyri
983 2526 1108 2551 restra]
1127 2516 1373 2563 Nicephorum,
1396 2522 1599 2565 gracuhum
1622 2524 1729 2557 homi-

1573 2584 1588 2601 Ο

1590 2584 1603 2593 n

1574 2602 1587 2608 ..a
1590 2598 1603 2609 ω
