2184 2953
191 576 306 602 Socinus.

191 638 290 665 Scholae

191 677 317 704 lnereticae

192 716 338 748 Luklaviis,

190 755 325 786 Rakoviae,

190 795 301 821 Kisseli-

190 833 247 859 niae.

192 1126 296 1153 Damna

191 1165 316 1192 Ecclesiae

190 1205 218 1230 in
231 1205 335 1236 provin-

193 1244 242 1271 ciis
264 1244 338 1270 Polo-

192 1282 258 1309 nicis
294 1290 339 1315 per

190 1323 311 1349 haereses.

195 1696 288 1722 Status

195 1735 317 1762 christia-

195 1785 234 1802 nae
248 1776 333 1810 plebis

197 1815 224 1840 in
247 1815 339 1840 Litua-

196 1854 342 1886 nia,Sa1n0-

196 1892 271 1924 gitia,
288 1891 340 1918 Cu-

196 1931 277 1963 ronia,
288 1931 339 1956 etc.

197 2068 337 2102 Episcopo-

198 2116 255 2134 rum
269 2109 346 2133 bono-

366 292 403 323 10
732 292 1010 323 LITUANICARUM
1033 293 1247 323 SOCIETATIS
1269 293 1355 322 JESU
1380 292 1631 321 HISTORIARUM

366 383 478 418 varias
496 383 651 419 haereses
667 384 842 420 distractis
861 398 867 420 ς
888 400 903 414 α
922 397 1042 432 quare,
1059 386 1183 432 inquit,
1203 383 1421 431 sigismundi
1435 382 1586 430 Augusti
1600 386 1757 429 tempore
1770 386 1865 417 totus
1880 382 1988 418 ferme

368 460 383 474 u
406 449 548 480 senatus
575 445 639 481 fuit
666 447 829 493 religioni
849 448 1022 483 luteranae
1038 453 1072 483 et
1088 448 1288 483 reformatae
1308 446 1479 481 addictus.
1503 446 1639 480 Praeter
1658 445 1854 480 Luteranos
1873 448 1990 480 autem

368 523 383 536 α
405 511 439 543 61
458 508 678 544 Calvinianos
697 510 731 544 in
751 510 899 545 Polonia
918 523 986 546 non
1006 511 1106 557 pauci
1126 510 1248 545 Ariani
1276 513 1310 544 et
1335 508 1534 549 Sociniani;
1557 511 1591 542 et
1609 508 1643 542 in
1670 508 1724 542 his
1755 508 1846 542 inter
1860 507 1990 554 primos

367 584 382 598 u
405 570 536 605 Laelius
551 571 711 612 Socinus,
728 573 842 618 patria
857 572 1022 608 Senensis
1035 573 1156 613 Italus,
1175 573 1416 618 penetrarunt.
1438 587 1453 601 κ
1472 569 1518 604 Hi
1531 573 1646 604 tantos
1662 570 1698 604 in
1715 569 1865 604 Polonia
1878 569 1991 604 fecere

364 644 585 679 progressus,
603 638 641 668 ut
655 634 761 669 etiam
776 634 914 670 scholas
930 647 1003 670 suae
1022 639 1126 670 sectae
1145 646 1215 669 11011
1234 632 1427 668 incelebres
1447 632 1622 666 erexerint
1638 631 1826 673 Rakoviae,
1844 631 1991 666 Kisseli-

365 694 434 729 niae
453 698 487 729 et
505 695 686 731 Luklaviis
705 696 750 743 (1).
778 697 870 735 Quid
896 709 999 743 porro
1022 697 1193 732 commodi
1225 707 1267 731 ex
1295 695 1372 730 istis
1400 706 1470 729 non
1488 694 1722 729 incelebribus
1745 694 1993 729 haereticorum

365 756 494 792 scholis
513 762 751 804 comparatum
771 759 815 793 sit
836 758 993 800 Polonis‚
1016 760 1104 794 bene
1123 758 1310 805 perspexit,
1331 760 1461 803 praeter
1475 755 1575 797 alios,
1599 756 1729 802 saepius
1749 757 1793 791 ab
1822 756 1994 791 Romanis

366 820 596 855 Pontificibus
617 822 662 856 ad
681 821 836 856 Polonos
862 822 1032 867 Legatus,
1058 822 1232 856 Antonius
1260 825 1380 855 noster
1409 820 1623 855 Possevinus
1640 821 1690 866 (2).
1719 834 1734 849 a<
1753 820 1992 862 Meminimus,

367 897 381 911 κ
403 882 514 929 inquit
537 883 610 925 ille,
642 895 720 918 cum
753 884 935 919 Varsaviae
960 888 1137 930 postrema
1164 895 1292 930 magno
1326 883 1489 918 Poloniae
1519 894 1603 929 rege
1635 883 1814 929 Stephano
1852 883 1994 918 comitia

369 960 382 973 a
406 946 632 987 haberentur,
665 947 758 982 hunc
784 947 899 993 ipsum
934 959 1052 993 regem
1086 946 1171 981 viris
1200 946 1461 987 ecclesiasticis,
1495 957 1538 981 ex
1571 946 1747 980 senatorio
1779 950 1812 981 et
1844 946 1997 993 equestri

369 1022 384 1036 e<
406 1008 528 1043 ordine
553 1008 709 1049 delectis,
738 1009 892 1043 animum
919 1009 1109 1050 addidisse,
1137 1014 1174 1043 ut
1201 1008 1375 1055 intrepide
1401 1011 1649 1054 proponerent,
1680 1019 1842 1054 quaenam
1869 1009 1998 1043 damna

370 1083 384 1097 α
406 1080 516 1115 regno
540 1070 697 1105 Poloniae
716 1070 985 1116 reipublic-aeque
1010 1070 1108 1105 illata
1136 1074 1228 1112 sunt,
1259 1074 1486 1116 posteaquam
1513 1070 1633 1105 Luteri
1659 1070 1862 1117 Calvinique
1898 1081 1996 1105 error

370 1145 385 1179 ξι
407 1131 473 1166 suit
492 1133 695 1178 permissus.
724 1133 776 1167 Ea
793 1145 877 1168 vero
898 1138 1008 1173 erant,
1038 1145 1115 1179 quae
1136 1136 1341 1179 sequuntur,
1364 1144 1442 1178 quse
1463 1132 1652 1167 Posnaniae
1677 1136 1801 1178 postea
1821 1132 1915 1179 typis
1933 1144 1996 1178 pu-

371 1213 385 1227 a
407 1197 496 1232 blice
515 1200 596 1231 sunt
614 1197 716 1231 data:
746 1198 773 1231 Ι.
804 1197 1002 1242 Religionis
1027 1200 1156 1231 sanctae
1171 1196 1353 1231 catholicae
1382 1195 1538 1236 violatio,
1559 1195 1803 1241 haeresumque
1822 1196 1997 1230 variarum

371 1277 386 1290 ιι
408 1261 443 1296 111
462 1272 610 1307 regnum
637 1260 800 1295 invectio.
830 1261 878 1295 ΙΙ.
904 1260 1165 1295 Jurisdictionis
1195 1258 1457 1298 ecclesiasticae,
1488 1258 1632 1304 ejusque
1657 1258 1852 1304 spiritualis
1871 1258 1994 1305 gladii,

371 1339 386 1353 ιε
410 1323 792 1364 excommunicationis,
826 1323 1018 1358 enervatio.
1047 1323 1113 1357 III.
1145 1322 1365 1357 Decimarum
1389 1326 1511 1357 contra
1532 1323 1590 1369 jus
1614 1322 1770 1357 divinum
1793 1323 1940 1358 retentio
1962 1328 1996 1358 et

372 1401 387 1415 α
410 1386 597 1432 ademptio.
622 1385 682 1419 IV.
706 1386 1031 1431 Praerogativarum
1051 1388 1085 1419 et
1106 1384 1309 1420 libertatum
1331 1384 1527 1419 diminutio.
1556 1385 1601 1420 V.
1624 1385 1862 1420 Ecclesiarum
1880 1386 1996 1432 profa-

371 1465 386 1478 α
408 1448 525 1484 natio:
555 1447 809 1488 fundationum,
841 1458 1021 1488 censuum,
1048 1450 1289 1492 proventuum,
1319 1448 1566 1484 thesaurorum
1601 1449 1931 1491 ecclesiasticorum,
1961 1452 1996 1484 et

371 1523 386 1538 a
409 1509 579 1544 bonorum
599 1508 747 1543 aliorum
761 1507 937 1553 ademptio
953 1512 986 1542 et
1005 1508 1179 1554 spoliatio.
1203 1509 1265 1544 VI.
1284 1510 1367 1545 Fori
1381 1522 1444 1557 pro
1454 1510 1597 1557 judiciis
1611 1511 1766 1547 realibus
1781 1516 1815 1547 et
1829 1522 1996 1559 persona-

372 1586 387 1600 “
409 1570 514 1611 libus,
534 1575 606 1606 tam
617 1571 740 1618 primae
755 1574 790 1605 et
804 1570 982 1610 secundae,
999 1574 1037 1604 ut
1049 1576 1188 1612 vocant,
1206 1571 1396 1614 instantiae,
1415 1584 1519 1619 quam
1534 1574 1752 1608 executionis
1789 1574 1988 1620 suspensio:

372 1648 387 1662 ιι
408 1634 540 1669 brachii
559 1634 752 1673 saecularis,
779 1633 1002 1668 remissarum
1026 1644 1068 1667 ex
1086 1633 1255 1668 tribunali
1277 1635 1377 1680 regni
1397 1639 1432 1670 et
1453 1635 1603 1670 aliorum
1621 1635 1797 1670 subselliis
1812 1646 1997 1670 causarum

371 1712 386 1726 a<
409 1697 507 1732 nulla
526 1697 697 1733 executio.
732 1715 747 1729 π
777 1697 878 1731 Inter.
896 1696 973 1730 haee
995 1696 1094 1742 plebs
1119 1697 1253 1739 misera,
1273 1698 1308 1732 in
1336 1696 1501 1732 Lituania
1536 1697 1700 1738 maxime,
1724 1697 1931 1742 Samogitia,
1964 1700 1998 1731 et

369 1759 582 1806 Semigallia,
604 1759 722 1805 legum
737 1759 1006 1793 christianarum
1023 1758 1078 1793 vel
1098 1760 1218 1801 oblita,
1237 1761 1293 1795 vel
1312 1759 1420 1800 rudis,
1443 1770 1486 1794 ex
1505 1759 1602 1805 agris
1625 1759 1660 1793 in
1678 1759 1841 1805 antiquas
1864 1758 1997 1793 redibat

367 1821 497 1868 sylvas,
515 1822 711 1868 quercubus
727 1821 798 1855 suis
813 1820 962 1866 <Iovique
982 1820 1031 1854 illi
1048 1820 1227 1863 fulmineo,
1250 1834 1352 1868 quem
1370 1820 1568 1866 superiores
1584 1820 1637 1855 sui
1655 1821 1861 1856 Perkunum
1879 1820 1998 1866 appel-

367 1883 501 1924 labant,
523 1883 646 1929 gentili
665 1883 835 1929 majorum
855 1882 923 1916 ritu
942 1882 1188 1928 supplicatum.
1211 1883 1385 1918 Nimirum
1401 1884 1614 1930 simplicibus
1630 1884 1829 1930 antiquiora
1847 1883 1908 1918 illa
1921 1883 1997 1918 istis

369 1949 635 1996 peregrinorum
650 1948 828 1983 hominum
842 1947 1005 1988 inventis,
1023 1950 1095 1981 tam
1109 1947 1239 1989 multis,
1258 1951 1330 1981 tam
1344 1947 1463 1986 variis,
1481 1946 1725 1992 sanctioraque
1741 1946 1813 1981 visa
1828 1945 1999 1992 majorum

372 2023 514 2047 suorum
532 2012 706 2046 instituta.

425 2073 515 2112 Quid
552 2073 607 2107 hic
638 2077 797 2119 pastores
826 2070 958 2118 populi,
981 2071 1105 2106 abacto
1137 2070 1282 2117 quisque
1300 2081 1409 2116 grege
1429 2081 1506 2110 sue,
1529 2070 1656 2116 etipse
1681 2071 1756 2116 jam
1774 2071 1866 2105 inter
1899 2070 1999 2116 lupos

198 2156 255 2175 rum
299 2147 349 2173 sol·
376 2135 594 2182 vulpinante,
616 2139 777 2181 agerent,
798 2134 834 2168 in
854 2145 1035 2168 commune
1051 2133 1189 2168 solliciti
1209 2132 1467 2167 consultabant.
1486 2132 1665 2166 Cardinali
1682 2131 1857 2166 Stanislao
1873 2131 1996 2173 Hosio,

199 2187 309 2214 licitudo
322 2187 349 2214 et

200 2227 319 2254 consilia.

374 2197 595 2232 Variniorum
610 2197 785 2244 episcopo,
799 2196 957 2231 homines
978 2195 1163 2230 Societatis
1191 2195 1277 2230 ι16511
1304 2194 1434 2240 cogniti
1465 2198 1564 2229 erant
1579 2206 1642 2240 per
1652 2194 1823 2228 ι111001111111
1840 2193 2001 2228 Lainium

375 2261 410 2295 in
428 2260 548 2306 primis
568 2264 602 2295 et
630 2259 848 2305 Alphonsum
870 2258 1120 2299 Salineronem,
1152 2257 1282 2304 primos
1310 2256 1412 2291 Beati
1432 2256 1562 2301 Ignatii
1592 2256 1734 2291 Socios:
1767 2256 1860 2290 hunc
1887 2256 2001 2301 Lega-

375 2326 463 2364 tum,
484 2322 582 2356 illum
602 2322 786 2356 Oratorem
816 2320 921 2356 etiam
941 2320 1074 2356 Summi
1104 2319 1284 2355 Pontificis
1303 2319 1338 2353 in
1367 2318 1521 2354 Concilio
1541 2318 1768 2359 Tridentin03
1798 2317 1852 2352 cui
1872 2317 2002 2352 Hosius

418 2483 460 2517 (1)
477 2482 516 2510 De
537 2483 645 2510 castoris
663 2480 810 2510 haeresmm
833 2482 861 2509 in
886 2481 1003 2510 l‘olonia
1028 2481 1180 2514 5310111105,
1204 2479 1258 2508 vid.
1276 2479 1304 2508 Ι).
1330 2478 1434 2517 Sluirga
1458 2478 1564 2506 Concio
1588 2476 1615 2505 iu
1632 2475 1743 2507 Domin.
1767 2476 1827 2511 VII,
1845 2479 1908 2512 post
1921 2476 2002 2504 Dent.

421 2535 461 2574 (2)
477 2536 514 2565 Dc
526 2536 610 2564 Libro
623 2536 739 2564 Joannis
754 2535 864 2568 Domni,
883 2533 928 2570 qui
943 2535 1058 2563 inscrib.
1084 2535 1118 2563 de
1142 2533 1308 2568 Republica,
1323 2532 1434 2565 Cautio,
1455 2539 1519 2569 pag.
1544 2531 1609 2559 142.
1640 2531 1714 2560 Edit.
1740 2530 1823 2559 Rom.
1844 2537 1888 2559 an.
1913 2529 1989 2557 1592
