2184 2953
237 390 301 416 1652

235 428 267 454 In
279 429 362 454 morte

235 469 383 495 tentantem

234 508 338 534 hostem

235 547 330 574 vincit.

233 1141 263 1167 P.
276 1141 380 1167 Brolin-

233 1181 284 1207 skii
299 1180 380 1214 [mors

232 1220 345 1254 Plociae]

256 1515 342 1550 [1653]

230 1557 378 1623 P.Lai10ieii

229 1634 333 1663 Caunae.

410 291 470 323 360
779 292 1053 323 LITUANICARUM
1077 292 1287 322 SOCIETATIS
1309 291 1393 322 JESU
1418 291 1669 323 HlSTORlARUM

408 384 486 420 haec
507 385 588 420 Orci
606 385 725 422 bellua
742 387 749 422 !
772 386 939 422 Luctatus
957 385 1211 433 aliquantisper
1226 397 1303 420 cnm
1317 385 1418 419 hoste
1432 387 1537 426 tetro,
1555 384 1682 420 deinde
1713 385 1874 431 perfusus
1893 388 2036 433 gaudio,

408 458 646 495 conversoque
683 449 729 484 ad
758 449 976 484 sacerdotem
1011 448 1209 483 adstantem
1244 446 1342 481 vultu
1363 458 1370 480 τ
1394 457 1498 492 euge,
1532 446 1579 480 mi
1610 447 1730 488 Pater,
1768 447 1891 493 inquit,
1922 461 2010 495 enge
2027 451 2034 485 !

408 510 555 545 vicimus
583 522 648 557 ope
675 511 792 546 divina
823 511 903 547 freti
921 512 927 547 !
962 511 1109 557 laqueus
1141 509 1313 544 contritus
1350 510 1415 548 est,
1451 511 1486 542 et
1514 519 1576 542 nos
1608 508 1748 543 liberati
1780 521 1911 545 snmus.
1934 511 2034 552 Mox,

408 571 598 607 emoriente
617 583 700 607 voce
715 573 845 608 exitum
873 585 970 608 suum
1000 574 1074 609 Deo
1106 571 1368 611 commendans,
1402 570 1439 604 in
1468 571 1722 616 tranquillitate
1754 583 1890 607 summa
1922 575 2037 621 exspi-

407 634 497 668 ravit
514 633 560 680 (1).
583 635 623 669 In
642 635 756 681 patria
776 635 900 670 Jacobi
918 635 1111 682 provincia,
1133 635 1169 670 in
1187 633 1343 674 Varmia„
1366 632 1615 678 Fraumburgi,
1649 633 1769 668 valere
1787 634 1894 680 jussit
1918 647 2036 672 aman-

406 695 578 730 tissimum
596 695 781 731 Societatis
800 701 950 743 patrem,
971 698 1038 732 hac
1056 699 1264 743 tempestate
1282 698 1462 741 regentem
1481 695 1702 731 cancellariae
1726 697 1840 743 regni,
1863 698 2037 734 Thomam

406 758 618 804 Ujeyskium
639 759 746 794 Pater
778 759 946 794 Albertus
978 759 1152 801 8133111113,
1182 759 1265 793 011111
1283 761 1399 792 rector
1430 757 1632 792 Nesvisiani
1664 758 1824 806 Collegii‚
1854 759 1980 796 deinde
1998 762 2035 796 in

406 819 488 854 aula
506 819 650 866 Georgii
670 821 894 862 Ossolinskii,
919 821 1259 857 Sandomiriensium
1285 819 1445 867 palatini,
1480 820 1600 866 magni
1631 821 1790 856 Poloniae
1818 822 2031 865 cancellarii,

405 881 528 929 inclyti
548 883 623 929 ejus
642 883 808 918 Mercurii
827 883 933 929 vulgo
954 883 1151 924 Sarmatici,
1173 882 1372 927 theologus,
1400 880 1549 927 denique
1571 882 1676 928 hujus
1704 882 1849 918 Thomae
1870 883 2032 920 domesti-

407 955 468 979 cus
486 944 522 979 in
541 956 615 980 suae
634 945 787 991 negotiis
806 945 929 980 salutis
944 945 1135 981 consultor.
1166 945 1288 980 Illatus
1308 944 1344 978 in
1375 943 1596 989 sepulchrum
1627 944 1808 980 Sociorum
1838 946 2034 983 Brunsber-

408 1006 568 1053 gensium
587 1007 700 1053 pridie
714 1008 792 1042 idus
811 1008 967 1050 sextiles,
991 1009 1114 1044 eodem
1132 1007 1283 1054 praesule
1303 1017 1365 1042 suo
1385 1005 1521 1040 Thoma
1550 1005 1734 1043 funerante
1763 1020 1841 1043 cum
1868 1009 2034 1045 universo

411 1069 662 1105 canonicorum
681 1070 903 1106 Variniornm
923 1070 1091 1117 Collegio.
1110 1071 1256 1111 Plociae,
1279 1081 1386 1105 verno
1401 1068 1505 1114 hujus
1536 1069 1621 1103 anni
1648 1073 1818 1116 tempore,
1853 1072 2035 1108 mortalem

409 1133 521 1168 finivit
548 1134 668 1175 vitam,
691 1133 928 1179 sexagenario
960 1133 1084 1179 major,
1106 1134 1147 1168 P.
1170 1133 1347 1168 Martinus
1374 1133 1607 1169 Brolinskius.
1630 1133 1684 1169 Ab
1715 1146 1807 1170 anno
1840 1136 1944 1178 16lO,
1967 1150 2034 1184 quo

406 1195 574 1230 Societati
593 1206 719 1230 nomen
739 1195 845 1237 dedit,
869 1195 916 1230 ita
934 1195 979 1230 ad
997 1207 1198 1241 supremum
1230 1195 1321 1230 dlem
1344 1199 1517 1236 versatus,
1540 1200 1577 1231 ut
1595 1197 1758 1239 hominis,
1782 1198 1896 1233 studio
1920 1199 2033 1236 laudis

411 1256 541 1292 divinae
575 1258 725 1304 operosi,
760 1258 958 1304 exemplum
991 1261 1082 1293 esset
1110 1262 1327 1304 perpetuum,
1359 1257 1639 1293 adolescentibus
1665 1259 1818 1305 juvenis,
1851 1260 1935 1296 viris
1965 1262 2031 1304 vir,

407 1330 518 1354 senex
538 1320 694 1355 senibus.
716 1320 755 1355 In
793 1319 957 1355 curandis
993 1320 1192 1355 mortalium
1225 1319 1348 1355 animis
1383 1323 1518 1366 partem
1548 1320 1630 1355 vitre
1665 1321 1782 1367 posuit
1817 1322 2004 1358 maximam
2021 1336 2029 1365 ;

404 1382 558 1417 intentus
577 1383 752 1429 praecipue
766 1382 943 1418 lacerante
960 1383 1118 1418 civitates
1133 1382 1333 1429 pestilentia
1351 1394 1358 1416 z
1376 1381 1475 1427 cujus
1507 1381 1565 1417 ille
1597 1382 1707 1417 multa
1734 1383 1890 1429 pericula
1913 1396 2031 1431 super-

409 1445 493 1485 avit,
511 1445 587 1491 ipso
607 1445 673 1480 Dei
692 1446 934 1481 conservantis
952 1446 1116 1492 praesidio
1136 1446 1251 1481 adhuc
1277 1445 1408 1479 salx-us.
1432 1445 1472 1479 In
1492 1444 1675 1480 desideriis
1699 1446 1836 1481 videndi
1858 1448 2033 1484 Creatoris

405 1508 459 1542 sui
474 1508 646 1543 extinctus
665 1509 757 1543 XIII
773 1508 1079 1555 kalendasjulias.
1103 1509 1155 1543 De
1170 1508 1277 1543 Patre
1287 1507 1436 1544 Nicolao
1469 1507 1633 1542 Lancicio
1665 1520 1764 1543 error
1789 1509 1882 1545 unde
1916 1511 2032 1546 nescio

406 1570 563 1617 objectus
577 1574 629 1605 est
647 1569 729 1612 illis,
747 1570 906 1617 quihunc
923 1570 1077 1613 tradant,
1101 1582 1193 1606 anno
1211 1570 1316 1612 1652,
1338 1574 1410 1612 aut,
1433 1571 1525 1616 quod
1539 1571 1639 1617 legas
1659 1571 1755 1613 alibi,
1779 1573 1870 1609 1655
1886 1574 2025 1611 obiisse.

405 1631 503 1666 Vixit
528 1632 588 1667 ille
606 1632 674 1666 huc
690 1643 811 1678 usque.
830 1632 936 1667 Sexto
950 1631 1029 1667 idus
1049 1634 1263 1681 septembres
1294 1633 1376 1667 anni
1412 1634 1505 1669 1652
1529 1634 1668 1676 Cannae,
1699 1635 1734 1669 in
1765 1636 1895 1683 templo
1926 1637 2029 1673 Beati

405 1695 576 1731 Stanislai
610 1696 750 1731 Kostka
782 1695 984 1737 domestico,
1020 1697 1274 1743 professionem
1305 1696 1347 1730 P.
1381 1694 1539 1730 Floriani
1574 1696 1763 1732 Malevskii
1806 1699 1941 1745 excepit
1975 1700 2025 1746 (2).

403 1758 527 1794 Annus
544 1770 629 1805 ergo
646 1759 686 1793 P.
706 1758 853 1793 Nicolao
873 1770 1057 1804 supremus
1076 1759 1158 1793 vitae
1177 1759 1241 1794 fuit
1257 1758 1381 1793 tertius
1400 1762 1434 1793 et
1452 1759 1762 1805 quinquagesimus
1783 1773 1889 1808 supra
1916 1761 2026 1797 mille-

400 1821 526 1855 simum
546 1820 861 1856 sexcentesimum:
884 1821 1029 1856 (1103111
1057 1820 1229 1856 kalendas
1256 1820 1398 1866 aprileS,
1433 1820 1467 1855 id
1493 1833 1557 1856 nos
1581 1833 1599 1856 e
1625 1822 1736 1857 veteri
1763 1822 2022 1870 suffragiorum,

399 1895 462 1930 pro
483 1883 629 1918 mortuis
649 1882 684 1917 in
704 1883 770 1918 hac
789 1883 969 1929 provincia
1000 1883 1222 1925 indictorum,
1257 1883 1345 1917 libro
1372 1882 1420 1930 (3),
1455 1882 1602 1929 aliisque
1632 1884 1762 1919 nostris
1790 1887 2023 1923 monumentis

400 1946 505 1982 certis
526 1945 640 1980 securi
654 1945 890 1992 assignamus.
924 1945 976 1980 De
1002 1950 1079 1980 ortu
1096 1945 1234 1981 Nicolai
1252 1949 1287 1981 et
1301 1946 1499 1980 rudioribus
1514 1946 1615 1981 annis
1633 1947 1709 1993 jam
1732 1948 1953 1985 narravimus
1973 1950 2020 1997 (4).

400 2009 468 2044 Hic
483 2019 654 2043 suminam
672 2008 767 2048 vitae,
789 2019 832 2042 ex
851 2008 1159 2049 commentariolis,
1181 2009 1330 2045 maxime
1349 2010 1535 2051 Kondzini,
1554 2011 1589 2045 in
1609 2012 1742 2058 praedio
1762 2013 1884 2049 domus
1899 2015 2026 2061 proba-

398 2072 518 2112 tionis,
541 2083 621 2106 111οΧ
649 2071 693 2106 ab
726 2071 822 2106 obitu
854 2083 916 2107 suo
949 2072 1167 2118 conscriptis,
1200 2073 1380 2109 collectam
1413 2073 1547 2108 damus.
1567 2074 1761 2117 Ciacoviae,
1797 2076 1833 2111 in
1858 2077 2025 2124 religioso

398 2136 551 2170 tironum
571 2134 757 2169 Societatis
773 2135 970 2182 gymnasio,
985 2138 1116 2170 certam
1131 2146 1228 2181 spem
1245 2136 1325 2171 fecit
1339 2136 1430 2171 bona
1445 2136 1580 2172 indoles
1596 2149 1659 2173 sna
1676 2151 1682 2173 :
1700 2143 1738 2174 nt
1752 2144 1938 2186 propterea
1952 2153 2023 2176 ma-

395 2198 466 2245 jori
485 2198 520 2232 in
539 2197 793 2244 lucejuvenem
803 2197 974 2243 praesides
993 2197 1227 2232 existimarint
1249 2197 1498 2233 collocandum.
1517 2199 1667 2235 Romam
1683 2200 1774 2242 ideo,
1792 2202 2024 2248 perficiendus

401 2262 436 2296 in
452 2261 512 2295 illa
527 2260 657 2307 inclyta
671 2261 880 2295 novitiorum
897 2259 1030 2302 schola,
1047 2260 1257 2295 transfertur
1265 2261 1332 2307 (an.
1349 2261 1460 2308 1592).
1474 2262 1540 2297 Hic
1551 2263 1584 2297 N
1589 2263 1720 2299 icolaus
1734 2265 1779 2299 ad
1794 2265 1936 2311 optima,
1947 2278 2024 2312 quae

402 2325 437 2359 in
456 2324 577 2371 primis
592 2323 715 2358 beatus
726 2323 867 2369 juvenis
882 2323 1047 2371 Aloysius
1068 2323 1237 2370 Gonzaga
1266 2322 1546 2359 adolescentibus
1574 2325 1786 2372 reliquisset,
1817 2327 2024 2364 documenta

443 2406 485 2442 (1)
500 2405 541 2433 Ex
571 2403 736 2433 kalendario
755 2405 915 2440 Secu-tatis,
931 2413 944 2432 a
959 2405 989 2434 1³.
1007 2402 1117 2434 Joanne
1132 2405 1302 2433 Poszakovki
1320 2406 1407 2438 edito,
1427 2410 1552 2435 mortuus
1581 2410 1624 2435 est
1649 2407 1773 2437 Jacobns
1790 2407 1834 2438 die
1855 2410 1890 2438 15
1905 2411 2023 2446 januarii

407 2460 469 2488 anni
507 2459 595 2487 1652.
612 2474 652 2479 —
668 2458 707 2495 (⁶2)
725 2458 787 2488 vid.
806 2459 995 2487 Prolessionis
1014 2459 1157 2495 exemplar
1173 2460 1375 2498 autographum
1390 2460 1417 2488 in
1433 2461 1596 2497 provInciali
1616 2462 1765 2491 tabulario.

444 2514 482 2552 (3)
500 2512 561 2543 Vid.
581 2514 607 2542 111
624 2513 723 2543 codem
742 2513 890 2542 tabulario.
914 2528 952 2535 —
967 2511 1011 2552 (Ji)
1030 2513 1090 2547 Lib,
1109 2513 1157 2543 111.
1173 2521 1199 2542 n.
1220 2513 1268 2542 68.
