2184 2953
273 422 337 448 1585

276 651 386 678 Duabus

273 691 299 716 in
310 690 418 717 Polonia

275 729 386 763 synodis

274 771 400 797 interfuit.

275 1001 340 1035 Ejus
364 1002 407 1029 de-

274 1044 378 1077 criptio.

328 1227 369 1252 34.

275 1267 304 1292 P.
322 1266 406 1299 Vujek

277 1305 362 1331 Socios
375 1304 418 1330 ad-

274 1344 348 1370 ducit
365 1352 395 1370 ex

274 1383 364 1410 ltalia.

453 324 510 355 132
836 324 1108 354 LlTUANICARUM
1132 323 1343 353 SOCIETATlS
1364 323 1449 352 JESU
1472 322 1722 352 HISTORIARUM

451 428 527 451 rum
562 420 596 451 et
622 420 755 459 rector;
788 417 1031 453 haereticorum
1063 416 1211 462 insignis
1248 415 1419 455 domit0r;
1452 415 1576 450 litteris
1603 415 1682 450 Divi
1714 415 1830 450 Caroli
1860 416 2056 452 Borromaei

452 479 651 519 cardinalis,
694 480 738 513 ad
774 479 965 515 Concilium
996 477 1241 513 Tridentinum
1272 478 1375 518 datis,
1411 477 1684 512 commendatus.
1723 477 1824 513 Anno
1865 479 1969 520 1556,
2000 491 2067 526 quo

452 541 551 576 divus
571 542 752 577 Societatis
778 553 906 587 parens
926 540 1299 586 Ignatiustranslatus
1317 543 1381 581 est,
1404 539 1516 586 pridie
1546 540 1717 575 kalendas
1738 541 1899 582 sextiles3
1932 542 2066 577 Lovicii

450 603 485 637 in
501 603 650 639 Polonia
670 605 827 639 habitum
843 607 896 638 est
915 602 1107 637 Concilium
1128 602 1356 648 provinciale,
1378 612 1400 635 a
1414 602 1561 636 Nicolao
1582 603 1851 649 Dzierzgovskio
1871 604 2067 639 Gnesnensi

451 667 712 714 archiepiscopo
747 670 916 705 coactum,
940 665 1090 711 praeside
1120 664 1264 710 Aloysio
1285 664 1502 709 Lipomanno
1525 664 1686 711 episcopo
1722 666 1932 707 Veronensi,
1966 666 2066 701 Sedis

450 728 662 775 Apostolicae
680 729 798 775 legato
830 740 851 762 a
887 728 1012 767 latere,
1035 727 1306 761 coemendarum
1322 737 1428 760 causa
1446 726 1648 767 haeresium,
1670 731 1703 761 et
1730 727 1815 762 cleri
1842 727 1878 762 in
1898 727 2018 763 officiis
2037 732 2072 763 et

450 791 634 837 disciplina
653 790 866 826 continendi.
888 789 990 824 Anno
1018 789 1222 834 insequente
1245 788 1335 823 1557
1366 788 1543 823 celebrata
1570 789 1651 823 item
1679 789 1936 835 provinciarum
1967 802 2070 837 syno-

450 853 515 887 dus
546 852 776 893 Petricoviae;
814 863 876 898 per
908 863 986 886 eain
1018 851 1197 886 constituti
1229 854 1378 896 quatuor
1404 850 1627 896 inquisitores
1661 851 1840 886 haereticae
1871 852 2068 898 pravitatis.

450 914 611 949 Interfuit
650 914 788 960 utrique
818 913 1033 959 Alphonsus‚
1078 912 1293 958 multumque
1322 912 1469 946 contulit
1499 913 1544 946 ad
1580 912 1832 947 restituendam
1863 913 2072 960 religionem

450 976 656 1011 catholicam
675 980 709 1011 et
723 975 975 1010 correctionem
994 986 1129 1009 morum
1143 975 1179 1008 in
1199 974 1360 1008 Polonia.
1385 974 1463 1013 Vir,
1487 977 1525 1008 ut
1547 974 1713 1009 describit
1735 975 1938 1016 Sacchinus,
1959 976 2072 1022 justae

450 1038 514 1073 fuit
533 1042 690 1079 staturae,
708 1038 884 1073 firmarum
904 1038 1042 1078 virium,
1060 1037 1193 1071 laboris
1212 1036 1322 1070 omnis
1342 1036 1640 1082 patientissimus:
1663 1038 1845 1083 operarius
1863 1038 1976 1073 vineae
2002 1038 2071 1072 Do-

450 1101 534 1136 mini
553 1101 694 1136 sedulus
713 1104 748 1135 et
774 1100 934 1146 frugifer,
956 1100 1055 1146 cujus
1076 1099 1206 1133 similes
1226 1098 1356 1132 utinam
1372 1097 1532 1132 Ecclesia
1547 1103 1705 1133 numeret
1724 1099 1905 1145 plurimos.

498 1163 529 1198 A
571 1164 732 1198 Romana
775 1167 1040 1209 procuratorum
1082 1161 1364 1206 Congregatione
1401 1160 1667 1206 provincialium
1702 1161 1812 1196 redux
1847 1173 1937 1197 anno
1981 1163 2073 1199 1585

450 1227 603 1266 ineunte,
625 1237 733 1260 novas
761 1237 833 1260 suae
853 1224 1041 1271 provinciae
1072 1223 1189 1258 attulit
1212 1223 1390 1269 suppetias
1416 1223 1569 1257 Jacobus
1595 1223 1627 1257 V
1631 1223 1753 1268 ujekus
1774 1224 2069 1271 Vangrovickius,

450 1288 609 1323 adductis
627 1288 756 1322 ι10611111
780 1288 954 1333 Campano
975 1285 1181 1331 provinciali
1207 1289 1339 1331 septem
1361 1297 1402 1321 ex
1423 1284 1526 1320 Italia
1544 1285 1654 1319 Sociis
1673 1297 1679 1319 :
1702 1285 1794 1320 inter
1812 1298 1871 1320 eos
1896 1287 1930 1332 (1)
1951 1287 2074 1323 Fabri-

451 1351 503 1385 cio
525 1350 755 1389 Pallavieino‚
778 1349 853 1383 viro
875 1360 893 1383 e
919 1347 1109 1394 perillustri
1130 1347 1365 1382 Genuensium
1390 1349 1615 1393 patriciorum
1641 1349 1775 1384 familia
1807 1354 1894 1385 orto.
1913 1351 2076 1387 Philoso-

450 1414 568 1460 phiam
588 1414 644 1448 hic
666 1424 796 1459 magna
814 1424 892 1447 cum
914 1411 1018 1446 laude
1044 1411 1213 1456 magister
1235 1410 1421 1456 explicavit
1442 1410 1638 1445 Posnaniae.
1662 1411 1846 1446 Vax-sarire
1866 1412 1901 1446 in
1928 1413 2077 1448 comiti1s

453 1476 651 1522 Stephanus
678 1487 752 1515 rex,
774 1476 816 1509 de
840 1473 1077 1509 confirmando
1106 1473 1309 1508 Polocensis
1337 1473 1484 1519 Collegii
1511 1484 1531 1508 a
1550 1485 1586 1508 se
1605 1474 1747 1513 conditi,
1777 1478 1869 1509 statu
1893 1475 2013 1510 retulit
2031 1476 2076 1510 ad

452 1539 646 1579 consilium,
670 1550 710 1573 ac
730 1538 939 1573 Societatem
959 1536 994 1582 (2)
1012 1536 1061 1570 sic
1080 1535 1336 1570 commendavit
1357 1536 1503 1577 civibus,
1530 1539 1568 1570 ut
1583 1540 1798 1582 quantopere
1822 1548 1901 1572 eam
1926 1542 2073 1579 amaret,

452 1601 529 1648 ipsa
551 1602 657 1637 etiam
680 1601 791 1635 oratio
816 1611 881 1635 sua
909 1599 1014 1633 index
1041 1603 1142 1633 esset.
1176 1598 1227 1632 De
1258 1597 1400 1643 negotio
1429 1597 1611 1632 Polocensi
1641 1609 1764 1643 agens,
1795 1599 1971 1644 professus
2000 1604 2074 1643 est,

452 1669 607 1712 ereptam
626 1665 693 1700 sibi
709 1666 818 1699 vitam
835 1664 952 1702 malle,
974 1674 1077 1709 quam
1096 1672 1166 1695 non
1186 1660 1260 1706 ejus
1279 1660 1349 1693 voti
1364 1659 1417 1693 sui
1436 1659 1510 1694 fieri
1529 1664 1737 1705 compotem.
1760 1660 1842 1695 Non
1861 1662 2076 1701 concessisse

452 1729 562 1775 regiae
580 1727 750 1762 voluntati
770 1738 840 1761 non
859 1726 972 1773 potuit
994 1725 1173 1759 hominum
1192 1722 1336 1757 invidia.
1358 1722 1482 1767 Neque
1507 1721 1759 1757 Polocensibus
1777 1726 1913 1758 tantum
1932 1724 2075 1759 donatio

452 1790 549 1836 regia
584 1789 698 1835 gentis
723 1799 894 1823 consensu
916 1787 1133 1825 confirmata,
1152 1785 1211 1820 sed
1232 1785 1266 1830 (3)
1286 1783 1513 1818 Vilnensibus
1530 1783 1633 1818 etiam
1651 1783 1853 1819 Academiae
1871 1785 2073 1832 privilegia;

453 1865 516 1900 per
538 1865 616 1899 quae
641 1855 780 1887 cautum
810 1856 864 1886 est
892 1864 899 1885 :
929 1862 970 1885 ne
1002 1848 1194 1884 Academia
1224 1847 1434 1882 cancellario
1468 1849 1625 1883 subesset
1649 1854 1793 1885 externo
1822 1863 1828 1884 :
1860 1862 1902 1886 ne
1930 1852 2076 1898 Collegii

454 1915 588 1962 praedia
610 1914 792 1960 stipendiis
819 1917 935 1949 essent
958 1911 1167 1946 militaribus
1199 1910 1403 1956 stativisque
1426 1910 1590 1945 obnoxia.
1615 1911 1722 1957 quue
1748 1913 1856 1958 ipsius
1879 1925 1963 1948 cura
1982 1915 2076 1960 prin—

455 1978 541 2024 cipis
571 1976 749 2015 effectum,
784 1975 897 2011 Sociis
917 1975 953 2009 in
975 1986 1037 2009 suo
1067 1972 1209 2018 negotio
1232 1972 1468 2012 cessantibus;
1502 1983 1614 2018 neque
1645 1973 1687 2007 de
1711 1974 1764 2008 his
1793 1974 1987 2016 laborabat,
2017 1977 2076 2023 qui

456 2043 624 2077 intererat
641 2039 826 2075 conventui
842 2038 889 2083 (4),
908 2037 1050 2072 nuntius
1071 2048 1091 2071 a
1105 2034 1267 2081 pontifice
1287 2034 1500 2069 possevinus
1516 2047 1522 2075 ;
1541 2034 1620 2068 aliis
1640 2036 1780 2070 omnino
1796 2036 1853 2071 ille
1873 2037 2073 2080 distractus,

457 2115 535 2149 quae
554 2102 688 2137 scilicet
716 2100 909 2146 Gregorius
933 2099 975 2133 de
1000 2098 1171 2143 religione
1204 2094 1377 2131 catholica
1408 2095 1472 2129 sibi
1497 2096 1786 2131 commendasset.
1814 2097 1858 2132 Et
1885 2098 2075 2133 Possevino

458 2166 492 2200 in
512 2165 585 2211 ejus
609 2164 713 2199 etiam
732 2157 978 2210 procuratione
1000 2161 1134 2206 negotii
1154 2159 1299 2194 multum
1317 2158 1380 2192 fuit
1398 2157 1552 2198 invidiae,
1573 2159 1663 2203 quod
1686 2159 1905 2205 imperiosius
1924 2161 2075 2196 Romani

458 2227 638 2263 Pontificis
662 2226 802 2261 nomine
821 2236 938 2271 agere,
961 2222 1168 2269 quibusdam
1191 2221 1388 2259 videbatur,
1421 2220 1517 2265 isque
1546 2221 1659 2260 1101110,
1688 2222 1723 2255 111
1751 2222 1882 2256 Ordine
1909 2234 1971 2256 suo
1999 2235 2075 2257 611111

458 2292 663 2336 paupertate
682 2287 912 2322 humilitatem
931 2285 1122 2332 professus,
1144 2294 1185 2318 ea
1204 2283 1316 2317 obiret
1339 2293 1490 2321 munera,
1511 2294 1590 2328 quae
1607 2283 1691 2317 viris
1711 2284 1900 2329 superioris
1916 2285 2021 2319 etiam
2040 2285 2073 2318 in

460 2351 616 2386 Ecclesia
641 2349 795 2384 subsellii
813 2349 928 2384 forent
950 2347 1162 2387 honorifica;
1189 2345 1349 2392 quodque
1371 2345 1506 2380 felicius
1539 2358 1686 2392 operosa
1709 2352 1744 2383 et
1770 2348 1878 2383 multa
1900 2361 1989 2383 unus
2017 2361 2076 2384 ne-

460 2414 556 2460 gotia
583 2412 807 2458 transigeret,
832 2422 935 2456 quam
957 2410 1012 2445 vel
1035 2409 1251 2454 susciperent
1269 2406 1399 2453 plures.
1427 2408 1531 2449 Hinc,
1560 2409 1649 2454 quod
1679 2410 1844 2456 consequi
1870 2410 1958 2445 solet
1988 2411 2074 2445 invi-

499 2488 541 2528 (1)
566 2489 595 2516 Ρ.
615 2487 799 2515 pallavicinus
816 2486 897 2513 docet
914 2485 1118 2521 philosophiam
1137 2483 1289 2511 rosnanioe
1317 2499 1351 2502 —
1370 2483 1406 2518 (⁹2)
1433 2483 1596 2511 Poloccnsis
1614 2484 1731 2519 Collegii
1752 2486 1875 2512 fundatio
1899 2486 2071 2514 confirmata.

461 2560 494 2563 —
508 2543 549 2579 (3)
573 2542 711 2570 Vilnensis
732 2541 889 2569 Academia}
906 2538 1061 2576 privilegia.
1077 2554 1116 2559 —-
1131 2536 1174 2575 (4)
1199 2537 1342 2564 possevini
1367 2537 1462 2574 Legati
1478 2545 1551 2565 curae
1567 2539 1689 2565 subeunt
1707 2539 1848 2566 invidiam.
