2184 2953
637 289 744 318 LIBER
767 287 923 317 DECIMUS
945 287 1154 324 (1650-1664).
1661 286 1719 318 367

111 382 260 430 scripsit,
281 395 421 420 suorum
436 384 496 419 illa
511 387 590 419 sunt
609 395 742 418 morum
761 382 978 417 documenta.
1001 379 1233 415 Existimabat
1251 378 1416 425 prudens,
1437 378 1473 413 in
1491 380 1607 426 parvis
1627 391 1722 427 saepe

111 457 166 481 res
181 447 269 482 verti
288 458 436 494 magnas
454 461 461 489 ;
483 446 773 494 quemadmodum
800 446 835 479 in
862 443 1056 483 stillicidiis,
1081 442 1173 488 quod
1200 445 1317 476 monet
1338 441 1497 487 Sapiens,
1519 442 1722 477 humiliatur

111 509 348 555 contignatio:
370 511 420 544 ita
433 510 467 544 in
482 510 554 544 vita
573 509 736 550 hominis,
753 507 902 542 maxime
921 505 1090 551 religiosi,
1112 505 1221 551 prima
1241 515 1304 538 sua
1318 504 1410 538 bona
1433 504 1622 545 molimina,
1644 516 1722 551 par-

111 581 231 605 varum
254 571 469 618 negligentia
495 583 621 612 rerum,
653 570 795 605 dissolvi
825 569 1004 615 paulatim,
1040 567 1228 616 inclinare,
1257 577 1298 601 ac
1329 566 1477 612 denique
1509 567 1646 601 collabi.
1683 567 1723 602 ld

111 631 298 678 aliquando
334 634 492 680 exemplo
529 634 633 668 etiam
668 632 801 667 monuit
831 630 1000 666 Nicolaus
1037 628 1231 675 Collegium
1269 639 1368 663 suum
1403 628 1539 662 Calissii
1561 641 1568 663 ι
1594 629 1724 664 leviore

111 694 249 739 quidem
274 695 347 737 illo,
382 696 426 730 ad
457 695 689 741 oljrjiciendum
712 698 830 729 tamen
860 693 1021 739 ingenuis
1052 695 1181 727 metum
1212 690 1348 725 idoneo.
1373 690 1514 724 Prunus
1541 694 1614 725 erat
1633 691 1724 726 intra

111 760 209 802 Septa
228 756 349 792 (lomus
366 758 548 803 frugifera.
567 757 622 791 Ad
641 768 785 792 uvarum
804 758 1025 802 conspectum
1045 754 1177 788 esurire
1187 753 1354 799 juvenum
1372 752 1512 798 aliquis,
1534 756 1568 787 et
1581 764 1724 799 carpere

109 816 298 854 deciduas:
333 820 570 866 deprehensus
603 819 638 853 in
667 819 735 853 ista
764 817 939 853 vindemia
966 816 1131 862 legulus:
1166 815 1225 849 ille
1249 814 1398 861 quidem,
1417 818 1454 848 ut
1472 818 1547 849 erat
1564 815 1722 860 pudicus,

106 880 183 927 ipsa
200 881 410 916 verecundia
435 881 519 916 satis
550 892 736 927 poenarum
761 879 881 914 dedit:
916 890 1048 925 prunus
1076 889 1159 912 vero
1191 876 1314 912 eodem
1345 877 1453 912 ferme
1485 876 1552 916 die,
1586 876 1725 911 Nicolai

107 943 198 979 dicto
217 948 371 991 perusta,
395 944 543 980 exaruit.
568 945 622 979 Ita
640 944 697 979 hic
716 955 759 979 ne
778 943 997 978 arbusculam
1016 941 1154 988 quidem
1172 941 1207 975 in
1221 941 1324 975 horto
1343 952 1405 975 suo
1420 940 1489 986 pati
1505 941 1629 986 potuit,
1647 953 1725 986 quae

107 1006 364 1042 adolescentem
383 1006 567 1042 dulcedine
585 1007 718 1041 fructus
736 1005 781 1040 ad
799 1005 948 1051 culpam,
966 1004 1105 1039 tametsi
1123 1003 1235 1038 levem
1254 1003 1354 1044 adeo,
1385 1002 1578 1049 pellexerit.
1609 1003 1726 1038 Nullis

108 1066 224 1104 induci
244 1081 396 1115 unquam
411 1069 524 1104 causis
538 1069 661 1115 potuit,
681 1072 717 1103 ut
732 1067 883 1113 aliquam
899 1067 1049 1102 instituti
1064 1065 1117 1101 sui
1134 1065 1337 1112 particulam
1352 1068 1489 1111 putaret
1501 1064 1701 1099 violandam
1716 1077 1722 1099 :

106 1130 140 1165 id
159 1132 249 1178 quod
264 1143 373 1178 nuper
397 1131 501 1166 etiam
516 1130 632 1177 palam
650 1130 731 1165 fecit
746 1129 961 1176 proceribus.

148 1193 386 1228 Conciliandae
415 1196 516 1228 erant
546 1192 728 1227 Vladislao
755 1192 832 1237 regi
866 1191 995 1237 nuptiae
1032 1202 1108 1225 cum
1136 1200 1264 1236 sponsa
1295 1201 1338 1224 ex
1367 1187 1499 1223 familia
1530 1188 1722 1229 liaei‘etica;

106 1256 285 1301 pronubis,
300 1256 497 1290 hominibus
512 1255 663 1301 partium
679 1254 937 1293 haereticarmm
958 1252 1123 1287 factiosis.
1147 1252 1187 1287 In
1206 1252 1273 1286 hoc
1303 1252 1485 1286 consilium
1508 1263 1569 1286 rex
1588 1263 1723 1298 quoque

105 1318 202 1352 visus
222 1317 430 1359 inclinassc;
453 1317 481 1352 si
497 1316 635 1362 quidem
654 1320 771 1351 tamen
790 1316 864 1361 ejus
891 1314 1055 1349 connubii
1074 1313 1176 1348 venia
1194 1325 1216 1348 a
1246 1313 1407 1348 Romano
1431 1313 1601 1348 Pontifice
1631 1317 1724 1348 essct

104 1379 346 1426 impetrabilis.
366 1379 541 1425 Deligitur
566 1379 671 1424 hujus
690 1381 894 1423 procurator
914 1376 1046 1422 negotii
1066 1376 1263 1416 Laueieius,
1298 1374 1469 1410 Romanis
1497 1375 1585 1410 benc
1604 1378 1721 1415 notus,

106 1445 141 1477 et
159 1441 337 1487 gratiosus
369 1441 463 1488 apud
495 1441 690 1476 antistites.
727 1440 884 1474 Recusat
909 1438 1099 1484 legationis
1132 1449 1257 1472 munus
1276 1437 1346 1478 ille,
1380 1441 1547 1483 tanquam
1566 1437 1724 1472 instituto

105 1515 167 1539 suo
187 1504 366 1544 alienum3
396 1503 499 1549 idque
532 1515 551 1538 e
577 1503 695 1538 codice
722 1502 841 1547 legum
875 1500 1017 1535 Ordinis
1052 1500 1106 1534 sui
1137 1500 1344 1539 confirmat,
1376 1500 1524 1535 maxime
1551 1500 1642 1546 quod
1677 1500 1725 1534 ita

105 1565 286 1612 religionis
300 1577 407 1600 causa
425 1565 633 1600 intercedat.
658 1565 732 1603 Quo
752 1574 921 1609 responso
938 1561 1131 1597 catholicus
1149 1562 1310 1608 princeps
1327 1562 1436 1596 sensit
1463 1573 1500 1596 se
1528 1562 1696 1596 monitum
1715 1574 1721 1596 ε

104 1629 261 1665 laudavit
297 1630 410 1664 virum
431 1643 437 1671 ;
478 1629 627 1664 mutavit
675 1627 869 1663 consilium.
909 1626 1042 1661 Multos
1077 1625 1261 1672 praeceptis
1297 1625 1510 1660 salutaribus
1545 1625 1695 1660 instituit
1713 1638 1719 1659 :

105 1691 232 1726 multos
251 1691 399 1726 correxit
418 1691 461 1725 ad
481 1691 616 1736 frugem
636 1702 641 1724 :
665 1689 832 1735 quosdam
852 1689 896 1723 ad
917 1688 1091 1733 insignem
1110 1687 1215 1722 etiam
1238 1687 1410 1733 promovit
1441 1687 1717 1722 sanctimoniam.

107 1754 339 1793 Quamobrem
374 1753 569 1788 invidiosus
587 1753 652 1787 suit
672 1752 759 1786 adeo
779 1751 923 1785 humani
943 1750 1084 1795 generis
1104 1750 1275 1789 hostibus,
1297 1754 1336 1784 ut
1357 1760 1401 1784 ne
1427 1762 1555 1785 nomen
1585 1749 1722 1796 quidem

107 1816 260 1851 Lancicii
278 1819 493 1862 paterentur,
519 1815 649 1860 eisque,
671 1814 729 1860 qui
748 1813 841 1848 hunc
860 1812 1057 1852 laudarent,
1075 1823 1161 1857 quas
1194 1815 1350 1857 possent,
1377 1815 1535 1846 crearent
1565 1811 1718 1847 fraudes.

106 1879 180 1917 Quo
199 1879 356 1925 pluribus
376 1877 491 1913 studio
508 1877 690 1923 prodesset
705 1887 781 1917 suo,
803 1875 913 1909 libros
931 1874 1149 1919 conscripsit,
1181 1872 1347 1908 doctrinae
1374 1873 1496 1920 plenos
1529 1873 1692 1909 salutaris
1711 1887 1718 1915 ;

106 1940 238 1986 aliquot
256 1940 424 1986 opuscula
443 1951 506 1974 sna
524 1940 560 1974 in
578 1939 655 1974 luce
675 1942 755 1973 sunt
773 1950 778 1971 :
802 1937 902 1983 plura
921 1937 955 1970 in
983 1936 1096 1970 reditu
1123 1947 1165 1970 ex
1193 1935 1297 1970 Italia
1322 1936 1451 1976 amisit,
1481 1947 1502 1970 a
1524 1935 1719 1971 latronibus

106 2002 287 2048 spoliatus.
310 2002 487 2037 Virtutum
507 2001 543 2036 in
561 2001 637 2036 viro
652 2000 729 2035 laus
748 1999 858 2034 multa
876 2012 883 2040 ;
905 2009 1050 2044 quarum
1070 1997 1128 2032 hic
1146 1997 1223 2032 haec
1254 2008 1388 2032 summa
1415 1997 1469 2032 sit.
1500 2000 1628 2033 Amore
1656 1998 1720 2033 Dei

106 2063 258 2110 flagrare
277 2064 370 2099 visus
389 2068 555 2111 perpetuo
575 2076 582 2098 2
604 2062 760 2110 patiendi
791 2066 825 2097 et
849 2062 938 2096 bene
969 2059 1125 2095 merendi
1151 2059 1217 2093 fuit.
1246 2059 1455 2105 percupidus
1474 2072 1481 2101 ;
1503 2061 1719 2106 paupertatis

106 2125 283 2172 religiosae
329 2137 452 2161 amans
503 2125 690 2161 admodum
734 2128 836 2170 atque
882 2123 1082 2157 observans.
1126 2121 1351 2167 Virginitatis
1394 2121 1514 2156 florem
1566 2123 1719 2157 servavit

106 2187 307 2234 integrum·,
340 2201 442 2224 noxae
464 2188 574 2223 omnis
601 2187 797 2227 fastidiens,
832 2185 989 2232 pluribus
1010 2188 1092 2218 ante
1120 2183 1251 2218 obitum
1280 2184 1381 2218 annis
1405 2195 1445 2218 eo
1471 2195 1508 2219 se
1533 2184 1719 2220 obstrinxit

106 2253 199 2291 voto,
234 2254 271 2285 ut
301 2262 345 2285 ne
374 2250 486 2285 levem
520 2250 659 2296 quidem
685 2249 821 2296 culpam
854 2247 966 2283 sciens
997 2246 1219 2292 prudensque
1251 2245 1475 2281 admitteret:
1509 2246 1589 2282 hinc
1616 2247 1718 2283 facile

107 2316 252 2347 caeteras
271 2313 394 2348 laudes
413 2313 574 2359 colligas.

155 2375 256 2410 Anno
282 2377 387 2417 1639,
408 2377 507 2412 hoste
542 2375 747 2411 Bohemiam
778 2373 978 2420 populante,
995 2370 1097 2417 jussu
1124 2371 1271 2406 rectoris
1302 2370 1523 2418 migrandum
1551 2377 1626 2408 erat
1653 2373 1716 2409 Ni-

107 2437 205 2473 colao
238 2450 315 2474 cum
338 2440 448 2474 tribus
485 2439 595 2474 Sociis
630 2437 875 2474 Novodomum
907 2434 1170 2479 Guttcmbergo.
1204 2434 1386 2469 Praescivit
1418 2436 1562 2476 monitu,
1597 2436 1713 2479 credo,

108 2499 238 2543 divino,
260 2502 326 2537 iter
346 2502 412 2537 sibi
430 2501 593 2537 infestum
622 2500 696 2536 fore
715 2512 721 2535 :
739 2501 998 2535 contracturum
1026 2507 1063 2532 se
1082 2496 1116 2530 in
1147 2496 1204 2531 via
1230 2496 1368 2543 insigne
1387 2496 1550 2533 damnum
1570 2510 1576 2533 :
1600 2499 1718 2534 interi-

1751 389 1814 416 1653

1751 428 1820 455 Cura
1834 430 1882 456 mi-

1749 476 1889 495 ulmorum.

1752 1201 1897 1229 observan—

1747 1245 1787 1271 tia
1809 1245 1865 1270 reli-

1747 1284 1814 1318 giosi
1833 1284 1871 1309 in-

1747 1320 1846 1348 stituti.

1748 1877 1823 1904 Libri
1842 1878 1883 1904 sui

1747 1918 1863 1945 ascetici.

1747 2150 1853 2176 Summa

1747 2189 1834 2223 elogii.

1746 2423 1848 2450 Futura

1746 2463 1893 2497 praenoscit3

1747 2514 1771 2533 v.
1781 2506 1807 2532 et
1816 2504 1892 2532 infra-
