2184 2953
210 404 271 431 1567

207 845 270 871 Vita
283 845 356 871 Stan.

210 884 320 911 Kostka.

206 923 349 950 Rostkovia

206 963 331 997 patrimo-

205 1004 277 1030 nium
300 1004 357 1030 Sta-

207 1045 291 1072 nislai.

208 1389 341 1422 Imagines

208 1428 303 1463 gratiis
313 1429 358 1454 111-

208 1468 305 1500 signes.

378 310 416 341 16
745 307 1020 338 LITUANICARUM
1045 306 1257 336 SOCIETATIS
1278 306 1363 335 JESU
1388 305 1639 334 HISTORIARUM

378 400 513 436 uxoriae
531 410 782 446 possessorem,
805 399 978 446 excipias;
1004 410 1117 444 neque
1134 398 1227 433 hunc
1246 396 1386 443 quidem
1412 396 1524 431 bonus
1546 398 1665 443 pastor
1691 394 1782 430 inter
1809 405 1892 429 oves
1918 405 2000 429 suas

376 475 501 510 passus
518 467 594 499 est:
617 463 734 498 oblato
756 464 853 510 justo
872 463 997 510 pretio,
1019 461 1162 497 noxium
1186 460 1362 495 hominem
1390 459 1530 493 amovit.
1560 457 1745 504 Templum
1773 456 1904 492 Plociae
1931 455 2002 502 pri-

376 526 534 566 marium,
555 528 693 560 veteres
723 525 906 560 demolitus
937 525 1141 571 parietinas,
1163 529 1189 558 e'
1200 522 1384 557 ruderibus
1413 520 1601 562 excitavit3
1624 520 1707 555 alibi
1736 519 1856 553 domos
1883 529 2003 553 sacras

376 587 431 622 vel
451 587 637 622 aedificavit
655 587 710 622 vel
732 587 865 623 refecit.
887 586 997 621 Sociis
1017 585 1229 620 domicilium
1248 582 1424 618 Pultoviae
1452 585 1634 628 certosque
1662 581 1818 616 redditus
1845 580 2003 626 assigna-

375 650 436 692 vit,
470 661 511 685 ac
544 650 725 686 stabilivit.
756 649 956 685 Communis
985 648 1077 683 idem
1111 646 1289 692 egentium
1319 648 1432 692 pater,
1462 644 1598 691 injuriis
1626 643 1861 678 laborantium
1894 646 2000 682 tutor,

376 711 546 746 bonorum
567 712 633 746 sibi
653 712 917 747 commissorum
936 710 1090 757 prudens
1119 709 1353 754 dispensator,
1371 707 1507 754 jurium
1535 707 1852 742 ecclesiasticorum
1876 716 2004 752 propu-

380 778 507 820 gnator
525 774 729 809 acerrimus.
747 773 894 808 Praefuit
910 772 1052 807 dioecesi
1068 770 1232 806 Plocensi
1247 771 1334 805 duos
1355 774 1388 805 et
1407 770 1532 816 viginti
1546 781 1670 804 annos.

432 836 460 870 Ε
480 837 643 871 Romano
651 840 815 883 tyronum
832 834 1017 870 Societatis
1034 832 1210 868 domicilio
1222 832 1267 866 ad
1283 832 1420 867 beatam
1435 832 1561 866 civium
1585 830 1837 866 immortalium
1853 831 2006 877 patriam

381 898 520 933 transiit
539 910 629 933 anno
645 898 767 932 salutis
790 900 964 943 reparatae
988 896 1092 936 1568,
1112 896 1194 930 19Πιο
1220 894 1392 930 kalendas
1412 894 1640 941 septembres,
1666 893 1821 940 religiosi
1845 893 2007 940 tyrocinii

382 971 500 994 mense
519 960 665 1001 decimo,
689 960 810 995 beatus
830 962 949 993 noster
967 957 1159 1004 popularis,
1179 956 1376 992 Stanislaus
1397 956 1549 991 Kostka.
1572 956 1657 990 Tria
1676 960 1757 990 sunt
1774 955 1952 1001 praecipua
1970 954 2007 988 in

381 1022 448 1057 hac
466 1022 645 1068 provincia
673 1021 842 1057 carissimi
861 1021 945 1055 civis
964 1022 1213 1054 monumenta:
1232 1018 1267 1052 in
1294 1018 1428 1064 primis,
1458 1018 1603 1063 antiqua
1630 1017 1690 1051 illa
1720 1016 1939 1051 Kostkarum
1967 1027 2007 1050 ac

381 1085 495 1131 patria
513 1084 626 1125 sedes,
648 1084 683 1118 in
711 1083 928 1119 Zakrocimia
955 1081 1126 1117 Masoviae
1145 1080 1370 1127 provinciola,
1394 1080 1604 1120 Rostkovia,
1626 1080 1723 1114 locus
1752 1078 1856 1113 hodie
1881 1077 2008 1112 divinis

381 1146 532 1193 inclytus
550 1146 728 1181 beneficiis
747 1158 753 1180 ε
773 1146 829 1180 1110
844 1145 1042 1181 Stanislaus
1057 1148 1174 1184 natus,
1197 1143 1433 1188 educatusque
1453 1141 1551 1175 annis
1570 1140 1782 1175 rudioribus.
1803 1139 2007 1173 Haeredium

381 1208 460 1249 hoc,
482 1220 500 1244 e
528 1208 722 1243 latifundiis
742 1208 909 1242 Stanislai
927 1206 1083 1253 paternis
1105 1205 1301 1241 Lituanicae
1319 1216 1431 1250 nuper
1450 1204 1575 1249 obtigit
1601 1203 1801 1249 provinciae.
1824 1201 2007 1247 Templum

379 1270 436 1305 hic
453 1270 556 1305 beato
576 1270 708 1304 haeredi
734 1269 924 1310 conditum,
946 1271 1158 1315 procurante
1186 1265 1422 1302 Pultoviensis
1450 1265 1597 1311 Collegii
1624 1268 1772 1303 rectore,
1802 1263 1885 1298 anni
1915 1263 2007 1297 1744

380 1332 524 1367 kalend.
547 1331 661 1367 sextil.
679 1331 799 1378 populi
818 1331 968 1376 undique
987 1330 1226 1366 concurrentis
1245 1328 1440 1364 celebritati
1459 1328 1715 1374 apertum.Duo
1735 1326 1772 1360 in
1786 1326 1908 1360 eadem
1927 1336 2006 1370 pro-

382 1393 498 1427 vincia
526 1393 758 1428 observantur
784 1403 867 1427 cara
894 1392 1063 1427 Stanislai
1088 1393 1250 1438 pignora,
1273 1390 1369 1425 miris
1394 1389 1647 1424 commendatae
1668 1388 1778 1434 signis
1806 1387 2003 1433 imagines:

384 1455 568 1502 Kaczycis‚
590 1455 626 1490 in
650 1455 773 1489 villula
787 1455 1023 1490 Pultoviensis
1048 1454 1208 1500 Collegii,
1229 1453 1354 1493 altera,
1374 1452 1498 1492 altera,
1521 1451 1557 1486 in
1576 1450 1701 1485 sacello
1719 1449 2006 1485 Academicorum

383 1518 578 1559 Sodalium,
608 1518 742 1559 Vilnae3
760 1522 865 1564 atque
891 1517 968 1552 haec
987 1517 1127 1563 quidem
1146 1517 1289 1551 Urbano
1311 1516 1397 1550 VIII
1424 1513 1594 1549 pontifice
1621 1512 1769 1548 antistiti
1786 1512 2006 1547 Vilnensium

382 1581 535 1627 Georgio
555 1581 792 1628 Tyszliievi02‚
814 1585 898 1615 tunc
924 1580 1038 1614 adhuc
1057 1579 1315 1625 Samogitarum
1348 1577 1524 1624 episcopo,
1547 1587 1568 1610 a
1588 1575 1769 1610 Vladislao
1790 1575 1840 1609 IV
1859 1586 1943 1621 rege
1962 1575 2007 1609 ad

382 1643 512 1678 Urbem
541 1643 675 1689 Legato
703 1644 772 1690 (an.
807 1642 921 1689 1638),
944 1654 965 1677 a
992 1641 1146 1687 Georgio
1173 1639 1391 1676 Academicis
1417 1638 1545 1673 oblata.
1578 1638 1692 1678 Hanc,
1724 1649 1787 1683 pro
1815 1648 1878 1671 suo
1909 1636 2007 1682 quasi

380 1704 533 1751 palladio
553 1705 720 1746 habitam,
743 1704 942 1747 Vilnenses,
965 1704 1111 1738 ardente
1133 1703 1225 1738 bello
1244 1701 1484 1741 Moscovitico,
1506 1700 1709 1734 Dantiscum
1736 1699 1975 1733 subduxerant
1997 1711 2003 1732 :

381 1767 557 1807 restincto,
580 1767 720 1802 domum
739 1768 809 1814 (an.
835 1766 937 1812 1666)
964 1765 1170 1801 retulerunt.
1194 1764 1372 1800 Beneficia
1402 1762 1569 1798 Stanislai
1597 1762 1631 1796 in
1660 1761 1825 1796 mortales
1856 1761 1900 1795 ad
1930 1772 2007 1796 eam

381 1830 570 1876 imaginem
589 1830 714 1865 crebra
737 1833 819 1864 sunt
837 1834 871 1864 et
897 1828 1063 1874 insignia.
1082 1828 1131 1862 Ut
1148 1827 1218 1862 alia
1238 1827 1407 1867 omittam,
1426 1825 1574 1860 relatam
1594 1836 1687 1859 anno
1712 1824 1803 1859 1675
1821 1835 1864 1859 ex
1883 1823 2008 1857 Turcis

381 1892 563 1927 victoriam
582 1904 644 1928 rex
665 1891 879 1927 Polonorum
905 1891 1063 1925 ἱ1011111100
1083 1891 1148 1930 III,
1167 1890 1237 1924 dux
1256 1888 1471 1924 exercituum
1490 1899 1532 1923 ea
1552 1890 1773 1933 tempestate,
1791 1887 1894 1932 hujus
1912 1885 2006 1921 beati

381 1955 573 2001 patrocinio
593 1954 721 1990 debere
740 1966 788 1994 se,
810 1953 1009 1999 professus;
1031 1953 1086 1987 cui
1104 1953 1279 1987 fortunam
1298 1951 1379 1985 belli
1398 1950 1536 1985 hortatu
1561 1961 1623 1984 suo
1647 1961 1708 1995 per
1735 1948 2006 1995 supplicationes

381 2016 581 2051 Academici
598 2016 745 2051 Sodales
768 2015 1063 2056 commendarent,
1092 2026 1196 2060 quam
1214 2014 1273 2048 diu
1291 2013 1465 2048 exercitus
1480 2009 1682 2047 versaretur
1700 2011 1736 2045 in
1750 2010 1842 2051 acie,
1860 2010 1895 2044 id
1915 2009 2006 2055 quod

382 2078 474 2124 apud
508 2078 649 2113 eosdem
677 2077 817 2123 reliquit
854 2080 1018 2112 testatum
1055 2076 1156 2111 donis
1190 2075 1386 2121 insignibus
1422 2073 1577 2109 Michael
1608 2074 1693 2113 Pac,
1728 2072 1799 2106 dux
1833 2071 2006 2106 exercitus

384 2139 569 2175 Lituanici.

433 2205 500 2244 Qui
520 2205 687 2240 Stanislai
705 2205 811 2239 vitam
828 2195 1178 2250 perscripsit'italicffi
1201 2199 1446 2235 animadvertit
1466 2198 1553 2232 illud
1571 2196 1696 2232 Daniel
1715 2195 1891 2236 Bartolus,
1914 2195 2005 2241 quod

383 2272 457 2302 tum
486 2267 606 2302 Socios
636 2267 764 2312 gaudio
784 2266 912 2301 afficiat
938 2276 1079 2311 magno,
1102 2266 1251 2310 oportet,
1273 2272 1405 2302 omnes,
1427 2264 1501 2294 tuin
1528 2263 1700 2294 nostrates
1728 2257 1899 2303 compleat
1917 2269 2006 2303 pra}-

383 2331 496 2376 cipue.
521 2344 536 2357 a
560 2329 640 2369 Hic,
661 2329 771 2374 inquit
798 2328 869 2369 ille,
891 2328 1073 2363 considero
1096 2324 1302 2361 admirabile
1324 2323 1452 2358 divinze
1478 2321 1713 2357 Providentiae
1732 2319 1915 2355 consilium
1935 2320 1971 2365 (1)
1995 2332 2001 2353 :

386 2408 402 2422 α
423 2393 538 2439 ipsum
566 2392 782 2428 Stanislaum
815 2403 833 2426 e
865 2391 1042 2426 Societate
1068 2389 1222 2425 omnium
1245 2399 1321 2423 esse
1345 2387 1508 2433 primum,
1530 2385 1587 2432 qui
1614 2388 1770 2419 mortuus
1789 2384 1833 2418 sit
1852 2383 2005 2418 novitius

386 2469 401 2484 κ
424 2455 525 2503 (adde
548 2467 555 2489 :
576 2454 675 2501 isque
701 2466 744 2490 ea
774 2465 838 2489 sua
858 2453 1030 2498 aetatula),
1047 2452 1106 2499 qui
1132 2450 1289 2498 sepultus
1317 2449 1362 2484 sit
1389 2449 1513 2483 Rom-„e
1542 2448 1651 2494 (isque
1677 2446 1839 2491 advena);
1867 2457 1910 2480 ex
1937 2456 2004 2491 quo

427 2557 465 2593 (1)
483 2556 514 2584 1³.
533 2557 633 2585 Adalb.
649 2556 797 2590 'syllsovski
815 2556 840 2582 in
859 2554 918 2583 Vita
935 2553 967 2583 Β.
984 2553 1114 2582 Stanislai
1131 2553 1156 2580 in
1173 2552 1268 2586 polon.
1287 2531 1448 2579 conversas
