2184 2953
357 297 416 330 422
1047 297 1281 327 APPENDICES.

364 405 554 451 magister:
576 405 715 451 adjutor
730 404 813 439 item
837 404 1043 439 salutarium
1055 416 1199 451 operum
1213 405 1445 450 metropolitae
1465 404 1608 439 Russiae
1626 403 1811 438 Velamino
1831 402 1983 438 Ruckio.

364 461 527 496 Mortuus
555 461 739 496 Varsaviae
772 461 878 501 1626,
906 460 953 495 22
979 460 1068 496 febr.
1093 462 1212 496 Edidit
1227 461 1423 507 elegantem
1444 461 1658 501 concionem,
1676 460 1881 506 inscriptam
1913 459 1986 509 Ko-

361 516 479 552 lenda.
498 517 694 552 Transtulit
712 529 754 552 ex
773 515 882 550 latino
902 515 935 549 in
949 516 1065 561 polon.
1089 517 1294 563 opusculum
1315 517 1356 552 P.
1374 516 1578 552 Bellarmini
1596 520 1646 550 De
1659 520 1790 560 yemz'tu
1804 517 1983 550 columbae.

407 585 627 632 Fenner,
649 596 811 625 saronrs,
831 584 1022 625 Masovita,
1054 585 1133 620 Soc.
1156 585 1337 631 ingressus
1361 585 1463 620 1640.
1489 584 1615 619 Docuit
1635 584 1859 618 humaniores
1882 588 1916 619 et
1936 595 1988 618 se-

363 642 515 678 veriores
537 642 684 678 litteras.
715 642 778 675 Vir
809 641 853 675 ad
883 652 939 676 res
959 640 1134 686 gerendas
1163 640 1333 686 singulari
1364 640 1570 686 prudentia;
1598 651 1701 686 quam
1732 640 1890 685 probavit
1916 643 1989 674 tum

363 699 553 744 provinciae
581 698 722 744 negotia
741 700 946 742 procurator
961 696 1253 737 administrando⁷
1272 700 1344 730 tum
1365 696 1559 742 Collegium
1575 696 1714 730 Lomsae
1730 700 1843 730 rector
1858 696 1988 741 guber-

362 754 492 789 nando.
516 755 664 801 Scripsit
675 754 781 801 lyrica
800 758 834 788 et
853 753 983 799 elegias
1003 765 1102 798 :quie
1124 753 1225 799 legas
1252 754 1287 787 in
1317 752 1417 787 libris
1443 752 1582 786 nomine
1607 751 1842 797 Collegiorum
1871 752 1985 792 editis,

362 809 538 856 inscriptis
558 810 688 845 Cursus
702 809 826 855 gloriae
845 808 1053 843 immortalis
1072 813 1106 844 et
1125 809 1262 855 Sagitta
1281 808 1516 843 Rudniciana.

414 876 756 923 GinkieWicz,
779 888 949 918 MICHAEL,
981 876 1184 922 Samogita;
1212 877 1255 912 de
1270 888 1337 922 quo
1356 876 1412 911 hic
1426 876 1488 911 lib.
1512 876 1646 918 ultimo,
1661 887 1742 922 pag.
1761 875 1846 917 399,
1869 874 1989 909 Edidit

362 933 542 980 polonice:

367 1006 398 1036 1ο
411 1005 578 1038 Conciones
594 1015 611 1037 a
634 1016 665 1038 se
682 1006 792 1038 dictas.
811 1007 844 1037 2⁰
868 1005 936 1037 Lib.
962 1004 1118 1036 Medicina
1274 1005 1436 1037 sreculares
1445 1005 1623 1046 obligantur
1633 1004 1774 1036 advitam
1787 1012 1858 1035 cum
1873 1003 1988 1043 majore

405 1053 442 1085 de
460 1054 535 1085 coelo
555 1055 659 1086 contra
681 1054 802 1085 morbos
828 1053 961 1094 duplicis
990 1053 1115 1093 linguae.

408 1102 496 1133 1646.
512 1103 544 1133 30
554 1101 719 1133 Conciones
733 1101 877 1132 funebres
891 1110 908 1132 a
923 1110 955 1132 se
970 1100 1069 1131 dictas
1086 1100 1118 1131 in

405 1150 511 1181 funere
527 1150 656 1181 ι1011111113
672 1148 916 1181 Koscielkowski
930 1148 1115 1188 3111101648,

405 1200 436 1229 et
465 1198 497 1228 in
526 1198 630 1228 funere
663 1197 784 1237 Sophiae
811 1197 847 1228 de
879 1196 995 1227 Druck.
1025 1196 1114 1227 1649.

1274 1056 1388 1087 virtute
1413 1056 1595 1087 ducendam.
1615 1055 1724 1087 Vilnae.
1742 1055 1831 1086 1656.
1865 1054 1989 1085 500011-

1273 1106 1374 1138 ciones
1403 1107 1434 1138 in
1460 1107 1606 1146 epistolas
1629 1105 1829 1137 dominicales
1860 1115 1914 1145 per
1939 1115 1989 1136 an-

1272 1163 1356 1184 num.
1382 1155 1414 1185 6⁰
1430 1154 1497 1186 Lib.
1513 1154 1661 1185 Zodiacus
1676 1153 1844 1191 Maria-nus,
1862 1153 1988 1185 Chriso-

1272 1201 1401 1242 logium,
1417 1201 1491 1233 edit.
1505 1210 1582 1233 anno
1596 1202 1685 1233 1617.

403 1245 523 1276 Latine:
542 1247 576 1276 40
591 1245 737 1276 Rationes
751 1245 780 1282 7,
797 1244 834 1275 ob
856 1253 932 1284 quas
945 1243 1117 1275 sacerdotes

415 1311 618 1357 Gorski,
642 1312 716 1346 sive
735 1311 878 1352 Gurski,
915 1322 1038 1349 smoN.
1073 1311 1265 1352 Masovita,
1288 1310 1472 1356 ingressus
1501 1310 1580 1345 Soc.
1602 1309 1707 1345 1589.
1725 1308 1852 1343 Docuit
1871 1307 1988 1343 rheto-

363 1368 485 1409 ricam,
515 1367 785 1414 philosophiam,
808 1371 842 1402 et
870 1366 1051 1413 septennio
1078 1367 1293 1413 theologiam
1328 1366 1582 1401 scholasticam.
1613 1365 1708 1400 Obiit
1728 1364 1912 1399 Varsaviae
1943 1365 1986 1400 19

358 1425 514 1472 januarii
537 1425 641 1460 1616.
664 1424 812 1470 Scripsit
830 1435 891 1470 pro
924 1424 965 1458 P.
996 1424 1103 1459 Petro
1134 1424 1274 1471 Skarga
1292 1423 1609 1458 manifestationem
1637 1421 1862 1468 impudentiae
1884 1421 1986 1456 Aria-

362 1492 500 1522 nomm,
522 1492 615 1515 anno
635 1480 739 1515 1608.

415 1541 710 1587 Grodzicki‚
746 1552 976 1582 smmsmus,
1012 1544 1279 1585 Posnaniensis,
1318 1543 1427 1578 nobili
1461 1553 1591 1589 genere
1622 1544 1739 1581 natus,
1763 1540 1839 1586 jam
1867 1540 1988 1575 doctor

361 1598 551 1645 theologiae
570 1597 735 1632 collectus
750 1597 794 1631 ad
818 1601 947 1632 coetum
961 1599 1172 1634 novitiorum
1192 1600 1379 1636 Societatis
1398 1600 1522 1634 Romae
1548 1610 1640 1633 anno
1665 1598 1768 1638 1571,
1795 1597 1910 1631 aetatis
1924 1597 1984 1632 29.
2009 1596 2017 1603 ”

364 1655 480 1690 Multa
513 1654 586 1700 egit
619 1654 655 1688 in
684 1653 848 1688 Lituania
879 1654 970 1688 inter
1004 1655 1190 1691 haereticos
1222 1656 1402 1702 religionis
1438 1667 1556 1695 causa,
1596 1658 1633 1689 ut
1663 1657 1850 1700 propterea
1881 1653 1987 1699 vulgo

362 1710 537 1746 Lituaniae
571 1709 761 1756 Apostolus
810 1715 1007 1745 vocaretur.
1041 1711 1157 1746 Vilnae
1189 1712 1223 1745 in
1252 1712 1444 1747 Academia
1471 1711 1588 1758 plures
1626 1721 1734 1745 annos
1773 1709 1988 1755 theologiam

362 1766 607 1802 scholasticam
643 1764 822 1811 explicuit.
857 1766 960 1812 Saepe
1000 1778 1077 1800 cum
1120 1767 1295 1802 haereticis
1323 1779 1386 1814 pro
1418 1767 1589 1814 religione
1621 1766 1758 1812 publico
1797 1766 1985 1801 certamine

361 1824 530 1865 conflixit,
561 1833 689 1868 magno
718 1822 852 1868 ingenii
889 1823 1162 1868 eruditionisque
1184 1824 1361 1869 praeconio
1380 1837 1387 1865 ;
1409 1828 1443 1858 et
1478 1835 1581 1870 quam
1616 1822 1855 1857 concionando
1882 1821 1986 1856 fidem

365 1883 577 1919 asseruerat,
599 1879 739 1924 scriptis
765 1891 827 1925 pro
850 1891 888 1914 re
914 1884 999 1915 nata
1023 1880 1281 1915 commentariis
1296 1880 1462 1916 defendit.
1482 1879 1629 1926 Scripsit
1648 1878 1806 1924 polonice
1829 1890 1836 1912 z

370 1952 398 1980 l‘·
421 1949 587 1981 Conciones
604 1948 622 1979 6
648 1947 684 1979 de
707 1957 765 1978 usu
782 1949 968 1980 sacramenti
984 1949 1118 1980 Euchar.
1273 1951 1378 1981 contra
1407 1949 1586 1980 ministrum
1614 1948 1828 1980 Calvinianum
1841 1956 1895 1987 pro
1921 1946 1985 1977 suis

407 2001 464 2031 sub
491 2000 621 2037 utraque
652 1997 763 2037 specie.
792 1998 826 2028 2⁰
846 1997 1012 2029 Conciones
1039 1999 1057 2029 2
1083 1999 1119 2030 de

409 2045 620 2077 emendatione
649 2044 821 2076 kalendarii
862 2045 1055 2086 Gregoriaui.
1087 2048 1119 2077 3⁰

407 2093 544 2134 Regulas
569 2092 641 2124 fidei
664 2092 904 2123 haereticorum:
929 2092 1040 2132 quibus
1067 2093 1119 2124 de-

409 2142 560 2172 monstrat
575 2140 735 2170 haereticos
758 2149 817 2171 non
843 2149 963 2172 sacram
979 2140 1119 2181 Scriptu-

406 2198 482 2225 ram,
499 2188 551 2219 sed
567 2188 614 2219 sui
640 2188 756 2219 cerebri
776 2188 894 2220 somnia
922 2199 975 2229 pro
1002 2189 1118 2230 regulis

407 2238 528 2269 hahere.
556 2238 589 2267 40
612 2237 778 2268 Conciones
807 2238 825 2268 2
857 2237 894 2269 de
930 2239 1117 2278 purgatorio,

407 2294 481 2326 quas
508 2284 618 2315 habuit
644 2284 743 2315 Vilnre
769 2285 799 2315 in
824 2285 960 2325 exequiis
985 2286 1118 2317 duorum

407 2332 590 2374 principum.
633 2333 665 2362 50
691 2331 855 2362 Trutinam
890 2332 1118 2373 psychosophize

1274 1997 1472 2029 concionibus
1515 1996 1552 2027 de
1601 1995 1788 2036 purgatorio.
1833 1994 1921 2026 1592.
1953 1995 1985 2024 6⁰

1272 2044 1486 2084 Evangelium,
1513 2043 1576 2074 sive
1606 2043 1742 2083 dialogos
1768 2042 1854 2076 duos,
1872 2042 1984 2082 quibus

1272 2092 1380 2132 probat
1403 2101 1437 2123 ex
1466 2091 1604 2131 ipsorum
1632 2090 1791 2131 principis,
1824 2090 1983 2121 haereticos

1272 2148 1331 2171 non
1357 2148 1422 2170 esse
1450 2138 1650 2179 evangelicos.
1683 2138 1715 2169 70
1748 2137 1878 2168 Latine:
1904 2136 1983 2168 Con-

1273 2188 1396 2219 cionum
1419 2187 1517 2217 tomos
1543 2186 1561 2217 8
1578 2194 1630 2226 pro
1653 2185 1816 2217 dominicis
1834 2186 1865 2217 et
1895 2184 1983 2216 festis

1273 2235 1369 2266 totius
1385 2234 1467 2265 anni.
1497 2234 1530 2265 80
1555 2233 1722 2265 Conciones
1751 2232 1788 2264 de
1818 2232 1982 2273 probandis

1271 2282 1432 2323 spiritibus
1476 2290 1529 2321 per
1569 2280 1748 2311 missionem
1786 2280 1983 2316 ordinariam,

1267 2330 1431 2364 Cracoviae.
1451 2330 1532 2370 typis
1546 2328 1647 2360 Nicol.
1665 2328 1738 2364 Lob,
1756 2328 1902 2359 an.1607.

420 2386 756 2432 GruZeWSki,
777 2399 950 2428 JOANNES,
972 2388 1211 2424 ediditlibrum
1239 2388 1293 2422 cui
1313 2386 1516 2421 inscribitur
1534 2398 1541 2419 :

407 2450 526 2483 Ultima
543 2449 574 2479 et
588 2447 720 2479 maxima
733 2447 866 2479 hominis
892 2449 1032 2488 mutatio,
1046 2451 1110 2482 sive
1122 2450 1158 2483 de
1173 2449 1305 2490 mystica
1318 2457 1388 2479 cnm
1403 2447 1466 2478 Deo
1492 2447 1613 2477 unione.
1625 2445 1700 2486 Typ.
1720 2445 1803 2476 Yiln.
1820 2454 1869 2476 an.
1897 2444 1985 2476 1641.

408 2499 563 2533 Posterior
577 2497 650 2528 libri
666 2497 757 2537 primi
771 2506 840 2537 pars
852 2497 888 2529 de
903 2497 1084 2530 tortitudine
1095 2497 1273 2539 etjustitia‚
1292 2496 1402 2527 Vilnae.
1431 2494 1521 2525 1644.
