2184 2953
649 289 755 316 LIBER
781 289 939 323 QUINTUS
958 287 1171 327 (1600-1610).
1665 291 1726 322 205

112 381 284 415 tudinario
309 382 421 427 ejecta
439 393 460 415 a
486 381 608 415 civicis
630 380 878 427 vespillonibus
909 380 1086 415 hominum
1113 381 1311 416 morticina.
1333 382 1509 428 Repertus
1536 382 1726 418 Suecorum

111 442 236 488 aliquis
268 443 360 477 inter
389 443 579 489 parietinas
607 443 766 489 Collegii,
798 443 855 488 qui
888 454 973 477 veru
1001 442 1157 478 confixas
1193 443 1238 477 ad
1270 444 1385 489 ignem
1420 448 1576 479 versaret
1603 456 1727 480 carnes

109 504 302 544 humanas;
324 508 359 539 et
383 516 512 550 coquus
532 509 565 539 et
589 505 774 539 obsonator
798 504 890 539 idem
915 508 949 539 et
975 504 1117 539 ultimus
1145 515 1300 545 suorum,
1334 516 1421 550 quos
1448 505 1514 539 sibi
1540 510 1726 541 mactasset

109 577 213 604 mors,
235 566 377 600 conviva
410 566 535 611 oppido
555 566 673 601 miser.
701 567 754 601 Ita
773 567 861 612 ejus,
884 578 951 611 quo
969 578 1032 601 nos
1052 566 1275 606 mulctarant,
1296 566 1475 601 infortunii
1495 568 1613 602 hostes
1641 580 1723 614 quo-

109 639 174 673 que
198 629 350 674 oportuit
375 628 481 663 fuisse
498 628 699 674 participes.
723 629 763 663 In
794 628 935 674 praediis
967 628 1111 674 Collegii
1139 629 1270 675 pariter
1288 630 1382 664 foeda
1409 630 1567 671 vastitaS,
1590 642 1608 665 e
1627 631 1724 676 quin-

108 689 221 734 gentis
250 689 381 724 colonis
409 690 533 735 viginti
560 702 629 724 non
650 690 799 736 amplius
818 691 1038 731 restiterunt;
1072 691 1164 736 iique
1195 691 1401 730 semineces,
1430 703 1546 726 rerum
1575 692 1726 726 omnium

107 751 381 797 egentissimi.ln
400 752 475 786 istis
494 752 586 786 Socii
601 752 965 797 angustiis,domicilio
977 755 1161 798 utcumque
1176 757 1486 799 purgato‚strenue
1497 765 1574 789 sese
1593 754 1639 788 ad
1653 766 1724 789 mu-

107 823 192 847 nera
202 824 265 847 sua
280 813 440 848 obeunda
454 814 871 854 oontulere‚sustentante
887 825 945 848 eos
960 814 1132 860 tantisper
1150 815 1204 861 pio
1221 815 1337 850 nescio
1352 827 1418 861 quo
1433 816 1548 862 equite
1558 816 1720 851 Lituano.

107 875 176 909 Vix
194 874 275 909 dum
294 875 345 909 illi
368 887 423 910 res
452 875 517 909 sibi
536 876 734 921 propositas
755 876 789 909 in
816 876 956 911 civitate
971 876 1141 922 pagisque
1160 878 1335 923 aggressi,
1354 890 1430 912 cum
1449 890 1467 913 e
1496 882 1614 924 strage
1634 878 1726 913 inse-

107 937 282 983 pultorum
298 937 415 972 multis
429 937 528 977 locis,
546 942 739 983 putoreque
758 938 980 978 cadaverum,
993 939 1123 973 aestivis
1139 944 1328 985 provocata
1342 941 1604 981 diebus,rursus
1618 941 1728 975 coori-

106 1003 162 1033 tur
176 998 393 1044 pestilentia;
414 1010 536 1033 rursus
560 1000 678 1044 itaque
696 1000 894 1034 hominibus
912 1001 1041 1035 nostris
1060 1002 1297 1047 approbandae
1310 1002 1344 1036 in
1365 1002 1527 1048 periculis
1547 1014 1621 1036 suae
1644 1003 1725 1037 cha-

105 1061 218 1095 ritatis
237 1061 446 1107 pietatisque
466 1061 619 1102 occasio;
642 1073 745 1106 quam
760 1062 823 1101 illi,
846 1063 919 1096 Deo
951 1062 1041 1104 freti,
1064 1063 1251 1109 diligenter
1264 1068 1463 1106 tenuerunt,
1486 1069 1520 1100 et
1546 1065 1728 1111 oppidanis

107 1127 300 1168 praesentes
321 1127 353 1157 et
376 1123 542 1169 paganis;
563 1123 629 1169 ipsi
648 1123 738 1158 inter
753 1124 863 1158 millia
881 1124 1102 1159 morientium
1121 1126 1284 1171 periculis
1307 1127 1457 1162 maxime
1483 1127 1642 1162 obnoxii:
1661 1127 1726 1173 ipsi

106 1184 172 1218 soli
194 1184 365 1219 beneficio
385 1185 502 1219 divino
518 1185 828 1220 incolumes.Unus
848 1185 1031 1227 duntaxat,
1049 1187 1147 1233 isque
1162 1188 1213 1222 rei
1228 1188 1429 1223 domesticae
1443 1192 1585 1223 curator
1599 1189 1722 1229 laicus,

104 1245 302 1291 Stephanus
317 1246 496 1287 Braunus,
524 1246 649 1292 viginti
677 1258 785 1281 annos
814 1247 848 1281 in
869 1247 1026 1293 Collegio
1050 1249 1250 1284 ministeriis
1270 1251 1342 1284 suis
1362 1261 1492 1296 magna
1525 1263 1602 1286 cum
1620 1251 1725 1286 laude

105 1309 255 1349 functus,
278 1308 453 1343 communi
468 1308 529 1342 1110
550 1313 731 1354 correptus
754 1309 857 1349 malo,
877 1321 954 1344 cum
969 1310 1101 1356 aliquot
1120 1311 1266 1358 Collegii
1284 1313 1422 1348 famulis
1440 1313 1584 1348 interiit.

154 1370 307 1408 Vilnam,
329 1371 388 1405 ubi
413 1371 569 1405 discussa
584 1372 658 1417 jam
678 1371 890 1417 pestilentia,
913 1372 1108 1408 salubriore
1127 1374 1214 1409 coelo
1245 1375 1339 1410 cives
1370 1375 1587 1417 fruebantur,
1621 1376 1723 1411 Polo-

105 1431 238 1467 oienses
258 1432 390 1467 tirones
416 1433 537 1472 nostri,
556 1433 599 1468 de
618 1433 755 1468 civitate
771 1445 847 1474 sua,
869 1435 1045 1479 pestilenti
1059 1436 1221 1481 perculsa
1239 1436 1343 1476 malo,
1361 1437 1514 1483 profugi,
1531 1438 1614 1472 anni
1633 1439 1724 1474 1604

105 1494 246 1530 ineunte
265 1507 384 1530 mense
402 1496 596 1536 novembri,
619 1496 752 1542 accepti
784 1508 860 1530 cum
891 1501 1026 1533 rectore
1045 1509 1107 1532 suo
1123 1499 1161 1533 P.
1190 1499 1365 1534 Michaele
1385 1500 1539 1541 Becano,
1562 1500 1595 1534 in
1623 1501 1725 1535 domo

106 1558 330 1598 caementitia,
352 1557 446 1592 mille
475 1558 633 1592 ducentis
671 1562 705 1593 et
732 1558 984 1604 quinquaginta
1003 1560 1152 1594 nummis
1184 1562 1395 1596 nostratibus
1416 1566 1543 1608 empta,
1561 1566 1666 1608 atque
1685 1575 1727 1597 ex

105 1618 214 1654 ruinis
233 1631 337 1664 opere
357 1618 584 1653 tumultuario
602 1623 728 1660 erecta,
750 1620 950 1655 consedere.
983 1621 1081 1662 inde,
1103 1622 1195 1667 quod
1213 1627 1430 1669 perangusta
1448 1628 1522 1658 erat
1539 1624 1723 1665 habitatio,

105 1684 264 1726 coempta
287 1681 400 1715 vicina
432 1681 567 1720 domus,
588 1681 737 1726 amplior
768 1681 829 1716 illa
864 1686 968 1728 atque
992 1685 1230 1729 opportunior.
1264 1684 1397 1719 Eodem
1427 1688 1583 1731 tempore
1610 1685 1725 1720 Vilnae

106 1742 314 1777 domicilium
334 1743 499 1789 professis
526 1744 654 1778 nostris
681 1743 901 1778 collocatum.
924 1745 1062 1779 Primus
1090 1745 1178 1791 lapis
1197 1746 1317 1791 templi
1343 1746 1422 1781 divo
1442 1747 1612 1782 Casimiro
1632 1747 1726 1782 dedi-

105 1807 206 1841 candi
220 1807 336 1853 Jactus
360 1811 413 1842 est
435 1819 441 1841 :
463 1811 689 1842 consecratus
709 1807 752 1841 ab
772 1806 925 1852 episcopi
944 1806 1103 1841 Vilnensi
1122 1807 1312 1843 Benedicto
1331 1809 1486 1855 VVoyna,
1502 1810 1536 1843 in
1555 1821 1725 1844 concursu

106 1881 287 1914 procerum
320 1870 506 1915 populique
538 1869 709 1904 maximo:
736 1869 771 1904 in
790 1869 909 1914 primis
928 1868 1088 1903 Vilnensi
1112 1869 1267 1914 palatino
1286 1871 1434 1905 Nicolao
1463 1871 1724 1917 Chrystophoro

107 1931 294 1971 Radivil-lo,
315 1932 405 1965 sacri
430 1931 566 1977 imperii
585 1931 720 1965 romani
756 1931 923 1977 principe,
946 1935 980 1965 et
1012 1932 1130 1966 Leone
1161 1933 1327 1978 Sapieba‚
1350 1934 1524 1968 Lituaniae
1550 1938 1623 1968 tum
1642 1946 1722 1969 can-

105 1992 260 2033 cellario,
283 1997 360 2039 post
378 1993 533 2038 palatino
561 1992 720 2027 Vilnensi
749 1996 784 2027 et
802 2004 963 2038 supremo
998 1994 1210 2028 exercituum
1238 1995 1410 2029 Lituaniae
1447 1995 1545 2036 duce,
1568 2007 1723 2041 praesen-

106 2054 207 2089 tibus.
235 2055 430 2089 Distributa
445 2055 566 2089 eodem
593 2055 668 2089 1000
695 2057 845 2088 Licotika
865 2055 988 2100 quibus
1007 2055 1096 2100 lapis
1115 2056 1294 2101 angularis
1317 2056 1361 2090 ab
1380 2057 1576 2091 academica
1597 2058 1722 2103 juven-

107 2118 179 2149 tute
196 2115 345 2149 modulis
365 2127 600 2149 camoenarum
614 2115 810 2150 celebratus
826 2119 890 2150 est.
909 2115 1083 2162 Operatus
1098 2117 1227 2152 ibidem
1242 2118 1349 2152 sacris
1365 2118 1543 2153 Vilnensis
1557 2119 1718 2161 antistes,

107 2176 349 2222 gravissimam
381 2177 572 2212 orationem
603 2178 647 2212 de
677 2177 911 2223 professorum
948 2182 1154 2223 paupertate
1184 2183 1384 2214 nostrorum
1410 2180 1551 2221 habuit;
1586 2182 1619 2215 10
1652 2193 1721 2227 qua

107 2239 291 2273 discrimen
311 2240 401 2273 inter
424 2239 582 2285 Collegia
601 2239 786 2274 Societatis
804 2243 838 2273 et
861 2239 997 2273 domum
1018 2240 1211 2285 professam
1235 2240 1365 2275 diserte
1391 2241 1563 2286 exposuit.
1587 2242 1723 2288 Insigni

107 2312 267 2345 proceres
284 2300 363 2335 inde
393 2301 605 2335 liberalitate
624 2301 885 2335 concertabant.
909 2301 1100 2347 Episcopus
1128 2301 1305 2336 Vilnensis
1325 2306 1408 2348 quot
1435 2303 1534 2337 annis
1558 2303 1722 2349 deinceps

107 2362 199 2397 mille
220 2374 408 2403 nummum,
428 2363 594 2397 nostratis
618 2368 780 2403 monetae,
800 2375 842 2397 ex
860 2362 985 2397 accisis
1004 2374 1045 2397 ea
1063 2366 1270 2409 tempestate
1299 2364 1423 2410 opibus
1442 2365 1526 2406 suis,
1550 2366 1584 2399 10
1604 2365 1725 2411 templi

106 2425 402 2459 constructionem
417 2425 645 2470 expensahat,
665 2424 787 2460 eodem
805 2437 865 2460 sex
880 2437 1057 2460 nummum
1068 2425 1178 2459 millia
1194 2425 1264 2459 Leo
1279 2425 1432 2471 Sapieha
1452 2426 1626 2461 Lituaniae
1641 2438 1722 2460 can-

107 2485 282 2526 cellarius,
309 2486 410 2531 plura
429 2486 549 2531 plures
574 2486 764 2520 contulere.

1753 390 1815 416 1603

1752 579 1842 606 Famis
1855 588 1895 606 ex-

1752 619 1867 652 emplum

1750 659 1879 686 horribile.

1753 824 1871 850 Vastitas

1752 866 1885 893 domicilii.

1751 1023 1879 1050 Pestilen-

1750 1063 1797 1089 tia.

1753 1359 1814 1386 1604

1812 1400 1841 1426 14

1754 1439 1857 1467 Vilnain
1866 1442 1898 1467 ad

1753 1487 1848 1506 novum
1856 1481 1900 1506 do-

1754 1519 1881 1545 micilium

1756 1558 1862 1584 Novitii

1756 1598 1859 1623 Polocia

1756 1637 1865 1663 transfe-

1756 1679 1857 1704 runtur.

1807 1718 1846 1743 15.

1756 1756 1857 1783 Ibidem

1755 1796 1846 1822 funda-

1754 1836 1842 1861 menta

1753 1875 1845 1901 domus

1754 1915 1886 1941 Professae.

1747 2153 1850 2186 Templi
1861 2153 1896 2178 la-

1749 2193 1790 2227 pis
1813 2200 1897 2224 augu-

1750 2240 1822 2266 laris.
