<?xml version="1.0" encoding="UTF-8"?>
<!DOCTYPE html PUBLIC "-//W3C//DTD XHTML 1.0 Transitional//EN"
    "http://www.w3.org/TR/xhtml1/DTD/xhtml1-transitional.dtd">
<html xmlns="http://www.w3.org/1999/xhtml" xml:lang="en" lang="en">
 <head>
  <title>
</title>
<meta http-equiv="Content-Type" content="text/html;charset=utf-8" />
  <meta name='ocr-system' content='tesseract 3.04.00' />
  <meta name='ocr-capabilities' content='ocr_page ocr_carea ocr_par ocr_line ocrx_word'/>
</head>
<body>
  <div class='ocr_page' id='page_1' title='image "./lituanicarumsoci00rost_0269.png"; bbox 0 0 2184 2953; ppageno 0'>
   <div class='ocr_carea' id='block_1_1' title="bbox 612 298 1707 336">
    <p class='ocr_par' dir='ltr' id='par_1_1' title="bbox 612 298 1707 336">
     <span class='ocr_line' id='line_1_1' title="bbox 612 298 1707 336; baseline 0 -7"><span class='ocrx_word' id='word_1_1' title='bbox 612 302 716 329; x_wconf 83' lang='lat' dir='ltr'>LIBER</span> <span class='ocrx_word' id='word_1_2' title='bbox 740 301 880 330; x_wconf 80' lang='lat' dir='ltr'>SEXTUS</span> <span class='ocrx_word' id='word_1_3' title='bbox 903 300 1111 336; x_wconf 70' lang='lat' dir='ltr'>(ww-1620).</span> <span class='ocrx_word' id='word_1_4' title='bbox 1647 298 1707 330; x_wconf 84' lang='lat'>245</span> 
     </span>
    </p>
   </div>
   <div class='ocr_carea' id='block_1_2' title="bbox 98 390 1722 2427">
    <p class='ocr_par' dir='ltr' id='par_1_2' title="bbox 98 390 1722 2357">
     <span class='ocr_line' id='line_1_2' title="bbox 98 390 1702 441; baseline -0.002 -13"><span class='ocrx_word' id='word_1_5' title='bbox 98 396 235 441; x_wconf 83' lang='lat' dir='ltr'>jocatus</span> <span class='ocrx_word' id='word_1_6' title='bbox 250 395 294 428; x_wconf 90' lang='lat' dir='ltr'>sit</span> <span class='ocrx_word' id='word_1_7' title='bbox 316 394 373 428; x_wconf 93' lang='lat' dir='ltr'>ille</span> <span class='ocrx_word' id='word_1_8' title='bbox 396 393 547 432; x_wconf 73' lang='lat' dir='ltr'>furcifer,</span> <span class='ocrx_word' id='word_1_9' title='bbox 569 394 639 439; x_wconf 88' lang='lat' dir='ltr'>qui,</span> <span class='ocrx_word' id='word_1_10' title='bbox 665 396 859 439; x_wconf 75' lang='lat' dir='ltr'>praeeuntes</span> <span class='ocrx_word' id='word_1_11' title='bbox 881 391 927 425; x_wconf 91' lang='lat' dir='ltr'>ad</span> <span class='ocrx_word' id='word_1_12' title='bbox 953 390 1186 436; x_wconf 81' lang='lat' dir='ltr'>spectaculum</span> <span class='ocrx_word' id='word_1_13' title='bbox 1205 391 1364 436; x_wconf 90' lang='lat' dir='ltr'>supplicii</span> <span class='ocrx_word' id='word_1_14' title='bbox 1381 392 1599 437; x_wconf 80' lang='lat' dir='ltr'>conspicatus</span> <span class='ocrx_word' id='word_1_15' title='bbox 1618 402 1702 436; x_wconf 91' lang='lat' dir='ltr'>opu-</span> 
     </span>
     <span class='ocr_line' id='line_1_3' title="bbox 103 452 1705 499; baseline -0.002 -9"><span class='ocrx_word' id='word_1_16' title='bbox 103 456 226 496; x_wconf 84' lang='lat' dir='ltr'>lentos,</span> <span class='ocrx_word' id='word_1_17' title='bbox 245 455 419 490; x_wconf 78' lang='lat' dir='ltr'>clamabat</span> <span class='ocrx_word' id='word_1_18' title='bbox 433 455 511 489; x_wconf 90' lang='lat' dir='ltr'>duci</span> <span class='ocrx_word' id='word_1_19' title='bbox 531 466 568 489; x_wconf 87' lang='lat' dir='ltr'>se</span> <span class='ocrx_word' id='word_1_20' title='bbox 582 466 603 489; x_wconf 88' lang='lat' dir='ltr'>a</span> <span class='ocrx_word' id='word_1_21' title='bbox 620 455 753 489; x_wconf 89' lang='lat' dir='ltr'>furibus</span> <span class='ocrx_word' id='word_1_22' title='bbox 772 454 908 499; x_wconf 87' lang='lat' dir='ltr'>magnis</span> <span class='ocrx_word' id='word_1_23' title='bbox 926 464 1071 499; x_wconf 84' lang='lat' dir='ltr'>parvum</span> <span class='ocrx_word' id='word_1_24' title='bbox 1085 453 1207 486; x_wconf 86' lang='lat' dir='ltr'>furem.</span> <span class='ocrx_word' id='word_1_25' title='bbox 1227 452 1371 493; x_wconf 80' lang='lat' dir='ltr'><strong>Vereor,</strong></span> <span class='ocrx_word' id='word_1_26' title='bbox 1390 464 1433 486; x_wconf 90' lang='lat' dir='ltr'>ne</span> <span class='ocrx_word' id='word_1_27' title='bbox 1447 464 1514 493; x_wconf 88' lang='lat' dir='ltr'>me,</span> <span class='ocrx_word' id='word_1_28' title='bbox 1531 457 1581 487; x_wconf 88' lang='lat' dir='ltr'>tot</span> <span class='ocrx_word' id='word_1_29' title='bbox 1596 452 1705 486; x_wconf 86' lang='lat' dir='ltr'>talen-</span> 
     </span>
     <span class='ocr_line' id='line_1_4' title="bbox 102 513 1702 561; baseline -0.002 -11"><span class='ocrx_word' id='word_1_30' title='bbox 102 520 213 550; x_wconf 90' lang='lat' dir='ltr'>torum</span> <span class='ocrx_word' id='word_1_31' title='bbox 232 517 435 556; x_wconf 78' lang='lat' dir='ltr'>debitorem,</span> <span class='ocrx_word' id='word_1_32' title='bbox 458 516 565 550; x_wconf 86' lang='lat' dir='ltr'>multo</span> <span class='ocrx_word' id='word_1_33' title='bbox 586 516 761 550; x_wconf 84' lang='lat' dir='ltr'>enimvero</span> <span class='ocrx_word' id='word_1_34' title='bbox 781 515 943 561; x_wconf 87' lang='lat' dir='ltr'>plurium,</span> <span class='ocrx_word' id='word_1_35' title='bbox 968 524 1071 559; x_wconf 84' lang='lat' dir='ltr'>quam</span> <span class='ocrx_word' id='word_1_36' title='bbox 1090 514 1125 547; x_wconf 87' lang='lat' dir='ltr'>in</span> <span class='ocrx_word' id='word_1_37' title='bbox 1146 513 1261 548; x_wconf 84' lang='lat' dir='ltr'>ablata</span> <span class='ocrx_word' id='word_1_38' title='bbox 1284 513 1344 547; x_wconf 90' lang='lat' dir='ltr'>illa</span> <span class='ocrx_word' id='word_1_39' title='bbox 1362 513 1462 547; x_wconf 90' lang='lat' dir='ltr'>nobis</span> <span class='ocrx_word' id='word_1_40' title='bbox 1481 514 1626 559; x_wconf 90' lang='lat' dir='ltr'>pecunia</span> <span class='ocrx_word' id='word_1_41' title='bbox 1645 513 1702 553; x_wconf 89' lang='lat' dir='ltr'>sit,</span> 
     </span>
     <span class='ocr_line' id='line_1_5' title="bbox 98 576 1708 624; baseline -0.001 -12"><span class='ocrx_word' id='word_1_42' title='bbox 98 579 168 624; x_wconf 81' lang='lat' dir='ltr'>jam</span> <span class='ocrx_word' id='word_1_43' title='bbox 186 578 288 613; x_wconf 90' lang='lat' dir='ltr'>hodie</span> <span class='ocrx_word' id='word_1_44' title='bbox 304 590 400 612; x_wconf 89' lang='lat' dir='ltr'>reum</span> <span class='ocrx_word' id='word_1_45' title='bbox 419 582 503 623; x_wconf 84' lang='lat' dir='ltr'>agat</span> <span class='ocrx_word' id='word_1_46' title='bbox 521 578 797 624; x_wconf 78' lang='lat' dir='ltr'>divinajustitia.</span> <span class='ocrx_word' id='word_1_47' title='bbox 822 579 937 616; x_wconf 84' lang='lat' dir='ltr'>Quare</span> <span class='ocrx_word' id='word_1_48' title='bbox 961 577 1197 611; x_wconf 84' lang='lat' dir='ltr'>condonemus</span> <span class='ocrx_word' id='word_1_49' title='bbox 1216 588 1279 610; x_wconf 91' lang='lat' dir='ltr'>nos</span> <span class='ocrx_word' id='word_1_50' title='bbox 1297 576 1441 617; x_wconf 89' lang='lat' dir='ltr'>homini,</span> <span class='ocrx_word' id='word_1_51' title='bbox 1460 576 1609 612; x_wconf 87' lang='lat' dir='ltr'>libenter</span> <span class='ocrx_word' id='word_1_52' title='bbox 1627 589 1708 611; x_wconf 87' lang='lat' dir='ltr'>con-</span> 
     </span>
     <span class='ocr_line' id='line_1_6' title="bbox 103 638 1704 686; baseline 0 -13"><span class='ocrx_word' id='word_1_53' title='bbox 103 640 269 674; x_wconf 89' lang='lat' dir='ltr'>donemus</span> <span class='ocrx_word' id='word_1_54' title='bbox 284 640 459 674; x_wconf 80' lang='lat' dir='ltr'>tantillum</span> <span class='ocrx_word' id='word_1_55' title='bbox 477 653 482 673; x_wconf 92' lang='lat'>:</span> <span class='ocrx_word' id='word_1_56' title='bbox 502 644 551 679; x_wconf 85' lang='lat' dir='ltr'>ut,</span> <span class='ocrx_word' id='word_1_57' title='bbox 574 640 664 685; x_wconf 89' lang='lat' dir='ltr'>quod</span> <span class='ocrx_word' id='word_1_58' title='bbox 680 644 850 685; x_wconf 86' lang='lat' dir='ltr'>optamus,</span> <span class='ocrx_word' id='word_1_59' title='bbox 869 640 962 674; x_wconf 92' lang='lat' dir='ltr'>Deus</span> <span class='ocrx_word' id='word_1_60' title='bbox 976 638 1077 686; x_wconf 90' lang='lat' dir='ltr'>nobis</span> <span class='ocrx_word' id='word_1_61' title='bbox 1098 638 1270 672; x_wconf 83' lang='lat' dir='ltr'>condonet</span> <span class='ocrx_word' id='word_1_62' title='bbox 1284 642 1430 672; x_wconf 86' lang='lat' dir='ltr'>tantum.</span> <span class='ocrx_word' id='word_1_63' title='bbox 1451 638 1533 672; x_wconf 86' lang='lat' dir='ltr'>Pius</span> <span class='ocrx_word' id='word_1_64' title='bbox 1553 639 1704 678; x_wconf 84' lang='lat' dir='ltr'>omnino,</span> 
     </span>
     <span class='ocr_line' id='line_1_7' title="bbox 104 699 1710 746; baseline -0.001 -12"><span class='ocrx_word' id='word_1_65' title='bbox 104 701 298 735; x_wconf 84' lang='lat' dir='ltr'>misericors</span> <span class='ocrx_word' id='word_1_66' title='bbox 317 713 357 735; x_wconf 86' lang='lat' dir='ltr'>ac</span> <span class='ocrx_word' id='word_1_67' title='bbox 379 701 530 735; x_wconf 79' lang='lat' dir='ltr'>liberalis</span> <span class='ocrx_word' id='word_1_68' title='bbox 560 702 722 746; x_wconf 88' lang='lat' dir='ltr'>princeps</span> <span class='ocrx_word' id='word_1_69' title='bbox 745 701 937 746; x_wconf 83' lang='lat' dir='ltr'>complures</span> <span class='ocrx_word' id='word_1_70' title='bbox 957 700 1045 734; x_wconf 88' lang='lat' dir='ltr'>alias</span> <span class='ocrx_word' id='word_1_71' title='bbox 1069 699 1240 745; x_wconf 85' lang='lat' dir='ltr'>ejusmodi</span> <span class='ocrx_word' id='word_1_72' title='bbox 1262 699 1405 744; x_wconf 81' lang='lat' dir='ltr'>injurias</span> <span class='ocrx_word' id='word_1_73' title='bbox 1424 699 1530 733; x_wconf 86' lang='lat' dir='ltr'>lucris</span> <span class='ocrx_word' id='word_1_74' title='bbox 1556 699 1627 733; x_wconf 90' lang='lat' dir='ltr'>suis</span> <span class='ocrx_word' id='word_1_75' title='bbox 1646 710 1710 733; x_wconf 87' lang='lat' dir='ltr'>sua</span> 
     </span>
     <span class='ocr_line' id='line_1_8' title="bbox 104 759 1711 807; baseline -0.001 -12"><span class='ocrx_word' id='word_1_76' title='bbox 104 762 318 807; x_wconf 76' lang='lat' dir='ltr'>benignitate</span> <span class='ocrx_word' id='word_1_77' title='bbox 336 762 506 807; x_wconf 87' lang='lat' dir='ltr'>apposuit.</span> <span class='ocrx_word' id='word_1_78' title='bbox 526 762 615 796; x_wconf 85' lang='lat' dir='ltr'>Dum</span> <span class='ocrx_word' id='word_1_79' title='bbox 635 763 684 796; x_wconf 81' lang='lat' dir='ltr'>ita</span> <span class='ocrx_word' id='word_1_80' title='bbox 698 762 770 796; x_wconf 92' lang='lat' dir='ltr'>Deo</span> <span class='ocrx_word' id='word_1_81' title='bbox 789 762 881 796; x_wconf 88' lang='lat' dir='ltr'>omni</span> <span class='ocrx_word' id='word_1_82' title='bbox 896 762 1025 807; x_wconf 86' lang='lat' dir='ltr'>pietate</span> <span class='ocrx_word' id='word_1_83' title='bbox 1040 760 1177 806; x_wconf 85' lang='lat' dir='ltr'>placere</span> <span class='ocrx_word' id='word_1_84' title='bbox 1193 759 1321 799; x_wconf 82' lang='lat' dir='ltr'>studet,</span> <span class='ocrx_word' id='word_1_85' title='bbox 1338 771 1446 805; x_wconf 85' lang='lat' dir='ltr'>agere</span> <span class='ocrx_word' id='word_1_86' title='bbox 1462 760 1608 806; x_wconf 87' lang='lat' dir='ltr'>denique</span> <span class='ocrx_word' id='word_1_87' title='bbox 1623 761 1711 795; x_wconf 87' lang='lat' dir='ltr'>inter</span> 
     </span>
     <span class='ocr_line' id='line_1_9' title="bbox 105 821 1712 862; baseline -0.001 -6"><span class='ocrx_word' id='word_1_88' title='bbox 105 823 268 857; x_wconf 81' lang='lat' dir='ltr'>mortales</span> <span class='ocrx_word' id='word_1_89' title='bbox 296 823 434 857; x_wconf 86' lang='lat' dir='ltr'>desinit.</span> <span class='ocrx_word' id='word_1_90' title='bbox 461 823 598 861; x_wconf 77' lang='lat' dir='ltr'>Statim,</span> <span class='ocrx_word' id='word_1_91' title='bbox 625 827 661 857; x_wconf 88' lang='lat' dir='ltr'>ut</span> <span class='ocrx_word' id='word_1_92' title='bbox 687 824 806 857; x_wconf 86' lang='lat' dir='ltr'>morbo</span> <span class='ocrx_word' id='word_1_93' title='bbox 837 823 962 857; x_wconf 84' lang='lat' dir='ltr'>tentari</span> <span class='ocrx_word' id='word_1_94' title='bbox 986 822 1107 862; x_wconf 86' lang='lat' dir='ltr'>sensit,</span> <span class='ocrx_word' id='word_1_95' title='bbox 1132 822 1173 856; x_wconf 87' lang='lat' dir='ltr'>P.</span> <span class='ocrx_word' id='word_1_96' title='bbox 1207 821 1354 855; x_wconf 83' lang='lat' dir='ltr'>Joanem</span> <span class='ocrx_word' id='word_1_97' title='bbox 1386 821 1570 861; x_wconf 86' lang='lat' dir='ltr'>Alandum,</span> <span class='ocrx_word' id='word_1_98' title='bbox 1594 832 1712 856; x_wconf 87' lang='lat' dir='ltr'>carum</span> 
     </span>
     <span class='ocr_line' id='line_1_10' title="bbox 106 884 1710 930; baseline 0 -12"><span class='ocrx_word' id='word_1_99' title='bbox 106 884 170 918; x_wconf 87' lang='lat' dir='ltr'>sibi</span> <span class='ocrx_word' id='word_1_100' title='bbox 193 884 318 924; x_wconf 88' lang='lat' dir='ltr'>virum,</span> <span class='ocrx_word' id='word_1_101' title='bbox 341 888 590 930; x_wconf 81' lang='lat' dir='ltr'>expertumque</span> <span class='ocrx_word' id='word_1_102' title='bbox 619 886 695 930; x_wconf 81' lang='lat' dir='ltr'>jam</span> <span class='ocrx_word' id='word_1_103' title='bbox 730 885 789 918; x_wconf 89' lang='lat' dir='ltr'>diu</span> <span class='ocrx_word' id='word_1_104' title='bbox 821 884 1042 919; x_wconf 79' lang='lat' dir='ltr'>conscientiae</span> <span class='ocrx_word' id='word_1_105' title='bbox 1073 896 1146 918; x_wconf 78' lang='lat' dir='ltr'>suae</span> <span class='ocrx_word' id='word_1_106' title='bbox 1176 884 1406 929; x_wconf 82' lang='lat' dir='ltr'>cognitorem,</span> <span class='ocrx_word' id='word_1_107' title='bbox 1443 884 1566 918; x_wconf 80' lang='lat' dir='ltr'>adesse</span> <span class='ocrx_word' id='word_1_108' title='bbox 1597 884 1710 929; x_wconf 83' lang='lat' dir='ltr'>jubet.</span> 
     </span>
     <span class='ocr_line' id='line_1_11' title="bbox 108 945 1713 991; baseline 0 -12"><span class='ocrx_word' id='word_1_109' title='bbox 108 946 198 980; x_wconf 88' lang='lat' dir='ltr'>Huic</span> <span class='ocrx_word' id='word_1_110' title='bbox 212 949 283 979; x_wconf 89' lang='lat' dir='ltr'>tum</span> <span class='ocrx_word' id='word_1_111' title='bbox 299 946 447 980; x_wconf 77' lang='lat' dir='ltr'>maxime</span> <span class='ocrx_word' id='word_1_112' title='bbox 461 946 583 980; x_wconf 89' lang='lat' dir='ltr'>salutis</span> <span class='ocrx_word' id='word_1_113' title='bbox 599 958 671 980; x_wconf 81' lang='lat' dir='ltr'>suae</span> <span class='ocrx_word' id='word_1_114' title='bbox 688 946 877 991; x_wconf 80' lang='lat' dir='ltr'>negotium,</span> <span class='ocrx_word' id='word_1_115' title='bbox 895 950 967 980; x_wconf 86' lang='lat' dir='ltr'>tum</span> <span class='ocrx_word' id='word_1_116' title='bbox 984 945 1104 985; x_wconf 88' lang='lat' dir='ltr'>Sociis,</span> <span class='ocrx_word' id='word_1_117' title='bbox 1115 945 1173 991; x_wconf 93' lang='lat' dir='ltr'>qui</span> <span class='ocrx_word' id='word_1_118' title='bbox 1187 945 1387 991; x_wconf 86' lang='lat' dir='ltr'>adjutarent</span> <span class='ocrx_word' id='word_1_119' title='bbox 1401 945 1421 979; x_wconf 79' lang='lat' dir='ltr'>J</span> <span class='ocrx_word' id='word_1_120' title='bbox 1427 955 1587 985; x_wconf 87' lang='lat' dir='ltr'>oannem,</span> <span class='ocrx_word' id='word_1_121' title='bbox 1604 945 1713 979; x_wconf 91' lang='lat' dir='ltr'>nomi-</span> 
     </span>
     <span class='ocr_line' id='line_1_12' title="bbox 110 1005 1712 1053; baseline 0 -13"><span class='ocrx_word' id='word_1_122' title='bbox 110 1007 215 1041; x_wconf 86' lang='lat' dir='ltr'>natim</span> <span class='ocrx_word' id='word_1_123' title='bbox 234 1006 387 1041; x_wconf 86' lang='lat' dir='ltr'>Martino</span> <span class='ocrx_word' id='word_1_124' title='bbox 407 1007 618 1052; x_wconf 81' lang='lat' dir='ltr'>Smigleckio</span> <span class='ocrx_word' id='word_1_125' title='bbox 637 1007 682 1053; x_wconf 77' lang='grc' dir='ltr'>(Ι),</span> <span class='ocrx_word' id='word_1_126' title='bbox 705 1007 872 1041; x_wconf 81' lang='lat' dir='ltr'>Michaeli</span> <span class='ocrx_word' id='word_1_127' title='bbox 892 1007 1021 1047; x_wconf 85' lang='lat' dir='ltr'>Ortizo,</span> <span class='ocrx_word' id='word_1_128' title='bbox 1043 1012 1077 1041; x_wconf 88' lang='lat' dir='ltr'>et</span> <span class='ocrx_word' id='word_1_129' title='bbox 1106 1007 1209 1051; x_wconf 80' lang='lat' dir='ltr'>hujus</span> <span class='ocrx_word' id='word_1_130' title='bbox 1224 1006 1323 1040; x_wconf 86' lang='lat' dir='ltr'>fratri</span> <span class='ocrx_word' id='word_1_131' title='bbox 1342 1006 1362 1040; x_wconf 85' lang='lat' dir='ltr'>J</span> <span class='ocrx_word' id='word_1_132' title='bbox 1367 1006 1490 1046; x_wconf 89' lang='lat' dir='ltr'>acobo,</span> <span class='ocrx_word' id='word_1_133' title='bbox 1513 1017 1532 1040; x_wconf 93' lang='lat' dir='ltr'>e</span> <span class='ocrx_word' id='word_1_134' title='bbox 1557 1005 1712 1051; x_wconf 86' lang='lat' dir='ltr'>Collegio</span> 
     </span>
     <span class='ocr_line' id='line_1_13' title="bbox 109 1067 1714 1113; baseline 0.001 -12"><span class='ocrx_word' id='word_1_135' title='bbox 109 1067 323 1102; x_wconf 87' lang='lat' dir='ltr'>Nesvisiensi</span> <span class='ocrx_word' id='word_1_136' title='bbox 350 1068 601 1109; x_wconf 83' lang='lat' dir='ltr'>sacerdotibus,</span> <span class='ocrx_word' id='word_1_137' title='bbox 624 1068 851 1103; x_wconf 78' lang='lat' dir='ltr'>commendat.</span> <span class='ocrx_word' id='word_1_138' title='bbox 882 1069 1156 1107; x_wconf 80' lang='lat' dir='ltr'>Testamentum,</span> <span class='ocrx_word' id='word_1_139' title='bbox 1186 1072 1267 1102; x_wconf 92' lang='lat' dir='ltr'>ante</span> <span class='ocrx_word' id='word_1_140' title='bbox 1288 1068 1363 1113; x_wconf 82' lang='lat' dir='ltr'>jam</span> <span class='ocrx_word' id='word_1_141' title='bbox 1391 1067 1596 1107; x_wconf 86' lang='lat' dir='ltr'>confectum,</span> <span class='ocrx_word' id='word_1_142' title='bbox 1619 1079 1714 1102; x_wconf 84' lang='lat' dir='ltr'>reco-</span> 
     </span>
     <span class='ocr_line' id='line_1_14' title="bbox 111 1128 1711 1176; baseline 0.002 -14"><span class='ocrx_word' id='word_1_143' title='bbox 111 1128 259 1174; x_wconf 88' lang='lat' dir='ltr'>gnoscit.</span> <span class='ocrx_word' id='word_1_144' title='bbox 285 1129 470 1163; x_wconf 80' lang='lat' dir='ltr'>Familiam</span> <span class='ocrx_word' id='word_1_145' title='bbox 493 1140 604 1170; x_wconf 86' lang='lat' dir='ltr'>suam,</span> <span class='ocrx_word' id='word_1_146' title='bbox 628 1130 681 1164; x_wconf 86' lang='lat' dir='ltr'>sui</span> <span class='ocrx_word' id='word_1_147' title='bbox 703 1142 889 1165; x_wconf 85' lang='lat' dir='ltr'>memorem</span> <span class='ocrx_word' id='word_1_148' title='bbox 915 1142 1005 1171; x_wconf 89' lang='lat' dir='ltr'>esse,</span> <span class='ocrx_word' id='word_1_149' title='bbox 1036 1130 1191 1175; x_wconf 87' lang='lat' dir='ltr'>beneque</span> <span class='ocrx_word' id='word_1_150' title='bbox 1210 1130 1326 1165; x_wconf 82' lang='lat' dir='ltr'>valere</span> <span class='ocrx_word' id='word_1_151' title='bbox 1358 1131 1391 1164; x_wconf 92' lang='lat' dir='ltr'>in</span> <span class='ocrx_word' id='word_1_152' title='bbox 1421 1130 1580 1170; x_wconf 90' lang='lat' dir='ltr'>Domino,</span> <span class='ocrx_word' id='word_1_153' title='bbox 1597 1131 1711 1176; x_wconf 80' lang='lat' dir='ltr'>jubet.</span> 
     </span>
     <span class='ocr_line' id='line_1_15' title="bbox 109 1191 1714 1238; baseline 0.001 -13"><span class='ocrx_word' id='word_1_154' title='bbox 109 1191 255 1226; x_wconf 84' lang='lat' dir='ltr'>Veniam</span> <span class='ocrx_word' id='word_1_155' title='bbox 275 1191 341 1225; x_wconf 86' lang='lat' dir='ltr'>sibi</span> <span class='ocrx_word' id='word_1_156' title='bbox 359 1192 402 1225; x_wconf 90' lang='lat' dir='ltr'>ab</span> <span class='ocrx_word' id='word_1_157' title='bbox 427 1192 598 1232; x_wconf 90' lang='lat' dir='ltr'>omnibus,</span> <span class='ocrx_word' id='word_1_158' title='bbox 617 1204 838 1238; x_wconf 65' lang='lat' dir='ltr'>quoscunque</span> <span class='ocrx_word' id='word_1_159' title='bbox 866 1193 1079 1233; x_wconf 85' lang='lat' dir='ltr'>offendisset,</span> <span class='ocrx_word' id='word_1_160' title='bbox 1101 1192 1198 1238; x_wconf 88' lang='lat' dir='ltr'>petit.</span> <span class='ocrx_word' id='word_1_161' title='bbox 1224 1193 1299 1230; x_wconf 86' lang='lat' dir='ltr'>Quo</span> <span class='ocrx_word' id='word_1_162' title='bbox 1318 1203 1391 1226; x_wconf 85' lang='lat' dir='ltr'>rem</span> <span class='ocrx_word' id='word_1_163' title='bbox 1415 1203 1525 1233; x_wconf 86' lang='lat' dir='ltr'>suam,</span> <span class='ocrx_word' id='word_1_164' title='bbox 1549 1193 1714 1227; x_wconf 84' lang='lat' dir='ltr'>momenti</span> 
     </span>
     <span class='ocr_line' id='line_1_16' title="bbox 113 1253 1712 1301; baseline 0.001 -14"><span class='ocrx_word' id='word_1_165' title='bbox 113 1253 241 1288; x_wconf 87' lang='lat' dir='ltr'>scilicet</span> <span class='ocrx_word' id='word_1_166' title='bbox 268 1253 362 1287; x_wconf 88' lang='lat' dir='ltr'>illam</span> <span class='ocrx_word' id='word_1_167' title='bbox 388 1254 540 1295; x_wconf 82' lang='lat' dir='ltr'>maximi,</span> <span class='ocrx_word' id='word_1_168' title='bbox 564 1266 641 1289; x_wconf 90' lang='lat' dir='ltr'>cum</span> <span class='ocrx_word' id='word_1_169' title='bbox 660 1255 732 1290; x_wconf 91' lang='lat' dir='ltr'>Deo</span> <span class='ocrx_word' id='word_1_170' title='bbox 755 1255 872 1301; x_wconf 81' lang='lat' dir='ltr'>judice</span> <span class='ocrx_word' id='word_1_171' title='bbox 899 1267 960 1289; x_wconf 91' lang='lat' dir='ltr'>suo</span> <span class='ocrx_word' id='word_1_172' title='bbox 994 1255 1169 1300; x_wconf 81' lang='lat' dir='ltr'>transigat</span> <span class='ocrx_word' id='word_1_173' title='bbox 1187 1254 1419 1300; x_wconf 86' lang='lat' dir='ltr'>tranquillius,</span> <span class='ocrx_word' id='word_1_174' title='bbox 1442 1254 1549 1289; x_wconf 86' lang='lat' dir='ltr'>otium</span> <span class='ocrx_word' id='word_1_175' title='bbox 1576 1254 1642 1289; x_wconf 89' lang='lat' dir='ltr'>sibi</span> <span class='ocrx_word' id='word_1_176' title='bbox 1669 1255 1712 1289; x_wconf 86' lang='lat' dir='ltr'>ab</span> 
     </span>
     <span class='ocr_line' id='line_1_17' title="bbox 115 1315 1714 1362; baseline 0.001 -13"><span class='ocrx_word' id='word_1_177' title='bbox 115 1316 206 1350; x_wconf 89' lang='lat' dir='ltr'>omni</span> <span class='ocrx_word' id='word_1_178' title='bbox 221 1315 499 1361; x_wconf 83' lang='lat' dir='ltr'>interpellatione</span> <span class='ocrx_word' id='word_1_179' title='bbox 513 1316 678 1362; x_wconf 86' lang='lat' dir='ltr'>postulat.</span> <span class='ocrx_word' id='word_1_180' title='bbox 702 1317 862 1352; x_wconf 82' lang='lat' dir='ltr'>Confecto</span> <span class='ocrx_word' id='word_1_181' title='bbox 887 1317 979 1351; x_wconf 88' lang='lat' dir='ltr'>omni</span> <span class='ocrx_word' id='word_1_182' title='bbox 993 1317 1138 1351; x_wconf 89' lang='lat' dir='ltr'>salutari</span> <span class='ocrx_word' id='word_1_183' title='bbox 1157 1317 1311 1362; x_wconf 82' lang='lat' dir='ltr'>negotio,</span> <span class='ocrx_word' id='word_1_184' title='bbox 1333 1317 1406 1362; x_wconf 88' lang='lat' dir='ltr'>spei</span> <span class='ocrx_word' id='word_1_185' title='bbox 1426 1317 1524 1351; x_wconf 84' lang='lat' dir='ltr'>bonae</span> <span class='ocrx_word' id='word_1_186' title='bbox 1557 1317 1714 1362; x_wconf 90' lang='lat' dir='ltr'>plenissi—</span> 
     </span>
     <span class='ocr_line' id='line_1_18' title="bbox 113 1378 1716 1425; baseline 0.001 -12"><span class='ocrx_word' id='word_1_187' title='bbox 113 1391 200 1418; x_wconf 89' lang='lat' dir='ltr'>mus,</span> <span class='ocrx_word' id='word_1_188' title='bbox 226 1378 340 1424; x_wconf 75' lang='lat' dir='ltr'>quieta</span> <span class='ocrx_word' id='word_1_189' title='bbox 359 1383 468 1413; x_wconf 85' lang='lat' dir='ltr'>morte</span> <span class='ocrx_word' id='word_1_190' title='bbox 487 1379 709 1414; x_wconf 87' lang='lat' dir='ltr'>obdormiscit</span> <span class='ocrx_word' id='word_1_191' title='bbox 736 1381 770 1414; x_wconf 91' lang='lat' dir='ltr'>in</span> <span class='ocrx_word' id='word_1_192' title='bbox 795 1381 941 1415; x_wconf 89' lang='lat' dir='ltr'>Domino</span> <span class='ocrx_word' id='word_1_193' title='bbox 967 1379 1120 1415; x_wconf 88' lang='lat' dir='ltr'>Nesvisii</span> <span class='ocrx_word' id='word_1_194' title='bbox 1143 1380 1234 1415; x_wconf 83' lang='grc'>1616</span> <span class='ocrx_word' id='word_1_195' title='bbox 1251 1380 1286 1425; x_wconf 68' lang='lat'>(²2)</span> <span class='ocrx_word' id='word_1_196' title='bbox 1305 1380 1416 1425; x_wconf 88' lang='lat' dir='ltr'>pridie</span> <span class='ocrx_word' id='word_1_197' title='bbox 1436 1380 1605 1415; x_wconf 84' lang='lat' dir='ltr'>kalendas</span> <span class='ocrx_word' id='word_1_198' title='bbox 1628 1392 1716 1414; x_wconf 86' lang='lat' dir='ltr'>mar-</span> 
     </span>
     <span class='ocr_line' id='line_1_19' title="bbox 112 1441 1714 1488; baseline 0.001 -14"><span class='ocrx_word' id='word_1_199' title='bbox 112 1441 189 1475; x_wconf 83' lang='lat' dir='ltr'>tias.</span> <span class='ocrx_word' id='word_1_200' title='bbox 219 1441 442 1475; x_wconf 78' lang='lat' dir='ltr'>Testamento</span> <span class='ocrx_word' id='word_1_201' title='bbox 471 1453 531 1475; x_wconf 89' lang='lat' dir='ltr'>suo</span> <span class='ocrx_word' id='word_1_202' title='bbox 562 1442 665 1482; x_wconf 80' lang='lat' dir='ltr'>cavit,</span> <span class='ocrx_word' id='word_1_203' title='bbox 689 1446 724 1476; x_wconf 87' lang='lat' dir='ltr'>ut</span> <span class='ocrx_word' id='word_1_204' title='bbox 754 1454 878 1488; x_wconf 88' lang='lat' dir='ltr'>corpus</span> <span class='ocrx_word' id='word_1_205' title='bbox 907 1454 1018 1483; x_wconf 88' lang='lat' dir='ltr'>suum,</span> <span class='ocrx_word' id='word_1_206' title='bbox 1041 1442 1316 1488; x_wconf 81' lang='lat' dir='ltr'>peregrinatoris</span> <span class='ocrx_word' id='word_1_207' title='bbox 1348 1442 1488 1482; x_wconf 85' lang='lat' dir='ltr'>amictu,</span> <span class='ocrx_word' id='word_1_208' title='bbox 1516 1442 1609 1488; x_wconf 88' lang='lat' dir='ltr'>quali</span> <span class='ocrx_word' id='word_1_209' title='bbox 1632 1454 1714 1477; x_wconf 90' lang='lat' dir='ltr'>usus</span> 
     </span>
     <span class='ocr_line' id='line_1_20' title="bbox 113 1503 1714 1550; baseline 0 -12"><span class='ocrx_word' id='word_1_210' title='bbox 113 1507 202 1538; x_wconf 86' lang='lat' dir='ltr'>esset</span> <span class='ocrx_word' id='word_1_211' title='bbox 220 1503 254 1536; x_wconf 91' lang='lat' dir='ltr'>in</span> <span class='ocrx_word' id='word_1_212' title='bbox 279 1503 572 1549; x_wconf 83' lang='lat' dir='ltr'>Jerosolymitano</span> <span class='ocrx_word' id='word_1_213' title='bbox 592 1504 728 1544; x_wconf 89' lang='lat' dir='ltr'>itinere,</span> <span class='ocrx_word' id='word_1_214' title='bbox 750 1508 957 1545; x_wconf 90' lang='lat' dir='ltr'>contectum,</span> <span class='ocrx_word' id='word_1_215' title='bbox 976 1516 997 1539; x_wconf 89' lang='lat' dir='ltr'>a</span> <span class='ocrx_word' id='word_1_216' title='bbox 1017 1504 1234 1543; x_wconf 88' lang='lat' dir='ltr'>mendiculis,</span> <span class='ocrx_word' id='word_1_217' title='bbox 1256 1509 1289 1539; x_wconf 91' lang='lat' dir='ltr'>et</span> <span class='ocrx_word' id='word_1_218' title='bbox 1316 1505 1401 1550; x_wconf 90' lang='lat' dir='ltr'>ipsis</span> <span class='ocrx_word' id='word_1_219' title='bbox 1424 1504 1470 1539; x_wconf 87' lang='lat' dir='ltr'>ad</span> <span class='ocrx_word' id='word_1_220' title='bbox 1487 1505 1590 1539; x_wconf 89' lang='lat' dir='ltr'>funus</span> <span class='ocrx_word' id='word_1_221' title='bbox 1617 1515 1714 1550; x_wconf 89' lang='lat' dir='ltr'>pere-</span> 
     </span>
     <span class='ocr_line' id='line_1_21' title="bbox 112 1565 1713 1612; baseline 0.001 -14"><span class='ocrx_word' id='word_1_222' title='bbox 112 1565 409 1611; x_wconf 87' lang='lat' dir='ltr'>grinabundorum</span> <span class='ocrx_word' id='word_1_223' title='bbox 441 1566 475 1599; x_wconf 91' lang='lat' dir='ltr'>in</span> <span class='ocrx_word' id='word_1_224' title='bbox 503 1577 633 1600; x_wconf 82' lang='lat' dir='ltr'>morem</span> <span class='ocrx_word' id='word_1_225' title='bbox 663 1567 839 1606; x_wconf 78' lang='lat' dir='ltr'>tunicatis,</span> <span class='ocrx_word' id='word_1_226' title='bbox 871 1567 1065 1601; x_wconf 85' lang='lat' dir='ltr'>efferretur.</span> <span class='ocrx_word' id='word_1_227' title='bbox 1097 1567 1217 1612; x_wconf 86' lang='lat' dir='ltr'>Itaque</span> <span class='ocrx_word' id='word_1_228' title='bbox 1241 1566 1369 1601; x_wconf 82' lang='lat' dir='ltr'>elatum</span> <span class='ocrx_word' id='word_1_229' title='bbox 1397 1570 1462 1601; x_wconf 88' lang='lat' dir='ltr'>est.</span> <span class='ocrx_word' id='word_1_230' title='bbox 1494 1567 1649 1605; x_wconf 83' lang='lat' dir='ltr'>Quiescit</span> <span class='ocrx_word' id='word_1_231' title='bbox 1679 1567 1713 1600; x_wconf 91' lang='lat' dir='ltr'>in</span> 
     </span>
     <span class='ocr_line' id='line_1_22' title="bbox 112 1627 1712 1674; baseline 0.001 -13"><span class='ocrx_word' id='word_1_232' title='bbox 112 1627 292 1673; x_wconf 89' lang='lat' dir='ltr'>sepulchro</span> <span class='ocrx_word' id='word_1_233' title='bbox 309 1639 369 1661; x_wconf 89' lang='lat' dir='ltr'>suo</span> <span class='ocrx_word' id='word_1_234' title='bbox 384 1629 439 1672; x_wconf 80' lang='lat'>(3);</span> <span class='ocrx_word' id='word_1_235' title='bbox 458 1627 548 1672; x_wconf 86' lang='lat' dir='ltr'>quod</span> <span class='ocrx_word' id='word_1_236' title='bbox 562 1639 672 1673; x_wconf 84' lang='lat' dir='ltr'>nuper</span> <span class='ocrx_word' id='word_1_237' title='bbox 690 1627 843 1673; x_wconf 83' lang='lat' dir='ltr'>abnepos</span> <span class='ocrx_word' id='word_1_238' title='bbox 863 1640 958 1669; x_wconf 84' lang='lat' dir='ltr'>suus,</span> <span class='ocrx_word' id='word_1_239' title='bbox 978 1628 1131 1663; x_wconf 88' lang='lat' dir='ltr'>Michael</span> <span class='ocrx_word' id='word_1_240' title='bbox 1146 1628 1358 1669; x_wconf 88' lang='lat' dir='ltr'>Radivillus,</span> <span class='ocrx_word' id='word_1_241' title='bbox 1376 1629 1551 1674; x_wconf 85' lang='lat' dir='ltr'>palatinus</span> <span class='ocrx_word' id='word_1_242' title='bbox 1570 1628 1712 1663; x_wconf 89' lang='lat' dir='ltr'>Vilnen-</span> 
     </span>
     <span class='ocr_line' id='line_1_23' title="bbox 112 1689 1714 1741; baseline 0.001 -18"><span class='ocrx_word' id='word_1_243' title='bbox 112 1689 171 1731; x_wconf 87' lang='lat' dir='ltr'>sis,</span> <span class='ocrx_word' id='word_1_244' title='bbox 185 1689 254 1723; x_wconf 83' lang='lat' dir='ltr'>dux</span> <span class='ocrx_word' id='word_1_245' title='bbox 279 1689 488 1724; x_wconf 77' lang='lat' dir='ltr'>exercituum</span> <span class='ocrx_word' id='word_1_246' title='bbox 509 1689 670 1729; x_wconf 63' lang='lat' dir='ltr'>Lituniae,</span> <span class='ocrx_word' id='word_1_247' title='bbox 693 1690 876 1724; x_wconf 86' lang='lat' dir='ltr'>adornavit</span> <span class='ocrx_word' id='word_1_248' title='bbox 895 1704 901 1731; x_wconf 91' lang='lat'>;</span> <span class='ocrx_word' id='word_1_249' title='bbox 924 1691 958 1724; x_wconf 90' lang='lat' dir='ltr'>in</span> <span class='ocrx_word' id='word_1_250' title='bbox 985 1691 1076 1724; x_wconf 87' lang='lat' dir='ltr'>hunc</span> <span class='ocrx_word' id='word_1_251' title='bbox 1102 1689 1191 1724; x_wconf 88' lang='lat' dir='ltr'>diem</span> <span class='ocrx_word' id='word_1_252' title='bbox 1211 1690 1448 1736; x_wconf 89' lang='lat' dir='ltr'>incorruptum</span> <span class='ocrx_word' id='word_1_253' title='bbox 1466 1690 1633 1741; x_wconf 20' lang='lat' dir='ltr'>(4).*Vixit</span> <span class='ocrx_word' id='word_1_254' title='bbox 1651 1690 1684 1725; x_wconf 89' lang='lat' dir='ltr'><strong>N</strong></span> <span class='ocrx_word' id='word_1_255' title='bbox 1689 1691 1714 1724; x_wconf 96' lang='lat' dir='ltr'>i-</span> 
     </span>
     <span class='ocr_line' id='line_1_24' title="bbox 112 1744 1513 1797; baseline -0.001 -12"><span class='ocrx_word' id='word_1_256' title='bbox 112 1751 228 1786; x_wconf 87' lang='lat' dir='ltr'>colaus</span> <span class='ocrx_word' id='word_1_257' title='bbox 243 1763 351 1786; x_wconf 88' lang='lat' dir='ltr'>annos</span> <span class='ocrx_word' id='word_1_258' title='bbox 371 1751 551 1796; x_wconf 77' lang='lat' dir='ltr'>sexaginta</span> <span class='ocrx_word' id='word_1_259' title='bbox 571 1760 715 1797; x_wconf 84' lang='lat' dir='ltr'>septem.</span> <span class='ocrx_word' id='word_1_260' title='bbox 1510 1744 1513 1747; x_wconf 48' lang='grc'><em>’</em></span> 
     </span>
     <span class='ocr_line' id='line_1_25' title="bbox 104 1806 1712 1860; baseline 0.001 -13"><span class='ocrx_word' id='word_1_261' title='bbox 104 1806 108 1809; x_wconf 50' lang='grc'><strong>’</strong></span> <span class='ocrx_word' id='word_1_262' title='bbox 159 1813 329 1858; x_wconf 85' lang='lat' dir='ltr'>Principis</span> <span class='ocrx_word' id='word_1_263' title='bbox 356 1813 457 1847; x_wconf 85' lang='lat' dir='ltr'>funus</span> <span class='ocrx_word' id='word_1_264' title='bbox 476 1817 585 1847; x_wconf 86' lang='lat' dir='ltr'>morte</span> <span class='ocrx_word' id='word_1_265' title='bbox 602 1824 677 1852; x_wconf 87' lang='lat' dir='ltr'>sua,</span> <span class='ocrx_word' id='word_1_266' title='bbox 703 1813 941 1848; x_wconf 85' lang='lat' dir='ltr'>Nesvisiensis</span> <span class='ocrx_word' id='word_1_267' title='bbox 972 1818 1084 1848; x_wconf 85' lang='lat' dir='ltr'>rector</span> <span class='ocrx_word' id='word_1_268' title='bbox 1103 1814 1263 1860; x_wconf 88' lang='lat' dir='ltr'>Collegii,</span> <span class='ocrx_word' id='word_1_269' title='bbox 1282 1815 1401 1849; x_wconf 85' lang='lat' dir='ltr'>Simon</span> <span class='ocrx_word' id='word_1_270' title='bbox 1423 1815 1494 1849; x_wconf 87' lang='lat' dir='ltr'>Gos</span> <span class='ocrx_word' id='word_1_271' title='bbox 1513 1815 1712 1854; x_wconf 84' lang='lat' dir='ltr'>antevertit,</span> 
     </span>
     <span class='ocr_line' id='line_1_26' title="bbox 112 1874 1711 1920; baseline 0.001 -11"><span class='ocrx_word' id='word_1_272' title='bbox 112 1878 339 1920; x_wconf 82' lang='lat' dir='ltr'>praemortuus</span> <span class='ocrx_word' id='word_1_273' title='bbox 360 1874 541 1908; x_wconf 77' lang='lat' dir='ltr'>Varsaviae</span> <span class='ocrx_word' id='word_1_274' title='bbox 564 1874 650 1909; x_wconf 85' lang='lat' dir='ltr'>XIV</span> <span class='ocrx_word' id='word_1_275' title='bbox 668 1875 834 1909; x_wconf 74' lang='lat' dir='ltr'>kalendas</span> <span class='ocrx_word' id='word_1_276' title='bbox 853 1875 1053 1915; x_wconf 78' lang='lat' dir='ltr'>februarias,</span> <span class='ocrx_word' id='word_1_277' title='bbox 1072 1887 1163 1909; x_wconf 87' lang='lat' dir='ltr'>anno</span> <span class='ocrx_word' id='word_1_278' title='bbox 1183 1877 1226 1910; x_wconf 86' lang='lat' dir='ltr'>ab</span> <span class='ocrx_word' id='word_1_279' title='bbox 1250 1876 1336 1910; x_wconf 88' lang='lat' dir='ltr'>inita</span> <span class='ocrx_word' id='word_1_280' title='bbox 1359 1876 1532 1911; x_wconf 84' lang='lat' dir='ltr'>Societate</span> <span class='ocrx_word' id='word_1_281' title='bbox 1555 1876 1711 1916; x_wconf 84' lang='lat' dir='ltr'>XXVII,</span> 
     </span>
     <span class='ocr_line' id='line_1_27' title="bbox 114 1936 1718 1981; baseline 0.001 -11"><span class='ocrx_word' id='word_1_282' title='bbox 114 1937 164 1970; x_wconf 87' lang='lat' dir='ltr'>vir</span> <span class='ocrx_word' id='word_1_283' title='bbox 177 1940 249 1970; x_wconf 91' lang='lat' dir='ltr'>tum</span> <span class='ocrx_word' id='word_1_284' title='bbox 267 1937 395 1981; x_wconf 85' lang='lat' dir='ltr'>pietate</span> <span class='ocrx_word' id='word_1_285' title='bbox 411 1940 483 1970; x_wconf 89' lang='lat' dir='ltr'>tum</span> <span class='ocrx_word' id='word_1_286' title='bbox 497 1936 654 1970; x_wconf 82' lang='lat' dir='ltr'>doctrina</span> <span class='ocrx_word' id='word_1_287' title='bbox 668 1936 929 1970; x_wconf 80' lang='lat' dir='ltr'>commendabili</span> <span class='ocrx_word' id='word_1_288' title='bbox 947 1949 953 1976; x_wconf 88' lang='lat'><em>;</em></span> <span class='ocrx_word' id='word_1_289' title='bbox 969 1937 1128 1971; x_wconf 90' lang='lat' dir='ltr'>comitem</span> <span class='ocrx_word' id='word_1_290' title='bbox 1144 1937 1178 1970; x_wconf 87' lang='lat' dir='ltr'>in</span> <span class='ocrx_word' id='word_1_291' title='bbox 1198 1938 1285 1971; x_wconf 80' lang='lat' dir='ltr'>viam</span> <span class='ocrx_word' id='word_1_292' title='bbox 1304 1937 1509 1972; x_wconf 76' lang='lat' dir='ltr'>aeternitatis</span> <span class='ocrx_word' id='word_1_293' title='bbox 1524 1938 1645 1972; x_wconf 89' lang='lat' dir='ltr'>eodem</span> <span class='ocrx_word' id='word_1_294' title='bbox 1663 1938 1718 1973; x_wconf 90' lang='lat' dir='ltr'>die</span> 
     </span>
     <span class='ocr_line' id='line_1_28' title="bbox 113 1998 1715 2044; baseline 0.002 -12"><span class='ocrx_word' id='word_1_295' title='bbox 113 2009 155 2032; x_wconf 79' lang='lat' dir='ltr'>ex</span> <span class='ocrx_word' id='word_1_296' title='bbox 172 1998 350 2033; x_wconf 85' lang='lat' dir='ltr'>Sociorum</span> <span class='ocrx_word' id='word_1_297' title='bbox 371 1998 595 2032; x_wconf 82' lang='lat' dir='ltr'>Varsaviensi</span> <span class='ocrx_word' id='word_1_298' title='bbox 610 1998 759 2044; x_wconf 75' lang='lat' dir='ltr'>collegio</span> <span class='ocrx_word' id='word_1_299' title='bbox 779 2003 900 2033; x_wconf 84' lang='lat' dir='ltr'>nactus</span> <span class='ocrx_word' id='word_1_300' title='bbox 923 1998 1099 2032; x_wconf 82' lang='lat' dir='ltr'>Simonem</span> <span class='ocrx_word' id='word_1_301' title='bbox 1119 1998 1323 2039; x_wconf 83' lang='lat' dir='ltr'>Gorskium,</span> <span class='ocrx_word' id='word_1_302' title='bbox 1346 2010 1475 2044; x_wconf 82' lang='lat' dir='ltr'>genere</span> <span class='ocrx_word' id='word_1_303' title='bbox 1494 2000 1715 2042; x_wconf 86' lang='lat' dir='ltr'>Masovitam,</span> 
     </span>
     <span class='ocr_line' id='line_1_29' title="bbox 112 2061 1715 2108; baseline 0.002 -14"><span class='ocrx_word' id='word_1_304' title='bbox 112 2061 317 2106; x_wconf 80' lang='lat' dir='ltr'>magisteriis</span> <span class='ocrx_word' id='word_1_305' title='bbox 337 2061 532 2101; x_wconf 60' lang='lat' dir='ltr'>rhetoricae,</span> <span class='ocrx_word' id='word_1_306' title='bbox 554 2062 784 2107; x_wconf 63' lang='lat' dir='ltr'>philosophiae</span> <span class='ocrx_word' id='word_1_307' title='bbox 800 2066 834 2095; x_wconf 88' lang='lat' dir='ltr'>et</span> <span class='ocrx_word' id='word_1_308' title='bbox 866 2061 1052 2106; x_wconf 61' lang='lat' dir='ltr'>theologiae</span> <span class='ocrx_word' id='word_1_309' title='bbox 1081 2062 1298 2096; x_wconf 80' lang='lat' dir='ltr'>scholasticae</span> <span class='ocrx_word' id='word_1_310' title='bbox 1318 2064 1537 2108; x_wconf 86' lang='lat' dir='ltr'>septennium</span> <span class='ocrx_word' id='word_1_311' title='bbox 1564 2064 1715 2105; x_wconf 77' lang='lat' dir='ltr'>traditae,</span> 
     </span>
     <span class='ocr_line' id='line_1_30' title="bbox 114 2123 1720 2169; baseline 0.003 -14"><span class='ocrx_word' id='word_1_312' title='bbox 114 2123 249 2168; x_wconf 87' lang='lat' dir='ltr'>scriptis</span> <span class='ocrx_word' id='word_1_313' title='bbox 269 2135 403 2168; x_wconf 82' lang='lat' dir='ltr'>quoque</span> <span class='ocrx_word' id='word_1_314' title='bbox 418 2124 587 2158; x_wconf 85' lang='lat' dir='ltr'>adversus</span> <span class='ocrx_word' id='word_1_315' title='bbox 603 2124 752 2158; x_wconf 84' lang='lat' dir='ltr'>Arianos</span> <span class='ocrx_word' id='word_1_316' title='bbox 780 2124 959 2169; x_wconf 85' lang='lat' dir='ltr'>inclytum.</span> <span class='ocrx_word' id='word_1_317' title='bbox 979 2123 1054 2157; x_wconf 90' lang='lat' dir='ltr'>Duo</span> <span class='ocrx_word' id='word_1_318' title='bbox 1070 2123 1186 2168; x_wconf 83' lang='lat' dir='ltr'>itaque</span> <span class='ocrx_word' id='word_1_319' title='bbox 1205 2124 1328 2158; x_wconf 89' lang='lat' dir='ltr'>funera</span> <span class='ocrx_word' id='word_1_320' title='bbox 1343 2123 1465 2158; x_wconf 87' lang='lat' dir='ltr'>eodem</span> <span class='ocrx_word' id='word_1_321' title='bbox 1480 2124 1534 2158; x_wconf 91' lang='lat' dir='ltr'>die</span> <span class='ocrx_word' id='word_1_322' title='bbox 1548 2125 1583 2159; x_wconf 93' lang='lat' dir='ltr'>in</span> <span class='ocrx_word' id='word_1_323' title='bbox 1599 2125 1720 2160; x_wconf 90' lang='lat' dir='ltr'>eodem</span> 
     </span>
     <span class='ocr_line' id='line_1_31' title="bbox 115 2183 1719 2233; baseline 0.002 -15"><span class='ocrx_word' id='word_1_324' title='bbox 115 2183 285 2218; x_wconf 88' lang='lat' dir='ltr'>domicilio</span> <span class='ocrx_word' id='word_1_325' title='bbox 318 2189 417 2219; x_wconf 87' lang='lat' dir='ltr'>erant</span> <span class='ocrx_word' id='word_1_326' title='bbox 443 2185 614 2219; x_wconf 84' lang='lat' dir='ltr'>facienda.</span> <span class='ocrx_word' id='word_1_327' title='bbox 654 2186 750 2219; x_wconf 80' lang='lat' dir='ltr'>Vixit</span> <span class='ocrx_word' id='word_1_328' title='bbox 786 2186 827 2219; x_wconf 89' lang='lat' dir='ltr'>P.</span> <span class='ocrx_word' id='word_1_329' title='bbox 850 2186 967 2219; x_wconf 90' lang='lat' dir='ltr'>Simon</span> <span class='ocrx_word' id='word_1_330' title='bbox 995 2185 1030 2218; x_wconf 89' lang='lat' dir='ltr'>in</span> <span class='ocrx_word' id='word_1_331' title='bbox 1065 2185 1240 2219; x_wconf 87' lang='lat' dir='ltr'>Societate</span> <span class='ocrx_word' id='word_1_332' title='bbox 1275 2197 1386 2219; x_wconf 87' lang='lat' dir='ltr'>annos</span> <span class='ocrx_word' id='word_1_333' title='bbox 1421 2186 1480 2226; x_wconf 72' lang='lat'>27,</span> <span class='ocrx_word' id='word_1_334' title='bbox 1507 2192 1719 2233; x_wconf 81' lang='lat' dir='ltr'>aggregatus</span> 
     </span>
     <span class='ocr_line' id='line_1_32' title="bbox 117 2245 1722 2291; baseline 0.004 -13"><span class='ocrx_word' id='word_1_335' title='bbox 117 2245 160 2279; x_wconf 84' lang='lat' dir='ltr'>ad</span> <span class='ocrx_word' id='word_1_336' title='bbox 188 2257 262 2279; x_wconf 87' lang='lat' dir='ltr'>eam</span> <span class='ocrx_word' id='word_1_337' title='bbox 289 2247 429 2291; x_wconf 83' lang='lat' dir='ltr'>juvenis</span> <span class='ocrx_word' id='word_1_338' title='bbox 445 2258 613 2281; x_wconf 87' lang='lat' dir='ltr'>annorum</span> <span class='ocrx_word' id='word_1_339' title='bbox 632 2248 691 2282; x_wconf 68' lang='lat'>21.</span> <span class='ocrx_word' id='word_1_340' title='bbox 712 2249 751 2282; x_wconf 91' lang='lat' dir='ltr'>In</span> <span class='ocrx_word' id='word_1_341' title='bbox 770 2259 894 2281; x_wconf 89' lang='lat' dir='ltr'>munus</span> <span class='ocrx_word' id='word_1_342' title='bbox 910 2247 1066 2287; x_wconf 84' lang='lat' dir='ltr'>rectoris,</span> <span class='ocrx_word' id='word_1_343' title='bbox 1088 2259 1108 2281; x_wconf 86' lang='lat' dir='ltr'>a</span> <span class='ocrx_word' id='word_1_344' title='bbox 1129 2248 1234 2283; x_wconf 86' lang='lat' dir='ltr'>Patre</span> <span class='ocrx_word' id='word_1_345' title='bbox 1263 2248 1334 2282; x_wconf 87' lang='lat' dir='ltr'>Gos</span> <span class='ocrx_word' id='word_1_346' title='bbox 1359 2248 1530 2290; x_wconf 85' lang='lat' dir='ltr'>relictum,</span> <span class='ocrx_word' id='word_1_347' title='bbox 1557 2250 1722 2284; x_wconf 89' lang='lat' dir='ltr'>successit</span> 
     </span>
     <span class='ocr_line' id='line_1_33' title="bbox 118 2307 1620 2357; baseline 0.004 -17"><span class='ocrx_word' id='word_1_348' title='bbox 118 2307 268 2343; x_wconf 86' lang='lat' dir='ltr'>Michael</span> <span class='ocrx_word' id='word_1_349' title='bbox 287 2308 467 2348; x_wconf 86' lang='lat' dir='ltr'>Ortissius,</span> <span class='ocrx_word' id='word_1_350' title='bbox 479 2320 579 2343; x_wconf 85' lang='lat' dir='ltr'>carus</span> <span class='ocrx_word' id='word_1_351' title='bbox 596 2314 629 2344; x_wconf 90' lang='lat' dir='ltr'>et</span> <span class='ocrx_word' id='word_1_352' title='bbox 648 2309 706 2344; x_wconf 88' lang='lat' dir='ltr'>ille</span> <span class='ocrx_word' id='word_1_353' title='bbox 718 2309 860 2344; x_wconf 81' lang='lat' dir='ltr'>Nicolao</span> <span class='ocrx_word' id='word_1_354' title='bbox 879 2309 1026 2354; x_wconf 87' lang='lat' dir='ltr'>principi</span> <span class='ocrx_word' id='word_1_355' title='bbox 1042 2313 1075 2343; x_wconf 91' lang='lat' dir='ltr'>et</span> <span class='ocrx_word' id='word_1_356' title='bbox 1094 2310 1196 2355; x_wconf 85' lang='lat' dir='ltr'>hujus</span> <span class='ocrx_word' id='word_1_357' title='bbox 1215 2309 1295 2343; x_wconf 78' lang='lat' dir='ltr'>filiis</span> <span class='ocrx_word' id='word_1_358' title='bbox 1311 2311 1554 2356; x_wconf 85' lang='lat' dir='ltr'>superstitibus</span> <span class='ocrx_word' id='word_1_359' title='bbox 1573 2311 1620 2357; x_wconf 88' lang='lat'>(5).</span> 
     </span>
    </p>

    <p class='ocr_par' dir='ltr' id='par_1_3' title="bbox 158 2388 1719 2427">
     <span class='ocr_line' id='line_1_34' title="bbox 158 2388 1719 2427; baseline 0.003 -12"><span class='ocrx_word' id='word_1_360' title='bbox 158 2388 197 2423; x_wconf 80' lang='grc'>(1)</span> <span class='ocrx_word' id='word_1_361' title='bbox 210 2389 335 2416; x_wconf 82' lang='lat' dir='ltr'>Morienti</span> <span class='ocrx_word' id='word_1_362' title='bbox 352 2390 449 2416; x_wconf 69' lang='lat' dir='ltr'>adsunt</span> <span class='ocrx_word' id='word_1_363' title='bbox 465 2389 537 2417; x_wconf 85' lang='lat' dir='ltr'>Socii</span> <span class='ocrx_word' id='word_1_364' title='bbox 552 2390 602 2416; x_wconf 69' lang='lat' dir='ltr'>Dr.</span> <span class='ocrx_word' id='word_1_365' title='bbox 621 2390 752 2423; x_wconf 65' lang='lat' dir='ltr'>Ammius,</span> <span class='ocrx_word' id='word_1_366' title='bbox 773 2390 932 2423; x_wconf 65' lang='lat' dir='ltr'>Smiglecln,</span> <span class='ocrx_word' id='word_1_367' title='bbox 950 2389 1036 2418; x_wconf 81' lang='lat' dir='ltr'>Ornz.</span> <span class='ocrx_word' id='word_1_368' title='bbox 1063 2405 1094 2411; x_wconf 60' lang='grc' dir='ltr'><strong>ν</strong></span> <span class='ocrx_word' id='word_1_369' title='bbox 1113 2390 1152 2426; x_wconf 77' lang='lat'>(⁶2)</span> <span class='ocrx_word' id='word_1_370' title='bbox 1172 2391 1271 2425; x_wconf 75' lang='lat' dir='ltr'>Pompa</span> <span class='ocrx_word' id='word_1_371' title='bbox 1289 2392 1411 2419; x_wconf 86' lang='lat' dir='ltr'>insolens</span> <span class='ocrx_word' id='word_1_372' title='bbox 1434 2392 1459 2419; x_wconf 88' lang='lat' dir='ltr'>in</span> <span class='ocrx_word' id='word_1_373' title='bbox 1477 2393 1619 2420; x_wconf 79' lang='lat' dir='ltr'>funeribus</span> <span class='ocrx_word' id='word_1_374' title='bbox 1641 2392 1719 2427; x_wconf 85' lang='lat' dir='ltr'>prin-</span> 
     </span>
    </p>
   </div>
   <div class='ocr_carea' id='block_1_3' title="bbox 119 2442 1438 2534">
    <p class='ocr_par' dir='ltr' id='par_1_4' title="bbox 119 2442 1438 2534">
     <span class='ocr_line' id='line_1_35' title="bbox 119 2442 1438 2482; baseline 0.002 -13"><span class='ocrx_word' id='word_1_375' title='bbox 119 2442 217 2476; x_wconf 83' lang='lat' dir='ltr'>cipum.</span> <span class='ocrx_word' id='word_1_376' title='bbox 233 2458 271 2461; x_wconf 97' lang='lat'><strong>—</strong></span> <span class='ocrx_word' id='word_1_377' title='bbox 284 2442 322 2479; x_wconf 87' lang='lat'>(3)</span> <span class='ocrx_word' id='word_1_378' title='bbox 338 2442 452 2470; x_wconf 72' lang='lat' dir='ltr'>Nes-visu</span> <span class='ocrx_word' id='word_1_379' title='bbox 467 2444 642 2478; x_wconf 81' lang='lat' dir='ltr'>sepulchrum</span> <span class='ocrx_word' id='word_1_380' title='bbox 661 2444 856 2471; x_wconf 76' lang='lat' dir='ltr'>Ra‹livi110nim</span> <span class='ocrx_word' id='word_1_381' title='bbox 873 2445 1035 2478; x_wconf 79' lang='lat' dir='ltr'>principum.</span> <span class='ocrx_word' id='word_1_382' title='bbox 1055 2460 1093 2464; x_wconf 89' lang='grc'>--</span> <span class='ocrx_word' id='word_1_383' title='bbox 1112 2444 1149 2479; x_wconf 69' lang='grc'>(4)</span> <span class='ocrx_word' id='word_1_384' title='bbox 1169 2444 1276 2479; x_wconf 79' lang='lat' dir='ltr'>Corpus</span> <span class='ocrx_word' id='word_1_385' title='bbox 1290 2446 1438 2482; x_wconf 80' lang='lat' dir='ltr'>integrum.</span> 
     </span>
     <span class='ocr_line' id='line_1_36' title="bbox 161 2495 786 2534; baseline 0.002 -12"><span class='ocrx_word' id='word_1_386' title='bbox 161 2496 198 2531; x_wconf 66' lang='grc' dir='ltr'>(ὃ)</span> <span class='ocrx_word' id='word_1_387' title='bbox 214 2495 395 2524; x_wconf 82' lang='lat' dir='ltr'>Ncsvisicnsis</span> <span class='ocrx_word' id='word_1_388' title='bbox 407 2495 523 2534; x_wconf 74' lang='lat' dir='ltr'>Collegii</span> <span class='ocrx_word' id='word_1_389' title='bbox 543 2500 636 2524; x_wconf 76' lang='lat' dir='ltr'>rector</span> <span class='ocrx_word' id='word_1_390' title='bbox 655 2498 683 2524; x_wconf 67' lang='grc' dir='ltr'>Ι).</span> <span class='ocrx_word' id='word_1_391' title='bbox 701 2496 786 2525; x_wconf 66' lang='lat' dir='ltr'>Ortiz.</span> 
     </span>
    </p>
   </div>
   <div class='ocr_carea' id='block_1_4' title="bbox 1733 397 1797 424">
    <p class='ocr_par' dir='ltr' id='par_1_5' title="bbox 1733 397 1797 424">
     <span class='ocr_line' id='line_1_37' title="bbox 1733 397 1797 424; baseline -0.016 0"><span class='ocrx_word' id='word_1_392' title='bbox 1733 397 1797 424; x_wconf 82' lang='grc'>1616</span> 
     </span>
    </p>
   </div>
   <div class='ocr_carea' id='block_1_5' title="bbox 1737 825 1839 853">
    <p class='ocr_par' dir='ltr' id='par_1_6' title="bbox 1737 825 1839 853">
     <span class='ocr_line' id='line_1_38' title="bbox 1737 825 1839 853; baseline -0.02 0"><span class='ocrx_word' id='word_1_393' title='bbox 1737 825 1839 853; x_wconf 80' lang='lat' dir='ltr'>Obitus.</span> 
     </span>
    </p>
   </div>
   <div class='ocr_carea' id='block_1_6' title="bbox 1744 1567 1884 1600">
    <p class='ocr_par' dir='ltr' id='par_1_7' title="bbox 1744 1567 1884 1600">
     <span class='ocr_line' id='line_1_39' title="bbox 1744 1567 1884 1600; baseline -0.007 -7"><span class='ocrx_word' id='word_1_394' title='bbox 1744 1567 1884 1600; x_wconf 78' lang='lat' dir='ltr'>Sepultura</span> 
     </span>
    </p>
   </div>
   <div class='ocr_carea' id='block_1_7' title="bbox 1743 1822 1890 2043">
    <p class='ocr_par' dir='ltr' id='par_1_8' title="bbox 1743 1822 1890 2043">
     <span class='ocr_line' id='line_1_40' title="bbox 1799 1822 1831 1847; baseline 0.031 -1"><span class='ocrx_word' id='word_1_395' title='bbox 1799 1822 1831 1847; x_wconf 82' lang='lat'>26</span> 
     </span>
     <span class='ocr_line' id='line_1_41' title="bbox 1743 1859 1875 1887; baseline -0.015 0"><span class='ocrx_word' id='word_1_396' title='bbox 1743 1859 1875 1887; x_wconf 81' lang='lat' dir='ltr'>Varsaviae</span> 
     </span>
     <span class='ocr_line' id='line_1_42' title="bbox 1743 1898 1888 1924; baseline -0.014 0"><span class='ocrx_word' id='word_1_397' title='bbox 1743 1898 1849 1924; x_wconf 79' lang='lat' dir='ltr'>PRGos</span> <span class='ocrx_word' id='word_1_398' title='bbox 1862 1899 1888 1923; x_wconf 84' lang='lat' dir='ltr'>et</span> 
     </span>
     <span class='ocr_line' id='line_1_43' title="bbox 1744 1939 1890 1966; baseline -0.014 0"><span class='ocrx_word' id='word_1_399' title='bbox 1744 1939 1838 1966; x_wconf 87' lang='lat' dir='ltr'>Gorski</span> <span class='ocrx_word' id='word_1_400' title='bbox 1850 1947 1890 1965; x_wconf 85' lang='lat' dir='ltr'>eo-</span> 
     </span>
     <span class='ocr_line' id='line_1_44' title="bbox 1745 1977 1847 2003; baseline -0.01 0"><span class='ocrx_word' id='word_1_401' title='bbox 1745 1978 1803 2003; x_wconf 84' lang='lat' dir='ltr'>dem</span> <span class='ocrx_word' id='word_1_402' title='bbox 1820 1977 1847 2003; x_wconf 85' lang='lat' dir='ltr'>di</span> 
     </span>
     <span class='ocr_line' id='line_1_45' title="bbox 1746 2017 1843 2043; baseline 0 0"><span class='ocrx_word' id='word_1_403' title='bbox 1746 2017 1843 2043; x_wconf 77' lang='lat' dir='ltr'>funera.</span> 
     </span>
    </p>
   </div>
  </div>
 </body>
</html>
