2184 2953
548 661 1309 699 LITUANXOARUM

773 777 981 807 SOCIETATIS
1003 775 1086 804 JESU

367 889 1486 1039 HISTORIARUM

558 1083 800 1125 LIBER
857 1077 1288 1123 SECUNDUS

810 1176 1029 1217 (1571-1580.)

827 1295 1017 1313 —02030—

228 1561 249 1583 a
268 1549 331 1583 Pio
350 1549 381 1582 V
400 1550 527 1584 missus
546 1549 590 1583 ad
610 1561 727 1595 regem
764 1549 975 1583 Polonorum
995 1547 1255 1593 Sigismundum
1273 1547 1489 1592 Aug-{istium
1511 1546 1603 1591 apud
1623 1557 1724 1591 quem
1751 1551 1857 1602 Magiu's
1883 1579 1899 1595 a

228 1611 358 1645 scilicet
389 1611 461 1656 ipse
488 1611 663 1656 gratiosus
694 1611 795 1645 foret.
831 1610 1020 1655 Negotium
1048 1609 1235 1654 legationis
1267 1614 1354 1649 erat,
1377 1609 1412 1642 in
1440 1620 1506 1653 quo
1533 1608 1725 1642 honestatis
1750 1608 1876 1634 Pontifiee

111 1672 270 1718 publicae,
292 1673 527 1719 prodendique
555 1673 703 1718 exempli
724 1684 791 1706 non
811 1672 944 1717 optimi,
967 1675 999 1705 et
1022 1671 1124 1705 fama}
1149 1682 1252 1705 causa
1270 1671 1379 1716 regiae
1398 1670 1580 1715 agebatur,
1603 1670 1631 1704 si
1653 1670 1724 1705 Au—
1750 1648 1880 1718 {gggmad

110 1738 231 1779 gustus
256 1739 494 1780 perseveraret
510 1735 545 1768 in
563 1734 754 1780 proposito,
777 1734 955 1768 Statuerat
974 1733 1045 1773 ille,
1062 1733 1174 1777 prima
1190 1733 1351 1778 conjuge.
1369 1731 1600 1767 Maximiliani
1618 1732 1723 1777 impe-
1751 1727 1863 1793 ξὲζῡῒῗέζ

115 1497 344 1634 EXEUNTE
364 1499 444 1521 vero
467 1491 622 1532 tempore
656 1487 743 1522 1571
766 1487 886 1522 revisit
903 1487 947 1520 ab
966 1486 1107 1521 Austria
1127 1486 1309 1520 Poloniam
1333 1484 1543 1520 Laurentius
1566 1484 1722 1529 Magius,
1755 1492 1827 1554 1571Ι

110 1796 234 1830 ratoris
250 1808 379 1837 sorore,
403 1797 482 1841 quia
497 1796 624 1831 sterilis
639 1800 741 1835 esset,
760 1807 821 1841 per
835 1794 1016 1839 repudium
1031 1794 1188 1833 dimissa,
1210 1806 1366 1829 sororem
1380 1794 1483 1839 hujus
1499 1793 1724 1828 Catharinam

109 1857 154 1891 ad
172 1857 362 1892 thalamum
382 1858 550 1898 invitare3
575 1858 677 1903 idque
700 1857 772 1902 jam
793 1868 861 1890 non
884 1857 1029 1890 obscure
1047 1867 1108 1901 per
1128 1867 1210 1890 suos
1237 1856 1330 1901 apud
1349 1856 1595 1901 imperatorem
1614 1855 1722 1890 inter-

110 1919 247 1953 nuntios
261 1919 430 1964 agitabat.
458 1919 512 1954 Ab
533 1930 573 1954 eo
592 1919 782 1965 principem
800 1922 1027 1952 revocaturus
1048 1917 1191 1951 consilio
1213 1917 1387 1956 Pontifex,
1410 1916 1592 1951 Laurentii
1618 1928 1725 1962 opera

108 1979 156 2014 uti
175 1980 304 2021 voluit;
324 1980 450 2015 litteris
471 1992 532 2026 per
550 1980 696 2015 eundem
713 1980 757 2013 ad
781 1979 1054 2024 Sigssmundum,
1075 1979 1119 2012 ad
1139 1989 1300 2024 proceres
1320 1978 1485 2019 Polouos,
1504 1978 1548 2011 ad
1568 1989 1667 2012 suum
1687 1978 1722 2012 in

108 2041 255 2076 Polonia
283 2043 441 2077 nuntium
461 2043 683 2077 Vincentiuni
708 2041 898 2079 Porticum,
921 2040 1083 2074 dimissis.
1108 2040 1260 2074 Nuntius
1279 2039 1430 2079 interim,
1452 2039 1609 2074 adhibita
1627 2039 1721 2075 cele-

107 2103 221 2145 ritate,
251 2104 348 2150 prius
376 2116 449 2139 rem
476 2104 625 2144 conficit,
654 2115 757 2149 quani
784 2107 820 2137 ut
847 2102 964 2147 aliqua
994 2106 1166 2148 praeterea
1201 2114 1287 2148 opus
1316 2102 1360 2136 sit
1387 2113 1505 2147 opera.
1537 2102 1722 2148 Proposita

106 2164 272 2200 liberatus
290 2177 373 2200 cura
392 2165 547 2211 Magius,
569 2166 613 2199 ad
642 2176 696 2199 res
715 2165 894 2199 Sociorum
918 2163 953 2197 in
980 2163 1154 2203 Lituaffla,
1179 2175 1289 2209 nuper
1307 2174 1328 2196 a
1347 2174 1384 2198 se
1408 2163 1597 2204 institutas,
1620 2163 1721 2198 laetus
1774 2177 1777 2199 ι

109 2236 145 2260 se
162 2226 276 2261 vertit.
298 2226 414 2261 Vilnae
436 2238 600 2273 prospere
620 2227 722 2260 rebus
738 2225 884 2270 Collegii
904 2225 1171 2270 procedentibus
1190 2228 1224 2259 et
1243 2224 1380 2266 studiis,
1403 2224 1584 2259 imminuta
1602 2225 1720 2260 multis
1772 2223 1773 2226 ’

106 2287 260 2332 partibus
291 2288 367 2323 visa
398 2293 450 2323 est
480 2288 723 2323 haereticorum
758 2287 955 2321 insolentia.
991 2286 1199 2331 Repurgata
1230 2291 1423 2332 ornataque
1455 2286 1534 2320 Divi
1568 2287 1716 2321 <Ioannis

106 2348 220 2383 aedes:
242 2349 409 2395 disposita
435 2350 584 2384 altaria:
607 2353 770 2395 reparata
797 2348 953 2393 supellex
979 2359 1100 2381 sacra:
1130 2348 1301 2382 institutae
1328 2349 1531 2383 catechismi
1558 2348 1712 2383 scholae:
1744 2342 1833 2407 vnn}
1854 2392 1869 2408 a

106 2409 187 2443 ordo
206 2411 464 2452 sacrificiorum,
486 2423 559 2446 {era
577 2422 759 2456 campana,
781 2411 925 2449 musica,
948 2408 1086 2454 aliaque
1105 2409 1332 2444 invitamenta
1351 2409 1469 2456 populi
1487 2411 1533 2444 ad
1551 2410 1711 2455 pietatem
1744 2420 1825 2445 Sociis
1851 2430 1890 2446 res

105 2474 235 2506 curata.
252 2472 471 2508 Allectabant
484 2473 617 2508 animos
633 2473 781 2507 maxime
796 2472 969 2506 orationes
984 2471 1028 2505 ad
1043 2471 1244 2506 concionem
1259 2483 1384 2512 sacrae,
1402 2483 1479 2517 quae
1498 2484 1519 2506 a
1539 2471 1714 2506 Stanislao
1741 2458 1891 2523 &ffae‘fffnffl'
