<?xml version="1.0" encoding="UTF-8"?>
<!DOCTYPE html PUBLIC "-//W3C//DTD XHTML 1.0 Transitional//EN"
    "http://www.w3.org/TR/xhtml1/DTD/xhtml1-transitional.dtd">
<html xmlns="http://www.w3.org/1999/xhtml" xml:lang="en" lang="en">
 <head>
  <title>
</title>
<meta http-equiv="Content-Type" content="text/html;charset=utf-8" />
  <meta name='ocr-system' content='tesseract 3.04.00' />
  <meta name='ocr-capabilities' content='ocr_page ocr_carea ocr_par ocr_line ocrx_word'/>
</head>
<body>
  <div class='ocr_page' id='page_1' title='image "./lituanicarumsoci00rost_0376.png"; bbox 0 0 2184 2953; ppageno 0'>
   <div class='ocr_carea' id='block_1_1' title="bbox 265 689 389 841">
    <p class='ocr_par' dir='ltr' id='par_1_1' title="bbox 265 689 389 841">
     <span class='ocr_line' id='line_1_1' title="bbox 265 689 378 715; baseline -0.009 0"><span class='ocrx_word' id='word_1_1' title='bbox 265 689 280 715; x_wconf 88' lang='lat' dir='ltr'>J</span> <span class='ocrx_word' id='word_1_2' title='bbox 283 697 378 715; x_wconf 81' lang='lat' dir='ltr'>oannes</span> 
     </span>
     <span class='ocr_line' id='line_1_2' title="bbox 266 736 389 761; baseline -0.008 -7"><span class='ocrx_word' id='word_1_3' title='bbox 266 737 309 754; x_wconf 80' lang='lat' dir='ltr'>rex</span> <span class='ocrx_word' id='word_1_4' title='bbox 333 736 389 761; x_wconf 84' lang='lat' dir='ltr'>per-</span> 
     </span>
     <span class='ocr_line' id='line_1_3' title="bbox 265 768 366 801; baseline 0 -7"><span class='ocrx_word' id='word_1_5' title='bbox 265 768 366 801; x_wconf 68' lang='lat' dir='ltr'>fugium</span> 
     </span>
     <span class='ocr_line' id='line_1_4' title="bbox 266 808 371 841; baseline -0.01 -7"><span class='ocrx_word' id='word_1_6' title='bbox 266 808 371 841; x_wconf 79' lang='lat' dir='ltr'>quaerit.</span> 
     </span>
    </p>
   </div>
   <div class='ocr_carea' id='block_1_2' title="bbox 268 1137 393 1246">
    <p class='ocr_par' dir='ltr' id='par_1_2' title="bbox 268 1137 393 1246">
     <span class='ocr_line' id='line_1_5' title="bbox 269 1137 393 1164; baseline 0 -1"><span class='ocrx_word' id='word_1_7' title='bbox 269 1137 393 1164; x_wconf 84' lang='lat' dir='ltr'>Formula</span> 
     </span>
     <span class='ocr_line' id='line_1_6' title="bbox 268 1179 386 1205; baseline 0.008 -1"><span class='ocrx_word' id='word_1_8' title='bbox 268 1179 386 1205; x_wconf 78' lang='lat' dir='ltr'>instituti</span> 
     </span>
     <span class='ocr_line' id='line_1_7' title="bbox 268 1220 363 1246; baseline 0 0"><span class='ocrx_word' id='word_1_9' title='bbox 268 1220 363 1246; x_wconf 85' lang='lat' dir='ltr'>civilis.</span> 
     </span>
    </p>
   </div>
   <div class='ocr_carea' id='block_1_3' title="bbox 437 288 1695 321">
    <p class='ocr_par' dir='ltr' id='par_1_3' title="bbox 437 288 1695 321">
     <span class='ocr_line' id='line_1_8' title="bbox 437 288 1695 321; baseline 0 -2"><span class='ocrx_word' id='word_1_10' title='bbox 437 289 496 321; x_wconf 81' lang='lat'>352</span> <span class='ocrx_word' id='word_1_11' title='bbox 806 289 1081 317; x_wconf 76' lang='lat' dir='ltr'><strong>LITUANICARUM</strong></span> <span class='ocrx_word' id='word_1_12' title='bbox 1105 288 1316 318; x_wconf 77' lang='lat' dir='ltr'>SOCIETATIS</span> <span class='ocrx_word' id='word_1_13' title='bbox 1337 290 1422 319; x_wconf 80' lang='lat' dir='ltr'>JESU</span> <span class='ocrx_word' id='word_1_14' title='bbox 1446 290 1695 320; x_wconf 68' lang='lat' dir='ltr'>HISTORIARUM</span> 
     </span>
    </p>
   </div>
   <div class='ocr_carea' id='block_1_4' title="bbox 437 380 2068 2545">
    <p class='ocr_par' dir='ltr' id='par_1_4' title="bbox 437 380 2062 1112">
     <span class='ocr_line' id='line_1_9' title="bbox 437 380 2061 432; baseline -0.001 -15"><span class='ocrx_word' id='word_1_15' title='bbox 437 382 552 427; x_wconf 80' lang='lat' dir='ltr'><strong>Atque</strong></span> <span class='ocrx_word' id='word_1_16' title='bbox 579 382 655 416; x_wconf 79' lang='lat' dir='ltr'>haec</span> <span class='ocrx_word' id='word_1_17' title='bbox 682 393 752 416; x_wconf 82' lang='lat' dir='ltr'>una</span> <span class='ocrx_word' id='word_1_18' title='bbox 783 381 904 416; x_wconf 86' lang='lat' dir='ltr'>Suecis</span> <span class='ocrx_word' id='word_1_19' title='bbox 933 384 1021 421; x_wconf 86' lang='lat' dir='ltr'>erat,</span> <span class='ocrx_word' id='word_1_20' title='bbox 1045 380 1137 426; x_wconf 83' lang='lat' dir='ltr'>quod</span> <span class='ocrx_word' id='word_1_21' title='bbox 1166 381 1400 423; x_wconf 85' lang='lat' dir='ltr'>meminimus,</span> <span class='ocrx_word' id='word_1_22' title='bbox 1427 382 1599 429; x_wconf 83' lang='lat' dir='ltr'>hodieque</span> <span class='ocrx_word' id='word_1_23' title='bbox 1631 394 1737 432; x_wconf 83' lang='lat' dir='ltr'>causa</span> <span class='ocrx_word' id='word_1_24' title='bbox 1768 386 1819 416; x_wconf 89' lang='lat' dir='ltr'>tot</span> <span class='ocrx_word' id='word_1_25' title='bbox 1837 386 1993 416; x_wconf 89' lang='lat' dir='ltr'>motuum</span> <span class='ocrx_word' id='word_1_26' title='bbox 2020 393 2061 416; x_wconf 86' lang='lat' dir='ltr'>ac</span> 
     </span>
     <span class='ocr_line' id='line_1_10' title="bbox 438 443 2060 490; baseline 0 -13"><span class='ocrx_word' id='word_1_27' title='bbox 438 447 615 478; x_wconf 88' lang='lat' dir='ltr'>tantorum</span> <span class='ocrx_word' id='word_1_28' title='bbox 642 443 677 477; x_wconf 90' lang='lat' dir='ltr'>in</span> <span class='ocrx_word' id='word_1_29' title='bbox 711 443 860 478; x_wconf 88' lang='lat' dir='ltr'>Polonia</span> <span class='ocrx_word' id='word_1_30' title='bbox 879 443 1102 477; x_wconf 73' lang='lat' dir='ltr'><strong>tumultuum.</strong></span> <span class='ocrx_word' id='word_1_31' title='bbox 1126 443 1202 477; x_wconf 93' lang='lat' dir='ltr'>Hoc</span> <span class='ocrx_word' id='word_1_32' title='bbox 1228 443 1286 477; x_wconf 88' lang='lat' dir='ltr'>ille</span> <span class='ocrx_word' id='word_1_33' title='bbox 1313 448 1470 490; x_wconf 87' lang='lat' dir='ltr'>tempore</span> <span class='ocrx_word' id='word_1_34' title='bbox 1497 448 1567 479; x_wconf 89' lang='lat' dir='ltr'>tam</span> <span class='ocrx_word' id='word_1_35' title='bbox 1586 445 1725 479; x_wconf 87' lang='lat' dir='ltr'>turbido</span> <span class='ocrx_word' id='word_1_36' title='bbox 1745 456 1845 480; x_wconf 89' lang='lat' dir='ltr'>suam</span> <span class='ocrx_word' id='word_1_37' title='bbox 1874 443 1956 479; x_wconf 88' lang='lat' dir='ltr'>belli</span> <span class='ocrx_word' id='word_1_38' title='bbox 1983 455 2060 478; x_wconf 84' lang='lat' dir='ltr'>cum</span> 
     </span>
     <span class='ocr_line' id='line_1_11' title="bbox 438 504 2062 552; baseline -0.001 -12"><span class='ocrx_word' id='word_1_39' title='bbox 438 506 592 540; x_wconf 89' lang='lat' dir='ltr'>hostium</span> <span class='ocrx_word' id='word_1_40' title='bbox 623 506 737 540; x_wconf 86' lang='lat' dir='ltr'>causis</span> <span class='ocrx_word' id='word_1_41' title='bbox 769 517 987 540; x_wconf 84' lang='lat' dir='ltr'>communem</span> <span class='ocrx_word' id='word_1_42' title='bbox 1014 504 1106 545; x_wconf 82' lang='lat' dir='ltr'>fecit,</span> <span class='ocrx_word' id='word_1_43' title='bbox 1145 504 1292 546; x_wconf 80' lang='lat' dir='ltr'><strong>facilius,</strong></span> <span class='ocrx_word' id='word_1_44' title='bbox 1321 507 1412 552; x_wconf 85' lang='lat' dir='ltr'>quod</span> <span class='ocrx_word' id='word_1_45' title='bbox 1443 508 1602 548; x_wconf 75' lang='lat' dir='ltr'>ambiret,</span> <span class='ocrx_word' id='word_1_46' title='bbox 1637 511 1850 542; x_wconf 75' lang='lat' dir='ltr'><strong>extorturus.</strong></span> <span class='ocrx_word' id='word_1_47' title='bbox 1874 505 2062 541; x_wconf 76' lang='lat' dir='ltr'>Contendit</span> 
     </span>
     <span class='ocr_line' id='line_1_12' title="bbox 439 567 2057 615; baseline -0.001 -12"><span class='ocrx_word' id='word_1_48' title='bbox 439 580 516 603; x_wconf 91' lang='lat' dir='ltr'>cum</span> <span class='ocrx_word' id='word_1_49' title='bbox 535 568 644 613; x_wconf 86' lang='lat' dir='ltr'>signis</span> <span class='ocrx_word' id='word_1_50' title='bbox 664 567 798 602; x_wconf 88' lang='lat' dir='ltr'>infestis</span> <span class='ocrx_word' id='word_1_51' title='bbox 818 571 914 601; x_wconf 83' lang='lat' dir='ltr'>recta</span> <span class='ocrx_word' id='word_1_52' title='bbox 927 567 963 601; x_wconf 90' lang='lat' dir='ltr'>in</span> <span class='ocrx_word' id='word_1_53' title='bbox 982 567 1179 608; x_wconf 87' lang='lat' dir='ltr'>Poloniam‚</span> <span class='ocrx_word' id='word_1_54' title='bbox 1202 568 1400 613; x_wconf 75' lang='lat' dir='ltr'><strong>agitaturus</strong></span> <span class='ocrx_word' id='word_1_55' title='bbox 1424 580 1544 615; x_wconf 87' lang='lat' dir='ltr'>regem</span> <span class='ocrx_word' id='word_1_56' title='bbox 1570 570 1590 604; x_wconf 82' lang='lat' dir='ltr'>J</span> <span class='ocrx_word' id='word_1_57' title='bbox 1595 580 1745 605; x_wconf 87' lang='lat' dir='ltr'>oannem</span> <span class='ocrx_word' id='word_1_58' title='bbox 1771 572 1857 609; x_wconf 89' lang='lat' dir='ltr'>toto,</span> <span class='ocrx_word' id='word_1_59' title='bbox 1880 568 1909 603; x_wconf 89' lang='lat' dir='ltr'>si</span> <span class='ocrx_word' id='word_1_60' title='bbox 1926 571 2057 614; x_wconf 90' lang='lat' dir='ltr'>posset,</span> 
     </span>
     <span class='ocr_line' id='line_1_13' title="bbox 437 629 2060 677; baseline 0 -13"><span class='ocrx_word' id='word_1_61' title='bbox 437 630 578 665; x_wconf 90' lang='lat' dir='ltr'>mundo.</span> <span class='ocrx_word' id='word_1_62' title='bbox 610 630 738 665; x_wconf 82' lang='lat' dir='ltr'>Decem</span> <span class='ocrx_word' id='word_1_63' title='bbox 768 634 802 665; x_wconf 84' lang='lat' dir='ltr'>et</span> <span class='ocrx_word' id='word_1_64' title='bbox 829 634 960 675; x_wconf 81' lang='lat' dir='ltr'>septem</span> <span class='ocrx_word' id='word_1_65' title='bbox 990 629 1099 663; x_wconf 87' lang='lat' dir='ltr'>millia</span> <span class='ocrx_word' id='word_1_66' title='bbox 1119 641 1261 664; x_wconf 87' lang='lat' dir='ltr'>suorum</span> <span class='ocrx_word' id='word_1_67' title='bbox 1293 630 1451 671; x_wconf 84' lang='lat' dir='ltr'>ductans,</span> <span class='ocrx_word' id='word_1_68' title='bbox 1477 632 1661 666; x_wconf 84' lang='lat' dir='ltr'>Poloniam</span> <span class='ocrx_word' id='word_1_69' title='bbox 1679 631 1903 677; x_wconf 76' lang='lat' dir='ltr'>peragrabat.</span> <span class='ocrx_word' id='word_1_70' title='bbox 1940 630 2060 665; x_wconf 90' lang='lat' dir='ltr'>Cincto</span> 
     </span>
     <span class='ocr_line' id='line_1_14' title="bbox 437 691 2058 739; baseline -0.001 -13"><span class='ocrx_word' id='word_1_71' title='bbox 437 692 590 738; x_wconf 87' lang='lat' dir='ltr'>undique</span> <span class='ocrx_word' id='word_1_72' title='bbox 616 693 780 739; x_wconf 91' lang='lat' dir='ltr'>periculis</span> <span class='ocrx_word' id='word_1_73' title='bbox 803 692 975 738; x_wconf 88' lang='lat' dir='ltr'>reliquum</span> <span class='ocrx_word' id='word_1_74' title='bbox 1004 696 1080 727; x_wconf 83' lang='lat' dir='ltr'>erat</span> <span class='ocrx_word' id='word_1_75' title='bbox 1110 693 1254 734; x_wconf 78' lang='lat' dir='ltr'>Joanni,</span> <span class='ocrx_word' id='word_1_76' title='bbox 1283 705 1320 728; x_wconf 87' lang='lat' dir='ltr'>se</span> <span class='ocrx_word' id='word_1_77' title='bbox 1347 698 1384 728; x_wconf 90' lang='lat' dir='ltr'>ut</span> <span class='ocrx_word' id='word_1_78' title='bbox 1415 697 1537 728; x_wconf 87' lang='lat' dir='ltr'>cautus</span> <span class='ocrx_word' id='word_1_79' title='bbox 1569 694 1788 728; x_wconf 73' lang='lat' dir='ltr'>subduceret.</span> <span class='ocrx_word' id='word_1_80' title='bbox 1830 692 1991 738; x_wconf 85' lang='lat' dir='ltr'>Perfugit</span> <span class='ocrx_word' id='word_1_81' title='bbox 2023 691 2058 725; x_wconf 85' lang='lat' dir='ltr'>in</span> 
     </span>
     <span class='ocr_line' id='line_1_15' title="bbox 439 754 2056 801; baseline 0 -13"><span class='ocrx_word' id='word_1_82' title='bbox 439 754 598 789; x_wconf 81' lang='lat' dir='ltr'>Silesiam</span> <span class='ocrx_word' id='word_1_83' title='bbox 628 767 698 790; x_wconf 88' lang='lat' dir='ltr'>una</span> <span class='ocrx_word' id='word_1_84' title='bbox 724 767 801 789; x_wconf 91' lang='lat' dir='ltr'>cum</span> <span class='ocrx_word' id='word_1_85' title='bbox 821 754 1000 789; x_wconf 88' lang='lat' dir='ltr'>Ludovica</span> <span class='ocrx_word' id='word_1_86' title='bbox 1018 755 1178 801; x_wconf 84' lang='lat' dir='ltr'>conjuge,</span> <span class='ocrx_word' id='word_1_87' title='bbox 1200 756 1415 790; x_wconf 78' lang='lat' dir='ltr'>nostratibus</span> <span class='ocrx_word' id='word_1_88' title='bbox 1434 755 1601 801; x_wconf 80' lang='lat' dir='ltr'>tantisper</span> <span class='ocrx_word' id='word_1_89' title='bbox 1628 756 1763 790; x_wconf 83' lang='lat' dir='ltr'>hostem</span> <span class='ocrx_word' id='word_1_90' title='bbox 1791 754 2056 789; x_wconf 83' lang='lat' dir='ltr'>sustinentibus.</span> 
     </span>
     <span class='ocr_line' id='line_1_16' title="bbox 439 817 2060 864; baseline -0.001 -12"><span class='ocrx_word' id='word_1_91' title='bbox 439 817 660 864; x_wconf 84' lang='lat' dir='ltr'>Glogoviam,</span> <span class='ocrx_word' id='word_1_92' title='bbox 682 818 717 852; x_wconf 91' lang='lat' dir='ltr'>in</span> <span class='ocrx_word' id='word_1_93' title='bbox 745 818 910 863; x_wconf 88' lang='lat' dir='ltr'>oppidum</span> <span class='ocrx_word' id='word_1_94' title='bbox 938 818 1075 853; x_wconf 78' lang='lat' dir='ltr'>Silesiae</span> <span class='ocrx_word' id='word_1_95' title='bbox 1103 818 1271 851; x_wconf 88' lang='lat' dir='ltr'>munitum</span> <span class='ocrx_word' id='word_1_96' title='bbox 1302 822 1464 864; x_wconf 87' lang='lat' dir='ltr'>acceptus</span> <span class='ocrx_word' id='word_1_97' title='bbox 1496 830 1567 853; x_wconf 81' lang='lat' dir='ltr'>rex.</span> <span class='ocrx_word' id='word_1_98' title='bbox 1606 818 1645 852; x_wconf 87' lang='lat' dir='ltr'><strong>Iu</strong></span> <span class='ocrx_word' id='word_1_99' title='bbox 1678 818 1801 853; x_wconf 85' lang='lat' dir='ltr'>relicta</span> <span class='ocrx_word' id='word_1_100' title='bbox 1833 818 1882 852; x_wconf 89' lang='lat' dir='ltr'>ita</span> <span class='ocrx_word' id='word_1_101' title='bbox 1914 817 2060 852; x_wconf 83' lang='lat' dir='ltr'>Polonia</span> 
     </span>
     <span class='ocr_line' id='line_1_17' title="bbox 438 879 2061 926; baseline -0.002 -11"><span class='ocrx_word' id='word_1_102' title='bbox 438 881 573 915; x_wconf 85' lang='lat' dir='ltr'>animos</span> <span class='ocrx_word' id='word_1_103' title='bbox 593 881 719 915; x_wconf 89' lang='lat' dir='ltr'>civium</span> <span class='ocrx_word' id='word_1_104' title='bbox 748 881 925 914; x_wconf 85' lang='lat' dir='ltr'>Gustavus</span> <span class='ocrx_word' id='word_1_105' title='bbox 941 879 1121 925; x_wconf 82' lang='lat' dir='ltr'>promissis</span> <span class='ocrx_word' id='word_1_106' title='bbox 1141 884 1175 914; x_wconf 90' lang='lat' dir='ltr'>et</span> <span class='ocrx_word' id='word_1_107' title='bbox 1197 879 1447 925; x_wconf 87' lang='lat' dir='ltr'>largitionibus</span> <span class='ocrx_word' id='word_1_108' title='bbox 1475 892 1693 926; x_wconf 80' lang='lat' dir='ltr'>oppugnare,</span> <span class='ocrx_word' id='word_1_109' title='bbox 1711 884 1911 925; x_wconf 83' lang='lat' dir='ltr'>mutatoque</span> <span class='ocrx_word' id='word_1_110' title='bbox 1940 879 2061 914; x_wconf 89' lang='lat' dir='ltr'>hostili</span> 
     </span>
     <span class='ocr_line' id='line_1_18' title="bbox 437 941 2060 988; baseline -0.002 -11"><span class='ocrx_word' id='word_1_111' title='bbox 437 943 589 983; x_wconf 85' lang='lat' dir='ltr'>nomine,</span> <span class='ocrx_word' id='word_1_112' title='bbox 629 946 859 988; x_wconf 77' lang='lat' dir='ltr'>protectorem</span> <span class='ocrx_word' id='word_1_113' title='bbox 898 942 973 987; x_wconf 80' lang='lat' dir='ltr'>jam</span> <span class='ocrx_word' id='word_1_114' title='bbox 1017 953 1053 975; x_wconf 90' lang='lat' dir='ltr'>se</span> <span class='ocrx_word' id='word_1_115' title='bbox 1094 942 1194 987; x_wconf 83' lang='lat' dir='ltr'>regni</span> <span class='ocrx_word' id='word_1_116' title='bbox 1236 941 1379 976; x_wconf 86' lang='lat' dir='ltr'>Polonis</span> <span class='ocrx_word' id='word_1_117' title='bbox 1423 942 1559 977; x_wconf 85' lang='lat' dir='ltr'>offerre.</span> <span class='ocrx_word' id='word_1_118' title='bbox 1600 943 1788 977; x_wconf 85' lang='lat' dir='ltr'>Nostrates</span> <span class='ocrx_word' id='word_1_119' title='bbox 1832 953 1935 988; x_wconf 87' lang='lat' dir='ltr'>porro</span> <span class='ocrx_word' id='word_1_120' title='bbox 1978 941 2060 987; x_wconf 91' lang='lat' dir='ltr'>quid</span> 
     </span>
     <span class='ocr_line' id='line_1_19' title="bbox 439 1003 2060 1053; baseline -0.002 -12"><span class='ocrx_word' id='word_1_121' title='bbox 439 1017 502 1053; x_wconf 86' lang='lat' dir='ltr'>per</span> <span class='ocrx_word' id='word_1_122' title='bbox 544 1008 765 1045; x_wconf 76' lang='lat' dir='ltr'>conventum,</span> <span class='ocrx_word' id='word_1_123' title='bbox 805 1003 1018 1050; x_wconf 85' lang='lat' dir='ltr'>Tyszoviciis</span> <span class='ocrx_word' id='word_1_124' title='bbox 1065 1004 1235 1045; x_wconf 86' lang='lat' dir='ltr'>habitum,</span> <span class='ocrx_word' id='word_1_125' title='bbox 1280 1004 1371 1039; x_wconf 88' lang='lat' dir='ltr'>inter</span> <span class='ocrx_word' id='word_1_126' title='bbox 1412 1016 1449 1040; x_wconf 89' lang='lat' dir='ltr'>se</span> <span class='ocrx_word' id='word_1_127' title='bbox 1495 1005 1752 1046; x_wconf 88' lang='lat' dir='ltr'>constituerint,</span> <span class='ocrx_word' id='word_1_128' title='bbox 1792 1016 1834 1040; x_wconf 84' lang='lat' dir='ltr'>ex</span> <span class='ocrx_word' id='word_1_129' title='bbox 1875 1003 2060 1039; x_wconf 83' lang='lat' dir='ltr'>annalibus</span> 
     </span>
     <span class='ocr_line' id='line_1_20' title="bbox 441 1067 903 1112; baseline -0.004 -10"><span class='ocrx_word' id='word_1_130' title='bbox 441 1067 658 1102; x_wconf 81' lang='lat' dir='ltr'>Kochovskii</span> <span class='ocrx_word' id='word_1_131' title='bbox 689 1067 721 1112; x_wconf 61' lang='lat' dir='ltr'>(Il</span> <span class='ocrx_word' id='word_1_132' title='bbox 755 1067 903 1112; x_wconf 80' lang='lat' dir='ltr'>accipe:</span> 
     </span>
    </p>

    <p class='ocr_par' dir='ltr' id='par_1_5' title="bbox 443 1127 2068 2486">
     <span class='ocr_line' id='line_1_21' title="bbox 493 1127 2060 1175; baseline -0.002 -11"><span class='ocrx_word' id='word_1_133' title='bbox 493 1145 507 1158; x_wconf 62' lang='lat' dir='ltr'>a&lt;</span> <span class='ocrx_word' id='word_1_134' title='bbox 532 1130 636 1164; x_wconf 84' lang='lat' dir='ltr'><strong>Haud</strong></span> <span class='ocrx_word' id='word_1_135' title='bbox 651 1129 771 1164; x_wconf 87' lang='lat' dir='ltr'>credat</span> <span class='ocrx_word' id='word_1_136' title='bbox 790 1129 966 1169; x_wconf 89' lang='lat' dir='ltr'>orbis,nec</span> <span class='ocrx_word' id='word_1_137' title='bbox 979 1129 1161 1174; x_wconf 86' lang='lat' dir='ltr'>quisquam</span> <span class='ocrx_word' id='word_1_138' title='bbox 1181 1127 1345 1162; x_wconf 84' lang='lat' dir='ltr'>adhibeat</span> <span class='ocrx_word' id='word_1_139' title='bbox 1364 1128 1653 1175; x_wconf 77' lang='lat' dir='ltr'>fidem,inclytam</span> <span class='ocrx_word' id='word_1_140' title='bbox 1674 1128 1886 1163; x_wconf 77' lang='lat' dir='ltr'>Polonorum</span> <span class='ocrx_word' id='word_1_141' title='bbox 1906 1131 2060 1173; x_wconf 84' lang='lat' dir='ltr'>gentem,</span> 
     </span>
     <span class='ocr_line' id='line_1_22' title="bbox 444 1190 2065 1236; baseline -0.002 -9"><span class='ocrx_word' id='word_1_142' title='bbox 444 1208 459 1222; x_wconf 71' lang='grc' dir='ltr'>κ</span> <span class='ocrx_word' id='word_1_143' title='bbox 481 1193 619 1227; x_wconf 86' lang='lat' dir='ltr'>blandis</span> <span class='ocrx_word' id='word_1_144' title='bbox 638 1192 824 1226; x_wconf 83' lang='lat' dir='ltr'>intrusoris</span> <span class='ocrx_word' id='word_1_145' title='bbox 853 1191 982 1225; x_wconf 84' lang='lat' dir='ltr'>domini</span> <span class='ocrx_word' id='word_1_146' title='bbox 1001 1190 1180 1236; x_wconf 82' lang='lat' dir='ltr'>promissis</span> <span class='ocrx_word' id='word_1_147' title='bbox 1199 1190 1419 1230; x_wconf 85' lang='lat' dir='ltr'>fascinatam,</span> <span class='ocrx_word' id='word_1_148' title='bbox 1441 1191 1485 1225; x_wconf 88' lang='lat' dir='ltr'>ab</span> <span class='ocrx_word' id='word_1_149' title='bbox 1504 1191 1614 1226; x_wconf 87' lang='lat' dir='ltr'>electo</span> <span class='ocrx_word' id='word_1_150' title='bbox 1630 1191 1748 1226; x_wconf 90' lang='lat' dir='ltr'>liberis</span> <span class='ocrx_word' id='word_1_151' title='bbox 1773 1190 1952 1236; x_wconf 84' lang='lat' dir='ltr'>suffragiis</span> <span class='ocrx_word' id='word_1_152' title='bbox 1980 1201 2065 1235; x_wconf 88' lang='lat' dir='ltr'>rege</span> 
     </span>
     <span class='ocr_line' id='line_1_23' title="bbox 443 1252 2058 1299; baseline -0.004 -9"><span class='ocrx_word' id='word_1_153' title='bbox 443 1271 458 1285; x_wconf 69' lang='grc' dir='ltr'>α</span> <span class='ocrx_word' id='word_1_154' title='bbox 479 1255 669 1290; x_wconf 82' lang='lat' dir='ltr'>descivisse</span> <span class='ocrx_word' id='word_1_155' title='bbox 700 1265 854 1299; x_wconf 80' lang='lat' dir='ltr'>unquam</span> <span class='ocrx_word' id='word_1_156' title='bbox 874 1265 880 1286; x_wconf 90' lang='lat'>:</span> <span class='ocrx_word' id='word_1_157' title='bbox 905 1252 986 1287; x_wconf 77' lang='lat' dir='ltr'>etsi</span> <span class='ocrx_word' id='word_1_158' title='bbox 1006 1252 1183 1286; x_wconf 85' lang='lat' dir='ltr'>fatendum</span> <span class='ocrx_word' id='word_1_159' title='bbox 1214 1252 1271 1291; x_wconf 86' lang='lat' dir='ltr'>sit,</span> <span class='ocrx_word' id='word_1_160' title='bbox 1293 1256 1365 1286; x_wconf 91' lang='lat' dir='ltr'>tum</span> <span class='ocrx_word' id='word_1_161' title='bbox 1395 1253 1657 1287; x_wconf 82' lang='lat' dir='ltr'>serenissimum</span> <span class='ocrx_word' id='word_1_162' title='bbox 1685 1264 1805 1298; x_wconf 84' lang='lat' dir='ltr'>regem</span> <span class='ocrx_word' id='word_1_163' title='bbox 1839 1252 2058 1290; x_wconf 83' lang='lat' dir='ltr'>Casimirum,</span> 
     </span>
     <span class='ocr_line' id='line_1_24' title="bbox 443 1313 2062 1363; baseline -0.003 -11"><span class='ocrx_word' id='word_1_164' title='bbox 443 1333 458 1347; x_wconf 70' lang='grc' dir='ltr'><strong>κ</strong></span> <span class='ocrx_word' id='word_1_165' title='bbox 481 1322 554 1352; x_wconf 90' lang='lat' dir='ltr'>tum</span> <span class='ocrx_word' id='word_1_166' title='bbox 590 1320 786 1363; x_wconf 86' lang='lat' dir='ltr'>equestrem</span> <span class='ocrx_word' id='word_1_167' title='bbox 824 1314 994 1354; x_wconf 81' lang='lat' dir='ltr'>ordinem,</span> <span class='ocrx_word' id='word_1_168' title='bbox 1034 1314 1216 1359; x_wconf 77' lang='lat' dir='ltr'>iniquitate</span> <span class='ocrx_word' id='word_1_169' title='bbox 1251 1314 1471 1350; x_wconf 87' lang='lat' dir='ltr'>adversantis</span> <span class='ocrx_word' id='word_1_170' title='bbox 1503 1326 1702 1360; x_wconf 82' lang='lat' dir='ltr'>oppressos,</span> <span class='ocrx_word' id='word_1_171' title='bbox 1736 1314 1771 1348; x_wconf 90' lang='lat' dir='ltr'>in</span> <span class='ocrx_word' id='word_1_172' title='bbox 1809 1325 1867 1348; x_wconf 88' lang='lat' dir='ltr'>eas</span> <span class='ocrx_word' id='word_1_173' title='bbox 1895 1313 2062 1348; x_wconf 81' lang='lat' dir='ltr'>recidisse</span> 
     </span>
     <span class='ocr_line' id='line_1_25' title="bbox 443 1374 2062 1424; baseline -0.004 -10"><span class='ocrx_word' id='word_1_174' title='bbox 443 1395 457 1409; x_wconf 70' lang='grc' dir='ltr'>ει</span> <span class='ocrx_word' id='word_1_175' title='bbox 479 1391 595 1414; x_wconf 89' lang='lat' dir='ltr'>rerum</span> <span class='ocrx_word' id='word_1_176' title='bbox 614 1378 811 1424; x_wconf 76' lang='lat' dir='ltr'>angustias,</span> <span class='ocrx_word' id='word_1_177' title='bbox 835 1382 884 1416; x_wconf 85' lang='lat' dir='ltr'>ut,</span> <span class='ocrx_word' id='word_1_178' title='bbox 906 1377 941 1411; x_wconf 89' lang='lat' dir='ltr'>in</span> <span class='ocrx_word' id='word_1_179' title='bbox 960 1376 1103 1411; x_wconf 83' lang='lat' dir='ltr'>exitium</span> <span class='ocrx_word' id='word_1_180' title='bbox 1127 1376 1285 1411; x_wconf 79' lang='lat' dir='ltr'>Poloniae</span> <span class='ocrx_word' id='word_1_181' title='bbox 1303 1377 1547 1422; x_wconf 84' lang='lat' dir='ltr'>ingruentibus</span> <span class='ocrx_word' id='word_1_182' title='bbox 1567 1376 1719 1422; x_wconf 82' lang='lat' dir='ltr'>undique</span> <span class='ocrx_word' id='word_1_183' title='bbox 1733 1376 1886 1410; x_wconf 90' lang='lat' dir='ltr'>hostium</span> <span class='ocrx_word' id='word_1_184' title='bbox 1905 1374 2062 1410; x_wconf 78' lang='lat' dir='ltr'>exerciti-</span> 
     </span>
     <span class='ocr_line' id='line_1_26' title="bbox 443 1436 2063 1486; baseline -0.004 -9"><span class='ocrx_word' id='word_1_185' title='bbox 443 1457 458 1471; x_wconf 72' lang='grc' dir='ltr'><em>α</em></span> <span class='ocrx_word' id='word_1_186' title='bbox 480 1442 557 1483; x_wconf 90' lang='lat' dir='ltr'>bus,</span> <span class='ocrx_word' id='word_1_187' title='bbox 577 1445 611 1476; x_wconf 90' lang='lat' dir='ltr'>et</span> <span class='ocrx_word' id='word_1_188' title='bbox 629 1440 729 1486; x_wconf 86' lang='lat' dir='ltr'>regia</span> <span class='ocrx_word' id='word_1_189' title='bbox 746 1441 913 1486; x_wconf 76' lang='lat' dir='ltr'>majestas</span> <span class='ocrx_word' id='word_1_190' title='bbox 932 1438 1060 1473; x_wconf 87' lang='lat' dir='ltr'>finibus</span> <span class='ocrx_word' id='word_1_191' title='bbox 1079 1439 1181 1483; x_wconf 84' lang='lat' dir='ltr'>regni</span> <span class='ocrx_word' id='word_1_192' title='bbox 1201 1439 1382 1478; x_wconf 79' lang='lat' dir='ltr'>excedere,</span> <span class='ocrx_word' id='word_1_193' title='bbox 1400 1444 1432 1473; x_wconf 78' lang='lat' dir='ltr'>et</span> <span class='ocrx_word' id='word_1_194' title='bbox 1450 1439 1612 1473; x_wconf 76' lang='lat' dir='ltr'>nobilitas</span> <span class='ocrx_word' id='word_1_195' title='bbox 1635 1439 1671 1472; x_wconf 89' lang='lat' dir='ltr'>in</span> <span class='ocrx_word' id='word_1_196' title='bbox 1693 1438 1948 1483; x_wconf 84' lang='lat' dir='ltr'>protectionem</span> <span class='ocrx_word' id='word_1_197' title='bbox 1967 1436 2063 1483; x_wconf 88' lang='lat' dir='ltr'>regis</span> 
     </span>
     <span class='ocr_line' id='line_1_27' title="bbox 444 1499 2061 1543; baseline -0.004 -3"><span class='ocrx_word' id='word_1_198' title='bbox 444 1520 458 1534; x_wconf 67' lang='lat' dir='ltr'><strong><em>a</em></strong></span> <span class='ocrx_word' id='word_1_199' title='bbox 482 1504 612 1540; x_wconf 89' lang='lat' dir='ltr'>Suetici</span> <span class='ocrx_word' id='word_1_200' title='bbox 647 1503 852 1543; x_wconf 79' lang='lat' dir='ltr'>concedere,</span> <span class='ocrx_word' id='word_1_201' title='bbox 887 1513 1068 1536; x_wconf 87' lang='lat' dir='ltr'>necessum</span> <span class='ocrx_word' id='word_1_202' title='bbox 1100 1500 1282 1542; x_wconf 82' lang='lat' dir='ltr'>habuerit;</span> <span class='ocrx_word' id='word_1_203' title='bbox 1317 1501 1384 1540; x_wconf 81' lang='lat' dir='ltr'>cui,</span> <span class='ocrx_word' id='word_1_204' title='bbox 1407 1500 1597 1535; x_wconf 88' lang='lat' dir='ltr'>secundum</span> <span class='ocrx_word' id='word_1_205' title='bbox 1627 1501 1894 1535; x_wconf 82' lang='lat' dir='ltr'>conventionem</span> <span class='ocrx_word' id='word_1_206' title='bbox 1926 1499 2061 1540; x_wconf 89' lang='lat' dir='ltr'>initam,</span> 
     </span>
     <span class='ocr_line' id='line_1_28' title="bbox 444 1561 2062 1608; baseline -0.004 -6"><span class='ocrx_word' id='word_1_207' title='bbox 444 1583 459 1597; x_wconf 72' lang='grc' dir='ltr'>ιι</span> <span class='ocrx_word' id='word_1_208' title='bbox 483 1566 713 1602; x_wconf 86' lang='lat' dir='ltr'>conveniebat</span> <span class='ocrx_word' id='word_1_209' title='bbox 730 1564 834 1599; x_wconf 86' lang='lat' dir='ltr'>fidem</span> <span class='ocrx_word' id='word_1_210' title='bbox 854 1563 1000 1604; x_wconf 86' lang='lat' dir='ltr'>servari,</span> <span class='ocrx_word' id='word_1_211' title='bbox 1022 1563 1088 1597; x_wconf 89' lang='lat' dir='ltr'>nisi</span> <span class='ocrx_word' id='word_1_212' title='bbox 1103 1562 1198 1608; x_wconf 88' lang='lat' dir='ltr'>prior</span> <span class='ocrx_word' id='word_1_213' title='bbox 1218 1563 1291 1608; x_wconf 90' lang='lat' dir='ltr'>ipse</span> <span class='ocrx_word' id='word_1_214' title='bbox 1319 1562 1436 1597; x_wconf 79' lang='lat' dir='ltr'>datam</span> <span class='ocrx_word' id='word_1_215' title='bbox 1456 1563 1635 1598; x_wconf 73' lang='lat' dir='ltr'>violasset.</span> <span class='ocrx_word' id='word_1_216' title='bbox 1653 1562 1734 1596; x_wconf 85' lang='lat' dir='ltr'>Jam</span> <span class='ocrx_word' id='word_1_217' title='bbox 1758 1573 1841 1597; x_wconf 73' lang='lat' dir='ltr'>vero</span> <span class='ocrx_word' id='word_1_218' title='bbox 1865 1561 2062 1596; x_wconf 87' lang='lat' dir='ltr'>revocando</span> 
     </span>
     <span class='ocr_line' id='line_1_29' title="bbox 445 1623 2065 1671; baseline -0.005 -7"><span class='ocrx_word' id='word_1_219' title='bbox 445 1646 459 1660; x_wconf 74' lang='grc' dir='ltr'><em>α</em></span> <span class='ocrx_word' id='word_1_220' title='bbox 483 1630 517 1664; x_wconf 91' lang='lat' dir='ltr'>in</span> <span class='ocrx_word' id='word_1_221' title='bbox 537 1628 751 1668; x_wconf 87' lang='lat' dir='ltr'>memoriam,</span> <span class='ocrx_word' id='word_1_222' title='bbox 778 1631 815 1661; x_wconf 89' lang='lat' dir='ltr'>ut</span> <span class='ocrx_word' id='word_1_223' title='bbox 835 1625 931 1660; x_wconf 87' lang='lat' dir='ltr'>nulla</span> <span class='ocrx_word' id='word_1_224' title='bbox 958 1625 1096 1671; x_wconf 85' lang='lat' dir='ltr'>penitus</span> <span class='ocrx_word' id='word_1_225' title='bbox 1121 1625 1202 1660; x_wconf 87' lang='lat' dir='ltr'>belli</span> <span class='ocrx_word' id='word_1_226' title='bbox 1228 1636 1346 1665; x_wconf 82' lang='lat' dir='ltr'>causa,</span> <span class='ocrx_word' id='word_1_227' title='bbox 1380 1636 1424 1659; x_wconf 91' lang='lat' dir='ltr'>ne</span> <span class='ocrx_word' id='word_1_228' title='bbox 1455 1628 1627 1670; x_wconf 62' lang='lat' dir='ltr'>praetextu</span> <span class='ocrx_word' id='word_1_229' title='bbox 1656 1623 1807 1669; x_wconf 89' lang='lat' dir='ltr'>quidem,</span> <span class='ocrx_word' id='word_1_230' title='bbox 1837 1623 1905 1657; x_wconf 92' lang='lat' dir='ltr'>imo</span> <span class='ocrx_word' id='word_1_231' title='bbox 1942 1627 2065 1657; x_wconf 86' lang='lat' dir='ltr'>contra</span> 
     </span>
     <span class='ocr_line' id='line_1_30' title="bbox 444 1685 2065 1733; baseline -0.004 -7"><span class='ocrx_word' id='word_1_232' title='bbox 444 1707 459 1721; x_wconf 72' lang='grc' dir='ltr'>ιι</span> <span class='ocrx_word' id='word_1_233' title='bbox 482 1691 640 1726; x_wconf 87' lang='lat' dir='ltr'>inducias</span> <span class='ocrx_word' id='word_1_234' title='bbox 659 1702 735 1726; x_wconf 90' lang='lat' dir='ltr'>cum</span> <span class='ocrx_word' id='word_1_235' title='bbox 754 1688 934 1723; x_wconf 79' lang='lat' dir='ltr'>Vladislao</span> <span class='ocrx_word' id='word_1_236' title='bbox 956 1687 1003 1721; x_wconf 85' lang='lat' dir='ltr'>IV</span> <span class='ocrx_word' id='word_1_237' title='bbox 1022 1687 1225 1722; x_wconf 84' lang='lat' dir='ltr'>Stumdorfii</span> <span class='ocrx_word' id='word_1_238' title='bbox 1244 1687 1344 1727; x_wconf 82' lang='lat' dir='ltr'>ictas,</span> <span class='ocrx_word' id='word_1_239' title='bbox 1365 1687 1503 1733; x_wconf 84' lang='lat' dir='ltr'>injustis</span> <span class='ocrx_word' id='word_1_240' title='bbox 1528 1685 1778 1732; x_wconf 85' lang='lat' dir='ltr'>rempublicam</span> <span class='ocrx_word' id='word_1_241' title='bbox 1800 1685 1906 1720; x_wconf 87' lang='lat' dir='ltr'>armis</span> <span class='ocrx_word' id='word_1_242' title='bbox 1923 1696 2065 1731; x_wconf 89' lang='lat' dir='ltr'>oppres-</span> 
     </span>
     <span class='ocr_line' id='line_1_31' title="bbox 444 1747 2062 1799; baseline -0.006 -10"><span class='ocrx_word' id='word_1_243' title='bbox 444 1770 459 1783; x_wconf 69' lang='lat'>«</span> <span class='ocrx_word' id='word_1_244' title='bbox 482 1754 587 1795; x_wconf 89' lang='lat' dir='ltr'>serit;</span> <span class='ocrx_word' id='word_1_245' title='bbox 611 1757 645 1788; x_wconf 92' lang='lat' dir='ltr'>et</span> <span class='ocrx_word' id='word_1_246' title='bbox 664 1752 835 1799; x_wconf 86' lang='lat' dir='ltr'>quamvis,</span> <span class='ocrx_word' id='word_1_247' title='bbox 865 1762 886 1785; x_wconf 86' lang='lat' dir='ltr'>a</span> <span class='ocrx_word' id='word_1_248' title='bbox 913 1751 1044 1796; x_wconf 80' lang='lat' dir='ltr'>majore</span> <span class='ocrx_word' id='word_1_249' title='bbox 1076 1753 1174 1795; x_wconf 85' lang='lat' dir='ltr'>parte</span> <span class='ocrx_word' id='word_1_250' title='bbox 1205 1749 1305 1795; x_wconf 87' lang='lat' dir='ltr'>regni</span> <span class='ocrx_word' id='word_1_251' title='bbox 1333 1749 1527 1784; x_wconf 85' lang='lat' dir='ltr'>incolarum</span> <span class='ocrx_word' id='word_1_252' title='bbox 1554 1752 1728 1794; x_wconf 88' lang='lat' dir='ltr'>protector</span> <span class='ocrx_word' id='word_1_253' title='bbox 1748 1747 1957 1793; x_wconf 86' lang='lat' dir='ltr'>appellatus,</span> <span class='ocrx_word' id='word_1_254' title='bbox 1980 1747 2062 1782; x_wconf 87' lang='lat' dir='ltr'>fidei</span> 
     </span>
     <span class='ocr_line' id='line_1_32' title="bbox 446 1809 2063 1857; baseline -0.005 -6"><span class='ocrx_word' id='word_1_255' title='bbox 446 1832 461 1845; x_wconf 60' lang='grc' dir='ltr'>ιε</span> <span class='ocrx_word' id='word_1_256' title='bbox 484 1816 837 1851; x_wconf 78' lang='lat' dir='ltr'>catholico-romanae</span> <span class='ocrx_word' id='word_1_257' title='bbox 856 1812 1158 1848; x_wconf 83' lang='lat' dir='ltr'>conservationem</span> <span class='ocrx_word' id='word_1_258' title='bbox 1177 1811 1440 1857; x_wconf 73' lang='lat' dir='ltr'>spopondisset,</span> <span class='ocrx_word' id='word_1_259' title='bbox 1470 1823 1549 1845; x_wconf 79' lang='lat' dir='ltr'>mox</span> <span class='ocrx_word' id='word_1_260' title='bbox 1573 1811 1684 1845; x_wconf 88' lang='lat' dir='ltr'>eidem</span> <span class='ocrx_word' id='word_1_261' title='bbox 1704 1810 1821 1855; x_wconf 79' lang='lat' dir='ltr'>gravis</span> <span class='ocrx_word' id='word_1_262' title='bbox 1853 1813 1887 1844; x_wconf 88' lang='lat' dir='ltr'>et</span> <span class='ocrx_word' id='word_1_263' title='bbox 1906 1809 2063 1855; x_wconf 83' lang='lat' dir='ltr'>injurius,</span> 
     </span>
     <span class='ocr_line' id='line_1_33' title="bbox 444 1871 2066 1921; baseline -0.006 -8"><span class='ocrx_word' id='word_1_264' title='bbox 444 1894 459 1908; x_wconf 70' lang='grc' dir='ltr'>ιε</span> <span class='ocrx_word' id='word_1_265' title='bbox 483 1879 599 1913; x_wconf 87' lang='lat' dir='ltr'>omnia</span> <span class='ocrx_word' id='word_1_266' title='bbox 619 1889 720 1912; x_wconf 87' lang='lat' dir='ltr'>sacra</span> <span class='ocrx_word' id='word_1_267' title='bbox 740 1877 895 1921; x_wconf 88' lang='lat' dir='ltr'>ritusque</span> <span class='ocrx_word' id='word_1_268' title='bbox 923 1875 1035 1909; x_wconf 88' lang='lat' dir='ltr'>avitos</span> <span class='ocrx_word' id='word_1_269' title='bbox 1060 1874 1288 1908; x_wconf 83' lang='lat' dir='ltr'>intervertere</span> <span class='ocrx_word' id='word_1_270' title='bbox 1316 1874 1420 1919; x_wconf 83' lang='lat' dir='ltr'>coepit</span> <span class='ocrx_word' id='word_1_271' title='bbox 1442 1886 1448 1907; x_wconf 93' lang='lat'>:</span> <span class='ocrx_word' id='word_1_272' title='bbox 1472 1873 1620 1907; x_wconf 87' lang='lat' dir='ltr'>ditiones</span> <span class='ocrx_word' id='word_1_273' title='bbox 1639 1872 1741 1917; x_wconf 84' lang='lat' dir='ltr'>regni</span> <span class='ocrx_word' id='word_1_274' title='bbox 1768 1872 1811 1905; x_wconf 87' lang='lat' dir='ltr'>ab</span> <span class='ocrx_word' id='word_1_275' title='bbox 1832 1871 1985 1905; x_wconf 79' lang='lat' dir='ltr'>exercitu</span> <span class='ocrx_word' id='word_1_276' title='bbox 2004 1882 2066 1905; x_wconf 90' lang='lat' dir='ltr'>suo</span> 
     </span>
     <span class='ocr_line' id='line_1_34' title="bbox 445 1933 2064 1981; baseline -0.006 -4"><span class='ocrx_word' id='word_1_277' title='bbox 445 1957 459 1971; x_wconf 61' lang='grc' dir='ltr'><strong><em>κ</em></strong></span> <span class='ocrx_word' id='word_1_278' title='bbox 483 1947 644 1977; x_wconf 77' lang='lat' dir='ltr'>evastare</span> <span class='ocrx_word' id='word_1_279' title='bbox 674 1954 679 1974; x_wconf 91' lang='lat'>:</span> <span class='ocrx_word' id='word_1_280' title='bbox 709 1940 824 1974; x_wconf 88' lang='lat' dir='ltr'>curias</span> <span class='ocrx_word' id='word_1_281' title='bbox 851 1937 1019 1973; x_wconf 85' lang='lat' dir='ltr'>nobilium</span> <span class='ocrx_word' id='word_1_282' title='bbox 1048 1937 1084 1971; x_wconf 90' lang='lat' dir='ltr'>in</span> <span class='ocrx_word' id='word_1_283' title='bbox 1116 1937 1255 1981; x_wconf 78' lang='lat' dir='ltr'>praedas</span> <span class='ocrx_word' id='word_1_284' title='bbox 1292 1936 1376 1970; x_wconf 86' lang='lat' dir='ltr'>dare</span> <span class='ocrx_word' id='word_1_285' title='bbox 1404 1949 1409 1970; x_wconf 81' lang='lat' dir='ltr'>z</span> <span class='ocrx_word' id='word_1_286' title='bbox 1444 1939 1571 1970; x_wconf 86' lang='lat' dir='ltr'>statum</span> <span class='ocrx_word' id='word_1_287' title='bbox 1603 1938 1799 1979; x_wconf 83' lang='lat' dir='ltr'>equestrem</span> <span class='ocrx_word' id='word_1_288' title='bbox 1826 1933 2064 1967; x_wconf 78' lang='lat' dir='ltr'>exactionibus</span> 
     </span>
     <span class='ocr_line' id='line_1_35' title="bbox 445 1995 2067 2051; baseline -0.007 -11"><span class='ocrx_word' id='word_1_289' title='bbox 445 2020 459 2034; x_wconf 66' lang='grc' dir='ltr'><strong>α</strong></span> <span class='ocrx_word' id='word_1_290' title='bbox 483 2016 632 2051; x_wconf 88' lang='lat' dir='ltr'>gravare</span> <span class='ocrx_word' id='word_1_291' title='bbox 656 2017 662 2038; x_wconf 89' lang='lat'>:</span> <span class='ocrx_word' id='word_1_292' title='bbox 686 2003 911 2049; x_wconf 80' lang='lat' dir='ltr'>magistratus</span> <span class='ocrx_word' id='word_1_293' title='bbox 932 2005 965 2035; x_wconf 92' lang='lat' dir='ltr'>et</span> <span class='ocrx_word' id='word_1_294' title='bbox 983 1999 1119 2045; x_wconf 79' lang='lat' dir='ltr'>judicia</span> <span class='ocrx_word' id='word_1_295' title='bbox 1136 2003 1208 2032; x_wconf 83' lang='lat' dir='ltr'>tum</span> <span class='ocrx_word' id='word_1_296' title='bbox 1235 1998 1475 2033; x_wconf 81' lang='lat' dir='ltr'>ecclesiastica</span> <span class='ocrx_word' id='word_1_297' title='bbox 1501 2002 1572 2031; x_wconf 90' lang='lat' dir='ltr'>tum</span> <span class='ocrx_word' id='word_1_298' title='bbox 1593 1995 1777 2030; x_wconf 81' lang='lat' dir='ltr'>saecularia</span> <span class='ocrx_word' id='word_1_299' title='bbox 1796 1995 1918 2031; x_wconf 89' lang='lat' dir='ltr'>tollere</span> <span class='ocrx_word' id='word_1_300' title='bbox 1941 2008 1947 2030; x_wconf 76' lang='grc' dir='ltr'>ε</span> <span class='ocrx_word' id='word_1_301' title='bbox 1970 1995 2067 2041; x_wconf 85' lang='lat' dir='ltr'>leges</span> 
     </span>
     <span class='ocr_line' id='line_1_36' title="bbox 446 2058 2064 2113; baseline -0.006 -12"><span class='ocrx_word' id='word_1_302' title='bbox 446 2082 460 2095; x_wconf 62' lang='lat' dir='ltr'>a</span> <span class='ocrx_word' id='word_1_303' title='bbox 485 2068 648 2113; x_wconf 86' lang='lat' dir='ltr'>antiquas</span> <span class='ocrx_word' id='word_1_304' title='bbox 668 2070 702 2101; x_wconf 94' lang='lat' dir='ltr'>et</span> <span class='ocrx_word' id='word_1_305' title='bbox 721 2063 990 2100; x_wconf 86' lang='lat' dir='ltr'>consuetudines</span> <span class='ocrx_word' id='word_1_306' title='bbox 1011 2061 1251 2108; x_wconf 83' lang='lat' dir='ltr'>pessumdare,</span> <span class='ocrx_word' id='word_1_307' title='bbox 1273 2073 1314 2096; x_wconf 89' lang='lat' dir='ltr'>ac</span> <span class='ocrx_word' id='word_1_308' title='bbox 1334 2061 1424 2107; x_wconf 78' lang='lat' dir='ltr'>juris</span> <span class='ocrx_word' id='word_1_309' title='bbox 1452 2059 1593 2094; x_wconf 88' lang='lat' dir='ltr'>dicundi</span> <span class='ocrx_word' id='word_1_310' title='bbox 1614 2070 1771 2093; x_wconf 86' lang='lat' dir='ltr'>normam</span> <span class='ocrx_word' id='word_1_311' title='bbox 1797 2058 1842 2092; x_wconf 90' lang='lat' dir='ltr'>ad</span> <span class='ocrx_word' id='word_1_312' title='bbox 1865 2062 2064 2098; x_wconf 78' lang='lat' dir='ltr'>extraneos,</span> 
     </span>
     <span class='ocr_line' id='line_1_37' title="bbox 447 2120 2067 2174; baseline -0.006 -11"><span class='ocrx_word' id='word_1_313' title='bbox 447 2144 461 2157; x_wconf 73' lang='grc' dir='ltr'><strong>α</strong></span> <span class='ocrx_word' id='word_1_314' title='bbox 483 2129 600 2174; x_wconf 89' lang='lat' dir='ltr'>legum</span> <span class='ocrx_word' id='word_1_315' title='bbox 631 2127 821 2174; x_wconf 84' lang='lat' dir='ltr'>imperitos,</span> <span class='ocrx_word' id='word_1_316' title='bbox 846 2126 1063 2160; x_wconf 86' lang='lat' dir='ltr'>transferre:</span> <span class='ocrx_word' id='word_1_317' title='bbox 1087 2123 1286 2158; x_wconf 85' lang='lat' dir='ltr'>sacerdotes</span> <span class='ocrx_word' id='word_1_318' title='bbox 1319 2135 1355 2157; x_wconf 83' lang='lat' dir='ltr'>ac</span> <span class='ocrx_word' id='word_1_319' title='bbox 1386 2121 1533 2162; x_wconf 79' lang='lat' dir='ltr'>nobiles,</span> <span class='ocrx_word' id='word_1_320' title='bbox 1565 2132 1628 2156; x_wconf 86' lang='lat' dir='ltr'>nec</span> <span class='ocrx_word' id='word_1_321' title='bbox 1655 2120 1803 2160; x_wconf 81' lang='lat' dir='ltr'>delatos,</span> <span class='ocrx_word' id='word_1_322' title='bbox 1842 2131 1954 2165; x_wconf 87' lang='lat' dir='ltr'>neque</span> <span class='ocrx_word' id='word_1_323' title='bbox 1986 2131 2067 2154; x_wconf 91' lang='lat' dir='ltr'>con-</span> 
     </span>
     <span class='ocr_line' id='line_1_38' title="bbox 449 2181 2067 2230; baseline -0.005 -6"><span class='ocrx_word' id='word_1_324' title='bbox 449 2206 464 2220; x_wconf 68' lang='lat' dir='ltr'>s&lt;</span> <span class='ocrx_word' id='word_1_325' title='bbox 487 2191 610 2229; x_wconf 77' lang='lat' dir='ltr'>victos,</span> <span class='ocrx_word' id='word_1_326' title='bbox 633 2190 700 2223; x_wconf 87' lang='lat' dir='ltr'>imo</span> <span class='ocrx_word' id='word_1_327' title='bbox 728 2200 792 2223; x_wconf 88' lang='lat' dir='ltr'>nec</span> <span class='ocrx_word' id='word_1_328' title='bbox 819 2188 969 2228; x_wconf 89' lang='lat' dir='ltr'>auditos,</span> <span class='ocrx_word' id='word_1_329' title='bbox 993 2188 1191 2222; x_wconf 71' lang='lat' dir='ltr'>carceribus</span> <span class='ocrx_word' id='word_1_330' title='bbox 1218 2185 1429 2230; x_wconf 85' lang='lat' dir='ltr'>mancipare,</span> <span class='ocrx_word' id='word_1_331' title='bbox 1454 2188 1487 2218; x_wconf 89' lang='lat' dir='ltr'>et</span> <span class='ocrx_word' id='word_1_332' title='bbox 1505 2183 1682 2217; x_wconf 83' lang='lat' dir='ltr'>trucidare</span> <span class='ocrx_word' id='word_1_333' title='bbox 1712 2182 1909 2228; x_wconf 88' lang='lat' dir='ltr'>permiserit</span> <span class='ocrx_word' id='word_1_334' title='bbox 1931 2194 1937 2216; x_wconf 81' lang='lat' dir='ltr'><em>z</em></span> <span class='ocrx_word' id='word_1_335' title='bbox 1960 2181 2067 2216; x_wconf 88' lang='lat' dir='ltr'>cultui</span> 
     </span>
     <span class='ocr_line' id='line_1_39' title="bbox 451 2244 2064 2296; baseline -0.006 -9"><span class='ocrx_word' id='word_1_336' title='bbox 451 2269 466 2282; x_wconf 73' lang='grc' dir='ltr'>α</span> <span class='ocrx_word' id='word_1_337' title='bbox 489 2252 607 2287; x_wconf 67' lang='lat' dir='ltr'>divino</span> <span class='ocrx_word' id='word_1_338' title='bbox 627 2252 786 2286; x_wconf 74' lang='lat' dir='ltr'>dedicata</span> <span class='ocrx_word' id='word_1_339' title='bbox 805 2250 935 2296; x_wconf 88' lang='lat' dir='ltr'>templa</span> <span class='ocrx_word' id='word_1_340' title='bbox 956 2250 1049 2284; x_wconf 88' lang='lat' dir='ltr'>omni</span> <span class='ocrx_word' id='word_1_341' title='bbox 1068 2249 1253 2295; x_wconf 88' lang='lat' dir='ltr'>splendore</span> <span class='ocrx_word' id='word_1_342' title='bbox 1273 2252 1307 2283; x_wconf 89' lang='lat' dir='ltr'>et</span> <span class='ocrx_word' id='word_1_343' title='bbox 1325 2250 1496 2293; x_wconf 85' lang='lat' dir='ltr'>apparatu</span> <span class='ocrx_word' id='word_1_344' title='bbox 1516 2245 1659 2292; x_wconf 86' lang='lat' dir='ltr'>spoliari</span> <span class='ocrx_word' id='word_1_345' title='bbox 1683 2258 1688 2279; x_wconf 90' lang='lat'>:</span> <span class='ocrx_word' id='word_1_346' title='bbox 1712 2256 1900 2291; x_wconf 85' lang='lat' dir='ltr'>campanas</span> <span class='ocrx_word' id='word_1_347' title='bbox 1919 2244 2064 2291; x_wconf 81' lang='lat' dir='ltr'>pulsari,</span> 
     </span>
     <span class='ocr_line' id='line_1_40' title="bbox 450 2307 2068 2359; baseline -0.004 -11"><span class='ocrx_word' id='word_1_348' title='bbox 450 2330 464 2343; x_wconf 69' lang='lat' dir='ltr'>a</span> <span class='ocrx_word' id='word_1_349' title='bbox 489 2315 555 2348; x_wconf 87' lang='lat' dir='ltr'>nisi</span> <span class='ocrx_word' id='word_1_350' title='bbox 574 2314 699 2359; x_wconf 83' lang='lat' dir='ltr'>grandi</span> <span class='ocrx_word' id='word_1_351' title='bbox 720 2325 789 2347; x_wconf 67' lang='lat' dir='ltr'>mre</span> <span class='ocrx_word' id='word_1_352' title='bbox 809 2313 1077 2353; x_wconf 85' lang='lat' dir='ltr'>redimerentur,</span> <span class='ocrx_word' id='word_1_353' title='bbox 1100 2311 1276 2358; x_wconf 82' lang='lat' dir='ltr'>prohiberi</span> <span class='ocrx_word' id='word_1_354' title='bbox 1295 2323 1300 2344; x_wconf 89' lang='lat'>:</span> <span class='ocrx_word' id='word_1_355' title='bbox 1325 2308 1505 2343; x_wconf 83' lang='lat' dir='ltr'>basilicam</span> <span class='ocrx_word' id='word_1_356' title='bbox 1533 2308 1915 2348; x_wconf 79' lang='lat' dir='ltr'>Czenstochoviensem,</span> <span class='ocrx_word' id='word_1_357' title='bbox 1934 2319 2003 2342; x_wconf 90' lang='lat' dir='ltr'>non</span> <span class='ocrx_word' id='word_1_358' title='bbox 2032 2307 2068 2341; x_wconf 90' lang='lat' dir='ltr'>in</span> 
     </span>
     <span class='ocr_line' id='line_1_41' title="bbox 450 2370 2068 2420; baseline -0.004 -9"><span class='ocrx_word' id='word_1_359' title='bbox 450 2392 465 2406; x_wconf 72' lang='grc' dir='ltr'><strong><em>κ</em></strong></span> <span class='ocrx_word' id='word_1_360' title='bbox 487 2381 561 2411; x_wconf 87' lang='lat' dir='ltr'>tota</span> <span class='ocrx_word' id='word_1_361' title='bbox 587 2376 688 2410; x_wconf 85' lang='lat' dir='ltr'>modo</span> <span class='ocrx_word' id='word_1_362' title='bbox 714 2375 874 2416; x_wconf 74' lang='lat' dir='ltr'>polonia,</span> <span class='ocrx_word' id='word_1_363' title='bbox 905 2376 964 2410; x_wconf 89' lang='lat' dir='ltr'>sed</span> <span class='ocrx_word' id='word_1_364' title='bbox 993 2375 1119 2420; x_wconf 86' lang='lat' dir='ltr'>ubique</span> <span class='ocrx_word' id='word_1_365' title='bbox 1142 2374 1214 2409; x_wconf 78' lang='lat' dir='ltr'>fere</span> <span class='ocrx_word' id='word_1_366' title='bbox 1232 2373 1407 2419; x_wconf 71' lang='lat' dir='ltr'>inclytam,</span> <span class='ocrx_word' id='word_1_367' title='bbox 1432 2371 1558 2417; x_wconf 76' lang='lat' dir='ltr'>grandi</span> <span class='ocrx_word' id='word_1_368' title='bbox 1582 2370 1735 2406; x_wconf 79' lang='lat' dir='ltr'>exercitu</span> <span class='ocrx_word' id='word_1_369' title='bbox 1767 2371 1915 2405; x_wconf 87' lang='lat' dir='ltr'>cinctam</span> <span class='ocrx_word' id='word_1_370' title='bbox 1944 2374 1978 2405; x_wconf 90' lang='lat' dir='ltr'>et</span> <span class='ocrx_word' id='word_1_371' title='bbox 2005 2381 2068 2416; x_wconf 90' lang='lat' dir='ltr'>op-</span> 
     </span>
     <span class='ocr_line' id='line_1_42' title="bbox 450 2431 2066 2486; baseline -0.005 -12"><span class='ocrx_word' id='word_1_372' title='bbox 450 2455 464 2468; x_wconf 63' lang='grc' dir='ltr'><em>α</em></span> <span class='ocrx_word' id='word_1_373' title='bbox 488 2442 691 2486; x_wconf 85' lang='lat' dir='ltr'>pugnatam,</span> <span class='ocrx_word' id='word_1_374' title='bbox 723 2437 895 2483; x_wconf 85' lang='lat' dir='ltr'>sacrilego</span> <span class='ocrx_word' id='word_1_375' title='bbox 923 2437 957 2471; x_wconf 91' lang='lat' dir='ltr'>in</span> <span class='ocrx_word' id='word_1_376' title='bbox 986 2437 1214 2482; x_wconf 85' lang='lat' dir='ltr'>direptionem</span> <span class='ocrx_word' id='word_1_377' title='bbox 1239 2446 1325 2469; x_wconf 88' lang='lat' dir='ltr'>ausu</span> <span class='ocrx_word' id='word_1_378' title='bbox 1349 2433 1545 2468; x_wconf 86' lang='lat' dir='ltr'>destinari:</span> <span class='ocrx_word' id='word_1_379' title='bbox 1568 2444 1692 2479; x_wconf 88' lang='lat' dir='ltr'>nempe</span> <span class='ocrx_word' id='word_1_380' title='bbox 1726 2436 1777 2473; x_wconf 90' lang='lat' dir='ltr'>ut,</span> <span class='ocrx_word' id='word_1_381' title='bbox 1799 2432 1913 2467; x_wconf 89' lang='lat' dir='ltr'>diruto</span> <span class='ocrx_word' id='word_1_382' title='bbox 1932 2432 1997 2466; x_wconf 90' lang='lat' dir='ltr'>hoc</span> <span class='ocrx_word' id='word_1_383' title='bbox 2029 2431 2066 2465; x_wconf 89' lang='lat' dir='ltr'>in</span> 
     </span>
    </p>

    <p class='ocr_par' dir='ltr' id='par_1_6' title="bbox 488 2507 864 2545">
     <span class='ocr_line' id='line_1_43' title="bbox 488 2507 864 2545; baseline -0.005 -10"><span class='ocrx_word' id='word_1_384' title='bbox 488 2508 527 2545; x_wconf 56' lang='lat'>(1)</span> <span class='ocrx_word' id='word_1_385' title='bbox 550 2508 609 2535; x_wconf 84' lang='lat' dir='ltr'>Lib.</span> <span class='ocrx_word' id='word_1_386' title='bbox 628 2507 663 2541; x_wconf 83' lang='lat'>11,</span> <span class='ocrx_word' id='word_1_387' title='bbox 688 2507 814 2534; x_wconf 77' lang='lat' dir='ltr'>Climact.</span> <span class='ocrx_word' id='word_1_388' title='bbox 837 2507 864 2534; x_wconf 67' lang='lat'>2.</span> 
     </span>
    </p>
   </div>
  </div>
 </body>
</html>
