2184 2953
215 407 277 433 1568

214 488 360 516 Brunsber-

214 539 253 564 gae
276 529 358 555 Colle-

214 569 284 602 gium
306 570 358 594 sta-

214 611 315 637 bilitur.

220 1536 370 1565 Pultovien-

222 1585 248 1603 se
284 1578 368 1604 Colle-

219 1617 292 1650 gium
300 1617 370 1643 fovet

221 1657 357 1690 episcopus

225 1696 348 1729 Myszkov
358 1712 367 1716 -

220 1735 271 1762 ski.

223 2083 351 2109 Cracoviae

223 2124 351 2154 templum

225 2163 250 2189 S.
265 2163 373 2189 Mathiae

225 2212 328 2230 conces-

226 2252 283 2270 sum
290 2243 373 2270 Colle-

222 2285 274 2319 gio.

386 305 425 336 28
763 305 1035 334 LlTUANICARUM
1061 304 1271 333 SOCIETATIS
1293 304 1378 333 JESU
1403 301 1656 331 HISTORIARUM

387 398 530 444 piceret.
560 395 752 442 Angustior
774 407 831 431 res
856 395 1003 441 Collegii
1033 395 1109 430 visa
1135 395 1388 440 Brunsbergae,
1418 405 1520 440 quam
1549 396 1588 428 ut
1607 393 1730 433 Sociis,
1753 392 1900 439 triginta
1918 393 2001 435 illis,

390 460 524 495 alendis
543 459 733 499 sufficeret;
756 469 867 503 neque
886 457 963 492 haec
977 457 1052 503 ipsa
1070 457 1199 491 tabulis
1221 456 1377 502 legitime
1401 467 1422 490 a
1446 455 1625 490 conditore
1647 454 1756 489 Hosio
1782 454 1933 489 firmata.
1956 455 2006 489 Ut

389 534 480 557 nunc
506 521 688 568 perficeret
716 525 900 566 utrumque
927 519 1128 559 cardinalis,
1149 519 1309 552 inductus
1326 522 1378 552 est
1402 517 1578 552 Laurentii
1598 517 1756 557 consilio,
1782 517 1847 550 viri
1863 520 2006 563 propter

389 584 641 619 humanitatem
659 583 871 630 praecipuam
886 586 919 616 et
938 580 1143 627 sapientiam
1169 580 1328 626 gratiosi.
1359 579 1509 614 Donatio
1527 591 1643 614 rerum
1659 579 1862 614 confirmata
1877 591 1919 614 ex
1936 579 2005 614 for-

390 646 496 687 mula,
519 646 625 680 missa
651 657 668 679 a
684 643 877 690 Praeposito
903 642 1061 688 generali
1081 655 1087 683 ;
1110 642 1198 677 aucti
1216 646 1289 676 tum
1312 641 1454 676 canonis
1480 641 1666 675 nummarii
1689 645 1762 675 tum
1789 640 2007 676 frumentarii

389 709 557 749 redditus,
583 708 766 754 disciplina
788 710 983 752 caeteraque
1012 707 1134 740 domus
1161 705 1334 739 ordinata.
1359 704 1544 739 Varsaviae
1556 704 1638 738 visit
1656 716 1776 750 regem
1795 704 2007 739 Laurentius

389 774 422 806 et
439 782 601 817 proceres
620 774 693 805 tum
707 770 919 814 frequentes,
943 767 1222 802 benevolentiam
1238 767 1391 801 omnium
1414 777 1501 812 erga
1527 766 1647 800 Socios
1669 766 1876 801 dexteritate
1889 766 2008 801 conci-

388 832 488 867 liavit
506 833 682 878 praecipua
703 845 710 866 2
732 842 834 865 carus
865 830 952 875 ipse,
983 829 1234 875 quibusquibus
1261 828 1421 874 cognitus
1451 831 1554 869 esset,
1584 831 1816 874 acceptusque
1835 839 1856 862 a
1875 827 2008 862 cunctis

390 895 552 940 benigne.
574 896 796 940 Quantopere
810 892 965 927 vicissim
984 892 1058 938 ipse
1077 891 1281 925 Polonicam
1305 890 1474 924 adamarit
1492 892 1645 935 gentem,
1668 892 1834 924 testatum
1852 889 1936 924 satis
1954 900 2008 924 re-

388 956 488 1002 liquit
505 960 579 991 tum
593 955 718 991 litteris
733 955 778 1002 (1),
795 958 868 989 tum
887 954 1021 989 officiis.
1040 953 1209 988 Omnibus
1230 952 1310 987 inde
1330 951 1453 987 studiis
1474 951 1735 997 amplectendos
1754 954 1942 992 nostrates,
1960 954 2007 992 et,

387 1022 554 1064 tanquam
572 1018 825 1053 nobilissimam
848 1016 1132 1061 carissimamque
1162 1018 1315 1061 gentem,
1352 1014 1389 1047 in
1415 1013 1626 1048 salutaribus
1661 1012 1812 1059 negotiis
1841 1012 2013 1057 juvandos

392 1092 469 1116 esse
488 1081 621 1115 statuit.
656 1080 872 1114 Hortabatur
903 1078 1213 1124 Brunsbergenses
1233 1076 1352 1111 Socios
1378 1075 1419 1110 ad
1448 1075 1537 1110 bene
1562 1075 1769 1110 merendum
1796 1075 1838 1110 de
1864 1074 2009 1109 civibus.

391 1142 494 1177 Hosii
516 1141 767 1188 benignitatem
781 1141 885 1176 etiam
907 1140 1166 1180 admirabatur;
1197 1151 1265 1185 qua
1282 1138 1442 1184 princeps
1461 1138 1631 1185 hospites,
1652 1138 1811 1173 homines
1831 1149 1850 1172 e
1867 1137 2012 1172 nationi-

391 1206 455 1240 bus
474 1205 580 1240 variis
599 1205 741 1245 accitos,
763 1203 947 1238 dissimiles
977 1202 1056 1237 illos
1081 1201 1248 1242 moribus,
1278 1200 1463 1246 plerosque
1490 1201 1535 1235 ad
1558 1201 1636 1236 haec
1658 1201 1791 1236 tirones
1823 1212 1893 1235 non
1924 1200 2014 1236 bene

393 1267 535 1302 subacto
554 1265 695 1312 ingenio
714 1266 837 1313 (neque
857 1265 948 1301 enim
969 1270 1042 1301 tam
1059 1263 1158 1298 facile
1177 1265 1352 1309 poterant,
1369 1261 1411 1296 iis
1427 1263 1545 1297 statim
1568 1263 1688 1304 initiis,
1709 1263 1753 1297 ad
1774 1274 1912 1298 omnem
1932 1273 2012 1297 con-

392 1326 534 1361 formari
561 1327 751 1361 honestatis
773 1326 931 1372 regulam
951 1326 1055 1361 rudes
1068 1327 1238 1374 juvenum
1257 1324 1372 1371 animi)
1395 1336 1465 1359 uon
1483 1325 1584 1361 aliter
1603 1326 1761 1366 curabat,
1787 1330 1891 1371 atque
1913 1329 2014 1372 pater

394 1390 652 1425 amantissimus
676 1403 682 1425 τ
704 1390 829 1425 horum
842 1389 902 1424 ille
929 1388 1157 1435 aegritudines
1180 1387 1344 1427 leniebat,
1370 1386 1511 1422 illorum
1530 1388 1724 1423 sustinebat
1741 1388 1941 1429 levitatem;
1962 1388 2014 1422 in-

394 1453 544 1493 terdum,
562 1453 591 1488 si
605 1453 687 1499 quid
707 1452 836 1487 erroris
850 1452 995 1487 humani
1014 1451 1207 1492 incidisset,
1230 1448 1471 1484 auctoritatem
1490 1451 1682 1487 obtendens
1709 1463 1820 1493 suam,
1850 1450 2014 1497 pusillum

397 1526 540 1561 gregem
559 1526 660 1550 suum
674 1518 792 1561 pastor
809 1514 921 1548 bonus
937 1513 1111 1549 charitate
1127 1516 1161 1548 et
1179 1510 1375 1547 constantia
1390 1511 1563 1558 singulari
1580 1514 1757 1549 tuebatur.
1779 1512 2015 1548 Pultoviensis

398 1589 533 1623 quoque
550 1572 653 1612 laetus
670 1577 809 1611 videbat
836 1576 1052 1611 incrementa
1071 1575 1230 1621 Collegii.
1252 1573 1409 1615 Fovebat
1425 1575 1546 1610 orbam
1565 1575 1613 1609 ibi
1632 1576 1675 1610 ab
1703 1576 1798 1610 obitu
1826 1574 2016 1610 conditoris

397 1639 549 1675 Andreae
566 1638 780 1674 Noskovskii
798 1638 965 1673 familiam
982 1638 1175 1679 Sociorum,
1193 1639 1345 1673 Andreae
1360 1639 1442 1674 olim
1459 1638 1597 1684 adjutor
1611 1637 1647 1671 in
1664 1649 1808 1673 munere
1823 1636 2012 1684 pontificio,

396 1701 521 1736 deinde
548 1701 584 1735 in
611 1700 813 1736 cathedram
846 1700 1052 1735 Plocensem
1070 1711 1262 1742 successor,
1287 1702 1413 1737 Petrus
1427 1699 1716 1747 Myszkovskius3
1737 1702 1835 1734 tanto
1861 1698 1890 1732 is
1920 1698 2015 1733 dein—

395 1773 476 1809 ceps
494 1761 756 1801 beneficentior,
777 1765 906 1808 quanto
921 1762 956 1796 id
974 1762 1087 1798 minus
1105 1767 1186 1799 ante
1203 1764 1426 1811 polliceretur
1440 1764 1483 1799 de
1498 1774 1535 1798 se
1556 1776 1564 1798 z
1582 1766 1619 1798 ut
1635 1762 1692 1808 qui
1707 1761 1898 1797 officiorum
1912 1761 2017 1796 etiam

395 1827 594 1859 nostrorum
612 1823 802 1859 fastidiosis
820 1823 1010 1859 videretur.

445 1886 585 1921 Laudes
612 1886 715 1932 hujus
745 1886 909 1921 antistitis
935 1886 1063 1921 multas
1094 1887 1142 1922 sic
1173 1888 1305 1923 Hosius
1337 1887 1523 1923 cardinalis
1552 1886 1752 1932 complexus
1784 1889 1838 1920 est
1868 1885 2014 1931 paucis:

399 1962 415 1977 α
437 1947 510 1982 sive
541 1947 695 1994 generis,
727 1947 852 1993 inquit,
875 1947 1069 1983 claritatem
1102 1954 1250 1995 spectes,
1284 1950 1356 1985 sive
1387 1949 1607 1996 prudentiam
1639 1953 1673 1983 et
1704 1959 1870 1994 magnum
1902 1959 2018 1982 rerum

401 2024 416 2039 κ
438 2022 552 2051 usum,
581 2010 653 2044 sive
689 2009 869 2045 lenitatem
901 2014 934 2045 et
965 2010 1216 2054 affabilitatem,
1251 2013 1323 2047 sive
1351 2012 1483 2058 linguae
1514 2012 1643 2046 donum
1676 2010 1880 2056 dicendique
1911 2008 2018 2044 facul—

402 2089 418 2104 «
438 2078 555 2114 tatem,
578 2073 690 2108 virum
708 2073 813 2108 fuisse
831 2073 865 2107 in
884 2074 1017 2119 paucis,
1043 2078 1223 2110 testamur.
1249 2093 1264 2107 η
1297 2076 1412 2122 Hujus
1435 2075 1692 2122 procuratione,
1715 2073 1905 2113 Cracoviae,
1926 2076 2018 2107 tem-

400 2136 493 2182 plum
511 2136 601 2170 beati
633 2135 780 2170 Mathiae
800 2135 972 2170 domicilio
1000 2135 1179 2171 Sociorum
1207 2137 1425 2172 attributum.
1449 2138 1598 2172 Istorum
1629 2137 1821 2172 antistitum
1852 2134 2019 2180 exemplis

401 2198 583 2237 excitatus,
605 2197 816 2232 Valerianus
836 2197 1108 2233 Szuszkovskius
1127 2199 1348 2234 Protasevicz
1367 2200 1500 2239 Socios,
1522 2199 1612 2234 datis
1639 2203 1712 2234 tum
1739 2199 1782 2233 ad
1811 2197 2020 2232 cardinalem

402 2259 549 2294 Hosium
579 2263 652 2293 tum
684 2259 728 2293 ad
757 2259 949 2305 Collegium
980 2260 1269 2307 Brunsbergense
1298 2261 1435 2302 litteris,
1458 2261 1598 2296 Vilnam
1616 2262 1660 2296 ad
1679 2272 1716 2296 se
1736 2260 1917 2295 invitabat.
1939 2259 2020 2294 Non

402 2321 517 2356 omisit
535 2324 717 2367 utramque
738 2321 920 2366 epistolam
940 2322 975 2356 in
998 2323 1170 2357 universae
1190 2323 1347 2358 Historia
1367 2323 1550 2358 Societatis
1570 2322 1778 2358 Franciscus
1800 2320 1991 2357 Sacchinus
2010 2333 2017 2355 z

401 2395 513 2429 neque
529 2394 593 2417 nos
610 2383 646 2417 in
664 2387 785 2417 nostra
804 2383 1029 2418 omittendam
1055 2388 1229 2430 putamus.
1248 2385 1490 2420 Varmiensem
1506 2397 1590 2431 ergo
1609 2383 1787 2419 Vilnensis
1810 2383 1956 2418 antistes
1974 2383 2017 2417 de

403 2445 614 2480 advocandis
632 2444 771 2478 Vilnam
792 2444 903 2479 Sociis
921 2445 969 2480 ita
988 2446 1148 2481 convenit
1165 2459 1171 2481 :

442 2520 478 2555 (1)
502 2519 562 2547 VM.
582 2519 721 2555 Epistolas
737 2520 797 2553 ejus
815 2520 840 2546 in
855 2520 1016 2555 Appendice
1032 2522 1111 2556 hujus
1124 2522 1197 2556 libri,
1217 2518 1266 2559 [ad
1282 2528 1381 2548 annum
1400 2519 1503 2558 1509]
