2184 2953
580 301 686 328 LIBER
712 300 889 328 SEPTIMUS
914 298 1123 335 (imo-1630).
1646 295 1704 326 287

91 392 265 427 dioecesim
285 402 379 426 suam
399 391 568 431 antistite,
589 390 713 425 adesse
727 396 799 424 tum
816 389 972 424 Joannes
999 387 1168 422 maxime:
1205 388 1301 422 obire
1328 399 1546 433 paganorum
1574 398 1674 422 casas
1693 399 1699 421 :

91 453 205 489 excire
223 453 267 487 ad
288 453 440 487 scholam
460 452 685 487 christianam
704 456 862 497 agrestes
882 454 916 485 et
930 449 1112 484 instituere
1130 462 1136 483 :
1155 449 1264 484 multa
1289 449 1398 495 plebis
1426 450 1581 495 agmina,
1605 449 1703 484 festis

89 515 236 550 maxime
251 515 382 554 diebus,
398 515 471 560 ipse
491 514 633 548 ductare
665 519 699 547 et
713 513 861 548 antistiti
876 511 1014 546 offerre.
1033 511 1193 546 Excessit
1205 512 1225 546 J
1230 522 1374 552 oanneS‚
1386 512 1562 557 perpetuis
1577 510 1704 546 contri-

88 582 143 613 tus
158 577 352 617 laboribus,
370 577 415 611 ad
433 577 618 622 septimum
637 577 715 611 idus
733 576 854 621 maias,

141 641 236 676 Idem
262 640 296 674 in
326 640 444 686 primis
475 651 576 673 curas
604 650 685 673 suas
713 643 747 673 et
778 639 967 672 industrias
999 637 1196 672 contulerat
1228 636 1261 669 in
1295 634 1531 676 sodalitatem,
1561 647 1582 669 a
1615 635 1704 670 divis

90 705 110 739 J
116 705 245 750 osepho
265 707 299 738 et
318 703 510 738 Nicodemo
525 706 772 748 nuncupatam,
790 701 969 736 Sociorum
984 700 1132 735 maxime
1148 697 1271 733 studiis
1286 697 1402 731 Vilnae
1416 697 1566 742 quinque
1581 698 1708 733 abhinc

91 767 191 801 annis
222 765 429 806 institutam,
462 766 526 799 hoc
557 776 648 799 anno
681 767 911 810 propagatam
938 775 978 798 ac
1010 761 1213 798 stabilitam.
1248 761 1467 795 Constructae
1494 761 1707 806 excipiendis

91 828 256 863 morbidis
277 828 370 861 aedes
389 827 576 872 ampliores
594 840 600 867 ;
628 826 787 861 deductae
806 838 846 861 eo
862 825 1041 860 canalibus
1062 836 1163 870 aquae
1181 822 1352 863 fontales;
1375 822 1526 857 conditae
1543 823 1706 869 vasisque

91 891 162 925 suis
181 890 362 924 instructae
388 889 548 929 balineae,
579 889 683 923 ducta
712 888 830 922 subter
860 887 1027 933 templum
1053 885 1248 921 recolendis
1277 885 1407 920 Christi
1437 885 1576 919 Domini
1595 886 1702 931 passi,

90 951 283 998 sepultique
299 951 474 997 mysteris‚
497 951 774 996 cryptoporticus
793 965 800 992 ;
818 954 1005 997 corrogata
1024 949 1149 984 alendo
1170 947 1214 982 ad
1239 948 1349 982 aedem
1379 948 1564 987 sacerdoti,
1601 948 1705 995 inque

90 1013 245 1048 redditus
264 1023 398 1047 annuos
415 1012 553 1052 collata,
577 1013 737 1058 pecunia.
763 1014 803 1047 ln
821 1025 863 1048 ea
882 1012 1024 1058 gerusia
1044 1012 1225 1046 alebantur
1242 1013 1387 1056 egentes
1406 1010 1577 1056 principio
1608 1010 1705 1055 quin-

90 1075 254 1121 quageni,
277 1074 403 1109 deinde
418 1075 542 1109 duceni
556 1074 717 1120 amplius.
737 1075 895 1112 Quatuor
905 1074 1075 1108 mensium
1090 1072 1275 1108 intervallo
1290 1072 1557 1117 quadringentis
1571 1072 1701 1118 plures,

88 1137 287 1183 pestilentia
305 1136 475 1182 oppressi,
494 1136 564 1170 alio
579 1136 639 1170 alii
658 1136 823 1170 continuo
843 1136 879 1170 in
896 1135 1011 1170 locum
1038 1134 1196 1169 relictum
1224 1133 1445 1168 succedente.
1472 1132 1705 1174 Affluentibus

87 1200 121 1233 in
154 1199 228 1234 dies
255 1198 413 1245 pluribus
441 1198 590 1233 alterum
619 1199 789 1244 grandius
820 1210 841 1232 a
872 1198 1004 1232 civibus
1031 1196 1251 1242 assignatum
1282 1196 1317 1229 in
1346 1195 1416 1230 alia
1447 1195 1542 1230 urbis
1561 1196 1705 1242 regione

88 1261 225 1296 miseris
241 1260 497 1307 receptaculum
515 1272 522 1300 ;
544 1260 578 1293 in
598 1271 639 1294 eo
659 1260 790 1294 treceni
814 1259 963 1305 amplius
993 1258 1207 1292 curabantur
1229 1269 1235 1291 1
1270 1257 1395 1291 horum
1426 1260 1561 1292 centum
1590 1258 1706 1304 capita

88 1322 255 1357 trimestri
274 1322 385 1367 spatio
405 1333 498 1355 mors
518 1321 672 1355 abstulit.

137 1384 285 1429 Plagam
300 1383 388 1418 adeo
403 1383 629 1423 mortiferam,
649 1383 808 1417 Lituanis
823 1382 1002 1422 inflictam,
1024 1380 1119 1415 haud
1139 1380 1240 1415 dubie
1259 1380 1494 1414 imminentem
1505 1380 1601 1425 genti
1616 1391 1702 1421 suae,

89 1446 205 1481 multis
220 1445 529 1492 supplicationibus
549 1445 725 1491 deprecati
745 1448 824 1479 sunt
856 1443 1073 1489 Samogitae3
1103 1443 1276 1477 interdum
1303 1442 1354 1476 illi
1381 1442 1426 1477 ad
1448 1443 1568 1478 decem
1596 1442 1706 1477 millia

89 1520 194 1543 unum
214 1508 249 1542 in
263 1507 376 1541 locum
393 1507 612 1552 congregati.
631 1507 749 1541 Unum
768 1518 786 1541 e
809 1518 871 1540 suo
897 1505 1014 1540 Crosis
1038 1504 1195 1550 Collegio
1221 1504 1312 1539 Socii
1332 1504 1537 1545 amiserunt,
1559 1515 1705 1550 eumque

87 1571 209 1605 domus
240 1570 438 1616 praesidem,
467 1581 540 1603 suae
568 1569 774 1614 magistrum
797 1568 879 1602 vitae
908 1567 1222 1612 religiossisimum,
1242 1567 1385 1601 Petrum
1405 1566 1598 1607 Millerum,
1622 1566 1702 1601 olim

87 1632 202 1666 Vilnae
218 1631 371 1666 tironum
389 1635 588 1665 nostrorum
603 1642 715 1664 annos
735 1630 786 1664 XI
803 1641 823 1664 a
843 1630 933 1665 1617
953 1632 1137 1668 rectorem,
1172 1629 1321 1663 antehac
1349 1628 1517 1674 Rigensis
1541 1628 1701 1674 Collegii,

87 1695 198 1728 virum
215 1694 366 1728 omnium
387 1693 550 1739 opinione
570 1691 741 1727 sanctum.
765 1692 899 1726 Rerum
919 1690 976 1725 ille
996 1690 1191 1724 divinarum
1210 1690 1344 1731 sitiens,
1366 1690 1472 1724 ineas
1487 1689 1704 1724 meditandas

86 1755 241 1802 quotidie
255 1756 359 1790 horas
378 1759 539 1801 quatuor,
560 1754 734 1789 interdum
754 1753 884 1799 plures,
906 1753 1008 1786 nixus
1024 1752 1183 1798 genibus,
1205 1751 1367 1798 perfusus
1386 1752 1563 1798 lacrymis,
1590 1755 1704 1787 mente

85 1829 106 1852 a
125 1829 228 1853 sensu
242 1830 358 1853 rerum
376 1818 567 1857 abstracta,
585 1816 796 1851 insumebat.
819 1814 1019 1853 Sacrificiis‚
1057 1818 1226 1859 quotquot
1257 1825 1320 1848 suo
1352 1813 1386 1847 in
1409 1814 1538 1860 templo
1564 1814 1702 1855 fierent,

85 1880 244 1914 omnibus
259 1880 395 1914 aderat.
417 1879 582 1925 Jejuniis,
605 1877 774 1912 subucula
789 1876 938 1916 cilicina,
958 1875 1121 1920 flagellis,
1143 1875 1265 1909 ferreis
1280 1875 1452 1910 catenulis
1467 1887 1606 1921 corpus,
1629 1876 1704 1922 jam

86 1941 144 1976 diu
158 1942 214 1988 pio
244 1942 330 1976 illud
362 1942 557 1987 obsequens
585 1941 714 1981 animo,
744 1939 971 1974 inclementer
998 1938 1197 1972 afflictabat.
1220 1938 1314 1973 Mira
1339 1939 1375 1972 in
1403 1939 1542 1974 homine
1569 1951 1704 1974 morum

87 2003 253 2043 suavitas,
274 2003 541 2049 spectabilisque
556 2003 631 2048 ipso
647 2002 749 2037 etiam
768 2002 803 2035 in
825 2001 923 2034 vultu
955 2000 1185 2034 sanctimonia
1214 2001 1475 2034 observantium
1499 2000 1631 2036 animos
1659 2002 1704 2036 ad

86 2077 202 2100 rerum
222 2077 372 2100 amorem
391 2066 584 2100 coelestium
598 2064 733 2098 hortari
748 2063 940 2097 videbatur.
961 2062 1051 2095 Hinc
1066 2065 1154 2102 erat,
1177 2065 1222 2101 ut,
1240 2074 1318 2096 cum
1346 2062 1500 2098 salutare
1527 2063 1703 2110 quidpiam

87 2128 262 2169 suaderet,
281 2139 351 2162 non
365 2128 476 2162 solum
491 2126 814 2165 concionabundus,
832 2125 892 2159 sed
908 2124 1126 2159 familiariter
1141 2124 1244 2158 etiam
1259 2125 1511 2166 sermocinans,
1538 2127 1603 2161 etsi
1631 2138 1704 2162 suae

87 2190 246 2235 germani
265 2190 398 2224 voculae
413 2190 556 2224 auribus
588 2188 800 2223 Polonorum
820 2190 992 2231 corruptio
1011 2185 1209 2220 acciderent
1227 2199 1233 2220 1
1251 2189 1355 2231 grata
1380 2187 1540 2222 omnibus
1571 2191 1701 2229 tamen,

86 2262 127 2286 ac
145 2263 238 2297 saepe
253 2251 411 2297 perutilis
426 2263 489 2285 sua
503 2251 591 2285 foret
610 2250 734 2284 oratio.
758 2248 915 2283 Decessit
937 2258 1029 2281 anno
1046 2247 1162 2281 aetatis
1176 2258 1249 2281 suae
1270 2248 1501 2293 sexagesimo.

137 2313 241 2347 Edita
261 2317 380 2358 strage
398 2312 433 2347 in
453 2313 628 2352 Lituania,
661 2312 695 2345 in
722 2310 901 2344 Poloniam
924 2308 1078 2342 manavit
1095 2308 1315 2354 pestilentia;
1337 2309 1403 2344 hoc
1429 2310 1520 2345 malo
1539 2322 1650 2357 pagos
1670 2316 1704 2347 et

88 2375 192 2410 urbes
207 2375 409 2421 populante,
436 2375 612 2409 Gustavus
631 2373 820 2408 Suecorum
847 2371 916 2405 dux
946 2371 1046 2404 irruit
1073 2381 1094 2404 a
1112 2370 1269 2405 Prussia.
1293 2371 1460 2406 Perculsa
1481 2376 1553 2407 tum
1577 2374 1614 2408 in
1636 2373 1704 2419 pri-

89 2437 153 2471 mis
179 2437 386 2483 Samogitia.
414 2436 444 2471 A
463 2437 571 2471 leucis
593 2435 743 2482 amplius
764 2445 837 2471 sex,
867 2431 1105 2478 praeenntibus
1125 2431 1305 2466 Crosensis
1330 2431 1475 2478 Collegii
1498 2433 1621 2474 Sociis,
1644 2445 1705 2479 per

89 2499 165 2533 loca
177 2511 290 2539 sacra,
311 2499 401 2533 dena
415 2510 522 2544 prope
538 2497 808 2544 supplicantium
822 2495 930 2529 millia
949 2493 1196 2528 circumducta.
1219 2494 1436 2529 Gementium
1453 2499 1486 2530 et
1501 2507 1600 2541 opem
1619 2496 1703 2530 divi-

1737 395 1798 422 1629

1735 643 1816 669 Vilnae
1835 643 1878 670 So-

1733 682 1833 709 dalitas
1863 693 1878 710 a

1734 722 1778 747 SS.
1808 723 1876 749 Jose-

1735 764 1785 795 pho
1794 766 1821 791 et
1831 764 1878 791 Ni-

1734 803 1837 830 codemo

1734 842 1805 869 dicta
1820 852 1878 870 con-

1734 882 1863 909 firmatur.

1735 921 1804 948 Cura
1824 923 1879 955 ejus

1732 964 1837 997 templi.

1734 1069 1865 1104 Amplitu-

1733 1110 1765 1136 do
1789 1120 1860 1138 noso-

1733 1151 1818 1177 comii.

1732 1213 1839 1247 Strages
1849 1222 1878 1240 ex

1733 1253 1856 1285 pestilen-

1733 1291 1779 1317 tia.

1789 1363 1820 1388 40

1732 1402 1873 1437 Samogitae

1731 1444 1830 1476 pestem
1861 1453 1876 1470 a

1731 1489 1758 1508 se
1771 1482 1867 1516 depre-

1730 1523 1832 1548 cantur.

1730 1580 1815 1606 Crosis
1821 1581 1874 1608 obi-

1730 1624 1773 1648 tus
1786 1623 1875 1648 RMiL

1730 1661 1779 1687 leri
1792 1663 1875 1687 recto-

1729 1703 1775 1729 ris.
