2184 2953
581 296 684 324 LIBER
709 296 874 329 QUxu‘l'lis
899 297 1108 331 (1:*591i-11'11‘iui⁴
1628 298 1682 328 191

70 389 220 423 bustum
234 388 339 422 animi
358 392 429 422 tum
443 388 576 433 ingenii
594 389 737 428 viribus,
755 388 966 434 praefocante
985 388 1138 422 animam
1154 388 1240 427 ravi,
1259 389 1457 430 succe-denti
1476 390 1683 435 disputatori

69 451 182 485 locum
202 450 315 490 dedit;
338 462 415 495 quae
442 449 671 485 declamasset
701 450 772 487 diu,
794 450 962 495 probante
983 450 1130 484 nemine.
1155 449 1253 484 Alter
1273 450 1427 495 splenem
1456 451 1557 485 etiam
1580 452 1686 487 movit

69 513 305 553 auditoribus;
328 512 457 557 sophus
477 512 610 546 scilicet
626 513 767 546 uxorius
786 524 792 546 z
815 512 873 557 qui
892 512 1092 546 sacerdotes
1121 511 1247 546 debere
1268 513 1409 546 omnino
1430 514 1572 547 maritos
1595 526 1684 555 esse,

72 578 105 609 et
118 573 263 609 Lutheri
282 573 334 607 sui
349 573 506 618 exemplo
522 574 732 613 uxorculam,
747 574 864 619 putide
879 574 1105 608 contenderet
1119 587 1126 614 3
1143 585 1224 607 nam
1239 574 1342 608 aliter
1358 575 1590 608 sacerdotium
1607 587 1686 610 neu-

71 636 200 681 tiquam
219 647 321 681 posse
341 636 455 670 vocari
483 640 751 670 sacramentum.
774 636 842 670 Sex
861 636 966 669 horas
998 635 1027 670 is
1059 635 1198 669 duravit
1225 635 1418 670 conflictus.
1443 636 1522 670 Otio
1542 637 1689 683 denique

71 699 161 733 bono
180 698 216 732 in
235 698 318 743 ipsis
349 698 593 732 haereticorum
623 698 762 743 ineptiis
793 697 954 738 contrito,
978 701 1087 731 coetus
1121 697 1326 738 dimittitur,
1361 698 1585 738 adversariis,
1608 699 1690 744 quia

73 764 244 795 certamen
263 772 334 794 non
353 772 370 795 e
391 760 563 794 sententia
586 760 651 793 sibi
676 760 914 805 processisset,
937 764 974 793 ut
993 760 1085 793 idem
1104 763 1243 805 postero
1271 760 1325 794 die
1352 760 1595 805 redintegrare
1620 761 1691 795 suis

73 822 204 860 liceret,
226 821 495 867 postulantibus.
512 821 637 855 Velum
655 821 689 855 id
704 821 767 855 fuit
784 822 919 867 utique,
942 821 1031 866 quod
1049 821 1099 854 illi
1114 833 1186 855 suze
1202 821 1423 855 contumeliae
1439 822 1687 856 obtenderent:

74 896 153 919 nam
172 883 340 930 postridie
360 895 402 918 ne
420 883 655 918 internuntius
675 883 813 928 quidem
842 895 883 917 ex
911 883 1072 917 universo
1092 883 1152 917 illo
1172 883 1353 917 doctorum
1372 884 1634 929 trigintaviratu
1654 896 1691 918 ea

74 946 108 980 in
126 957 235 980 arena
254 946 368 987 visus;
391 958 468 980 cum
488 946 624 980 interim
648 945 714 990 ipsi
730 945 833 979 ctiam
853 945 1104 990 disceptatores
1125 945 1177 979 sui
1193 950 1227 979 et
1241 946 1380 990 patroni
1395 957 1454 980 eos
1469 950 1692 991 expectarent

74 1008 305 1054 cupidissime,
320 1012 354 1043 et
369 1008 415 1041 ad
429 1007 649 1054 profliganda
663 1008 813 1053 incepta,
832 1018 1069 1052 ‹piemcunque
1085 1007 1220 1041 demum
1238 1007 1400 1042 habitura
1416 1012 1533 1043 essent
1547 1009 1689 1049 exitum,

75 1070 225 1105 stimulis
244 1074 411 1116 urgerent
431 1070 601 1104 omnibus.
625 1069 692 1103 Sed
712 1081 800 1108 nius,
820 1070 910 1115 quod
933 1069 1118 1114 proverbio
1134 1069 1272 1110 dicitur,
1294 1071 1450 1115 gustavit
1463 1071 1586 1116 picem.
1608 1071 1690 1105 Ela-

74 1133 201 1167 buntur
220 1143 338 1167 omnes
358 1144 401 1166 ex
420 1131 504 1165 urbe
536 1131 745 1171 clanculum,
767 1131 933 1176 fugaque,
961 1135 997 1165 ut
1023 1131 1103 1165 victi
1128 1131 1264 1177 praelio,
1287 1132 1376 1167 alius
1409 1132 1511 1167 alium
1530 1137 1690 1168 antever-

73 1198 160 1229 tunt.
180 1195 234 1229 Illi
252 1198 382 1234 tamen,
400 1205 477 1239 quae
493 1204 556 1227 sua
576 1193 789 1238 impudentia
810 1193 1000 1238 singularis
1020 1193 1091 1233 suit,
1108 1194 1200 1239 apud
1218 1206 1327 1229 nurus
1349 1206 1428 1229 suas
1444 1200 1477 1229 et
1491 1195 1691 1240 plebeculas

75 1268 154 1291 suas
174 1267 259 1302 quas
273 1256 391 1290 nescio
406 1255 571 1289 victorias
588 1254 817 1300 crepitabant.
835 1255 915 1288 Non
931 1255 1092 1288 omnibus
1107 1255 1176 1289 illis
1192 1256 1311 1301 utique
1327 1256 1497 1301 impunita
1511 1256 1574 1290 fuit
1590 1257 1691 1302 hujus

73 1318 248 1364 turpitudo
270 1317 453 1352 mendacii.
474 1317 503 1351 E
522 1328 630 1362 grege
651 1317 715 1350 isto
731 1316 874 1350 Gabriel
891 1317 1228 1363 Luboszczynskiu&
1252 1322 1419 1363 patronus
1438 1318 1688 1359 calvinisticus‚

74 1380 241 1415 Medireci
264 1379 300 1413 in
329 1379 410 1413 villa
441 1379 580 1413 Nicolai
614 1378 786 1418 Szumski‚
809 1378 964 1423 praefecti
996 1379 1246 1419 Rudnicensis,
1268 1379 1408 1425 hospes,
1430 1379 1598 1425 postridie
1618 1380 1692 1425 ejus

74 1442 182 1477 nostri
206 1441 418 1481 certaminis,
445 1441 487 1474 ad
506 1452 659 1475 mensam
679 1441 834 1474 convivis
855 1440 897 1475 de
920 1452 1062 1475 suorum
1086 1441 1249 1476 hesterno
1269 1454 1346 1476 cuin
1365 1442 1511 1477 Jcsuitis
1530 1442 1691 1476 conflictu

77 1504 239 1538 narrabat
256 1516 264 1544 ;
286 1503 345 1537 sed
364 1502 532 1536 narrabat
552 1502 667 1536 omnia
686 1514 869 1548 perperam
888 1514 1121 1548 perverseque
1144 1503 1247 1538 hoino
1275 1515 1385 1538 vanus
1405 1519 1409 1537 ς
1433 1504 1556 1538 vicisse
1582 1515 1662 1538 suos
1682 1516 1688 1538 :

76 1566 182 1599 victos
197 1565 365 1605 Jesuitas,
384 1564 585 1609 ignominia]
609 1564 743 1610 plenos,
762 1564 903 1598 effertos
926 1564 1156 1605 contumeliis,
1175 1577 1217 1599 ex
1235 1577 1342 1599 arena
1365 1566 1509 1611 fugisse.
1534 1565 1692 1600 Commo-

77 1627 155 1661 dum
175 1627 367 1661 intererant
385 1626 542 1660 convivae
561 1626 729 1671 hospites,
753 1626 810 1671 qui
829 1630 863 1660 et
885 1626 950 1671 ipsi
969 1626 1098 1660 fuerint
1125 1627 1247 1661 arbitri
1267 1626 1360 1661 illius
1378 1627 1625 1661 controversiae
1649 1627 1690 1661 ad

76 1689 187 1735 ipsum
204 1700 311 1734 usque
339 1688 468 1722 exitum
488 1700 494 1722 :
516 1687 551 1722 in
582 1688 702 1733 primis
729 1689 884 1722 Mathias
916 1689 1224 1729 Somezkovskius,
1247 1690 1457 1724 benedictini
1476 1690 1598 1724 Trocis
1618 1702 1689 1724 mo-

76 1750 219 1785 nasterii
242 1749 401 1784 antistes.
424 1750 547 1784 Mirari
568 1750 717 1795 primum
737 1750 784 1784 illi
808 1751 957 1785 hominis
977 1751 1240 1796 impudentiam,
1266 1764 1371 1798 seque
1399 1752 1685 1798 circumspicere;

78 1812 214 1853 deinde,
235 1817 407 1857 nugatore
428 1824 445 1846 e
464 1812 701 1846 taciturnitate
721 1824 784 1846 sua
802 1812 936 1846 animos
959 1817 1129 1854 sumente,
1151 1813 1307 1849 modeste
1331 1814 1483 1859 obloqui,
1509 1826 1561 1855 ac,
1584 1826 1687 1860 porro

78 1886 147 1909 non
173 1879 346 1914 cessante,
368 1875 458 1909 tueri
477 1874 668 1909 veritatem.
691 1874 798 1909 Suum
830 1878 951 1908 contra
981 1876 1141 1921 persequi
1168 1876 1392 1917 obtrectator,
1418 1881 1452 1911 et
1471 1877 1688 1911 mendacium

79 1937 276 1977 mendaciis,
294 1936 459 1971 conviciis
477 1937 619 1981 insuper
638 1935 899 1981 maledictisque
918 1936 1136 1971 confirmare.
1156 1937 1326 1983 Denique,
1349 1949 1516 1973 execrans
1532 1939 1565 1972 in
1586 1944 1690 1984 caput

80 2009 177 2032 suum
200 2011 205 2032 :
232 2013 247 2027 α
270 1999 463 2044 dispeream
485 1999 557 2044 jam
583 2010 687 2038 nunc,
710 1998 832 2043 inquit,
856 1998 921 2032 nisi
953 2010 1030 2043 qua}
1057 1999 1112 2044 ajo
1133 1999 1202 2032 sint
1221 2010 1316 2034 vera.
1355 2017 1370 2031 ,υ
1392 1999 1518 2034 Evenit
1543 2001 1685 2047 itaque:

80 2059 179 2094 simul
191 2060 266 2095 haec
286 2060 383 2102 dixit,
402 2060 504 2094 simul
523 2060 671 2094 animam
686 2060 805 2094 infelix
819 2060 982 2099 evomuit,
1000 2060 1180 2105 repentino
1197 2061 1391 2106 apoplexiae
1407 2061 1476 2096 ictu
1490 2063 1525 2097 in
1540 2063 1688 2109 vestigio

80 2122 268 2167 perculsus,
295 2123 382 2158 VIII
415 2123 492 2157 idus
517 2122 652 2168 junias.

128 2184 289 2218 Possonii
317 2185 351 2218 in
378 2183 576 2229 Hungaria,
599 2184 690 2218 sacri
722 2183 855 2217 romani
886 2182 1021 2228 imperii
1052 2183 1261 2228 principem,
1283 2185 1551 2220 mareschallum
1578 2187 1688 2233 primo

82 2244 267 2286 Lstuaniae,
285 2246 411 2281 deinde
426 2245 631 2291 Samogitiae
646 2245 859 2291 praefectum,
878 2244 1090 2279 Stanislaum
1106 2245 1322 2279 Radivillum
1338 2246 1475 2287 Romse,
1494 2248 1689 2283 christianis

82 2316 171 2340 anno
199 2307 379 2352 piaculari,
402 2308 536 2346 eodem,
558 2308 631 2352 ejus
658 2307 783 2352 gratiae
810 2307 1062 2352 consequendaer
1085 2317 1204 2345 causa,
1226 2308 1491 2343 contendentem
1524 2322 1616 2344 mors
1635 2323 1690 2346 oc-

81 2368 227 2412 cupavit.
248 2368 413 2403 Relatum
440 2369 473 2402 in
502 2369 663 2414 patriam,
686 2380 811 2413 corpus
832 2368 951 2413 Olyca}
971 2368 1003 2401 in
1025 2368 1152 2413 templo
1167 2380 1188 2401 a
1208 2380 1245 2402 se
1264 2369 1479 2404 exaedificato
1499 2372 1686 2406 conditum.

81 2428 191 2474 Ejecit
208 2441 316 2475 nuper
340 2442 383 2465 ex
409 2442 449 2465 eo
477 2430 603 2476 oppido
633 2431 806 2464 ministros
833 2430 1080 2469 calvinisticos,
1104 2442 1124 2464 a
1143 2435 1286 2476 parente
1313 2443 1375 2466 suo
1404 2433 1550 2467 Nicolao
1579 2434 1690 2480 Nigro

82 2490 283 2533 collocatos;
313 2492 471 2536 cavitque
501 2492 593 2537 lege,
616 2499 664 2529 ut,
687 2492 791 2537 siqui
821 2492 1007 2526 haereticus
1042 2491 1077 2525 in
1108 2503 1191 2538 opes
1224 2504 1305 2527 suas
1337 2494 1625 2540 succedei·et,jus
1654 2495 1689 2530 in

1716 398 1775 424 1599

1719 1892 1799 1918 Poena
1808 1901 1865 1918 con-

1720 1932 1852 1957 tumeliosi

1718 1969 1857 1996 mendacii.

1775 2151 1805 2176 16

1720 2190 1846 2216 Stanislai

1723 2228 1849 2254 Radivilli

1720 2268 1796 2293 funus
1809 2269 1835 2292 ct

1719 2308 1782 2333 laus
