2184 2953
228 409 291 435 1584

399 313 457 344 124
770 314 1042 343 LITUAMCARUM
1059 315 1278 353 *SofflETA'rls
1300 315 1384 344 JESU
1410 313 1660 343 HISTORIARUM

401 408 589 454 “maligne
623 421 630 443 ε
665 408 812 455 injurias
847 408 1012 443 Patribus
1048 407 1163 443 illatas
1197 408 1442 454 magistratum
1472 408 1611 447 acerbe,
1640 407 1758 453 itaque
1782 407 1894 449 ferre,
1925 419 1966 442 ac
2002 407 2032 442 si

401 484 416 498 α
438 469 513 516 ipse
547 470 602 505 his
638 470 785 505 affectus
820 475 913 505 esset
946 483 951 504 z
978 469 1079 504 simul
1110 481 1150 504 ac
1190 469 1340 515 suspicio
1375 469 1543 504 tumultus
1570 469 1755 515 increpuit,
1795 469 1881 503 nihil
1916 469 2029 515 magi-

401 547 416 562 ce
440 537 532 568 stros
564 533 714 568 civitatis
747 533 919 572 omisisse,
958 544 1025 577 quo
1053 532 1218 567 Patribus
1243 532 1398 567 succurri
1434 536 1551 578 posset
1582 544 1588 566 :
1621 532 1829 578 vigilaturos
1861 543 1897 566 se
1933 531 2029 566 dein-

402 611 417 625 α
440 607 521 641 ceps
540 595 584 630 ad
612 595 757 630 tutelam
776 595 948 629 curiosius
979 607 985 629 :
1013 594 1186 629 fenestras
1215 599 1319 640 atque
1349 594 1431 635 alia,
1466 606 1544 640 quae
1571 606 1633 640 per
1656 594 1840 629 tumultuin
1862 597 2031 640 corrupta

401 673 416 687 α
439 658 564 698 forent,
587 669 624 692 se
644 657 714 692 suis
734 657 929 702 sumptibus
947 656 1149 691 refecturos.
1173 656 1287 702 Atque
1305 656 1381 690 haec
1412 656 1561 701 quidem,
1583 656 1728 697 addunt,
1762 656 1885 690 civitas
1905 660 2026 690 nostra

402 736 417 750 α
440 721 550 760 vobis,
576 721 713 758 Patres,
735 720 777 754 de
805 731 842 754 se
861 718 1066 765 pollicetur;
1090 719 1166 764 jam
1190 718 1272 764 quid
1291 730 1311 752 a
1336 719 1433 753 vobis
1462 718 1612 752 vicissim
1640 718 1806 764 postulet,
1830 719 1859 752 si
1889 718 2029 764 quidem
2050 727 2053 732 '

402 798 417 812 a
440 782 632 823 volueritis,
650 782 752 818 facile
772 785 885 817 vestra
900 785 1088 826 nostraque
1103 792 1188 826 pace
1206 780 1432 826 praestabitis.
1456 780 1602 815 Tabulae
1617 781 1651 814 in
1671 781 1791 827 primis
1820 780 2027 826 refigantur,

400 860 416 874 α
438 857 525 891 quas
544 857 585 880 ex
613 846 685 880 fani
703 845 810 879 vestri
829 843 941 878 valvis
968 843 1195 889 praetereunti
1224 842 1412 877 venditatis
1432 842 1582 888 populo;
1613 843 1751 877 tametsi
1779 843 1813 876 in
1834 843 1919 888 ipsis
1944 843 2031 878 nihil

401 923 416 937 ιι
439 909 496 949 sit,
519 912 648 954 praeter
667 907 817 942 indicem
832 913 1013 940 auctorum
1034 910 1067 941 et
1087 917 1203 941 rerum
1226 906 1516 941 scholasticarum
1531 906 1565 940 in
1582 907 1767 952 gymnasio
1783 910 1900 941 vestro
1922 905 2029 952 expli-

402 983 418 998 c<
441 969 646 1008 candarum,
667 980 724 1002 res
743 972 860 1002 tamen
889 978 979 1001 nova
1003 967 1119 1002 multis
1140 968 1290 1008 videtur,
1309 980 1387 1014 quae
1406 970 1452 1004 ad
1471 970 1639 1004 invidiam
1660 971 1693 1004 in
1722 971 1830 1016 vulgo
1850 971 2030 1005 concitan-

403 1047 418 1061 ‹c
442 1032 521 1066 dam
541 1031 668 1066 valeat.
696 1030 878 1065 Sustinere
906 1029 1001 1064 haud
1020 1034 1134 1075 potest
1161 1030 1332 1075 ejusmodi
1360 1043 1493 1067 merces
1513 1037 1651 1067 vestras
1679 1033 1777 1079 plebs
1809 1033 1939 1074 stulta;
1970 1044 2030 1068 eas

403 1110 418 1124 a
441 1095 550 1141 igitur
569 1094 800 1139 magistratus
828 1098 949 1129 noster
976 1098 1076 1140 putat
1104 1093 1349 1128 removendas
1379 1094 1539 1129 Alterum
1564 1099 1630 1135 est,
1653 1095 1748 1141 quod
1774 1095 2027 1135 coemeterium,

403 1175 418 1189 ιι
442 1158 601 1194 omnibus
616 1162 698 1192 ante
717 1158 887 1203 pervium,
907 1163 1024 1193 erecta
1052 1169 1163 1203 nuper
1182 1161 1296 1203 porta,
1330 1157 1560 1192 occluseritis.
1594 1157 1815 1192 Postremum
1842 1157 2030 1203 magistra-

402 1235 417 1249 α
442 1223 497 1255 tus
514 1220 617 1254 etiam
632 1219 801 1266 postulat,
823 1224 861 1253 ut
877 1230 920 1253 ne
935 1221 1099 1266 campani
1114 1220 1196 1255 aeris
1216 1221 1430 1266 pulsatione,
1449 1219 1742 1266 quemadmodum
1758 1220 1792 1254 in
1812 1220 1880 1254 ista
1894 1220 2031 1255 fecistis

402 1298 417 1313 a<
435 1283 552 1323 turba,
572 1282 751 1316 civitatem
770 1280 852 1315 inde
870 1282 1066 1316 concitetis.
1090 1300 1105 1314 99

447 1342 677 1391 Magistratui
705 1347 739 1377 et
770 1343 984 1378 internuntio
1016 1356 1079 1390 pro
1111 1344 1356 1379 benevolentia
1388 1348 1423 1378 et
1454 1343 1565 1378 tutela
1584 1343 1709 1389 gratiis
1737 1342 1900 1389 ampliter
1923 1342 2024 1382 actis,

398 1408 582 1447 Rubentis,
605 1405 835 1452 amplioribus
857 1417 934 1441 eam
962 1418 1145 1441 munerum
1173 1419 1315 1441 suorum
1340 1406 1603 1441 observantiam
1632 1410 1665 1440 et
1702 1405 1807 1439 fidem
1839 1405 1914 1451 regi
1942 1416 2036 1439 com-

400 1469 629 1505 mendaturus
648 1468 870 1507 testimoniis,
892 1468 938 1502 ad
965 1479 1019 1510 ea,
1042 1480 1120 1514 quae
1148 1469 1214 1514 ipsi
1236 1475 1483 1511 causarentur,
1503 1480 1652 1516 quaeque
1670 1480 1691 1502 a
1707 1468 1819 1503 Sociis
1834 1468 2030 1514 exigerent,

397 1531 605 1578 respondet:
633 1546 647 1560 a
665 1530 805 1564 tabulas
820 1530 930 1576 primo
946 1530 1175 1566 scholasticas
1190 1543 1286 1565 more
1306 1543 1381 1573 suo,
1396 1530 1466 1565 fide
1480 1531 1585 1571 bona,
1604 1530 1732 1565 nullius
1760 1541 1867 1565 causa
1888 1529 2033 1563 invidiae

403 1610 419 1625 ιι
441 1595 640 1641 propositas
659 1607 666 1636 ;
681 1606 810 1640 easque
826 1598 919 1629 certe
934 1606 971 1629 se
989 1594 1162 1629 refixuros
1180 1594 1336 1634 fuisse,si
1357 1594 1434 1640 quis
1450 1605 1487 1628 se
1502 1593 1654 1627 civitatis
1670 1593 1810 1627 nomine
1826 1593 2031 1627 monuisset.

401 1672 417 1686 κ
439 1657 623 1692 Portulam
642 1668 749 1697 areae,
778 1657 884 1691 biduo
912 1660 994 1692 ante
1022 1656 1184 1703 positam,
1207 1656 1350 1690 biduum
1369 1661 1479 1690 totum
1509 1655 1663 1690 interdiu
1682 1655 1850 1701 patuisse.
1885 1654 2033 1699 Signum

402 1734 418 1748 a
439 1718 608 1754 tumultus
628 1719 802 1754 Polonum
822 1719 996 1765 quendam
1024 1719 1235 1753 catholicum
1267 1717 1417 1757 dedisse,
1449 1718 1583 1763 injussu
1604 1717 1707 1751 ullius
1727 1729 1802 1757 suo,
1842 1716 1917 1762 ipso
1938 1715 2033 1750 vide—

400 1796 415 1811 ει
438 1781 520 1817 licet
543 1785 692 1827 urgente
705 1781 871 1827 periculo.
901 1782 970 1817 Sed
994 1781 1117 1827 ecquid
1135 1781 1231 1815 aliud
1246 1781 1279 1814 in
1300 1792 1364 1815 suo
1384 1780 1516 1826 pariter
1532 1779 1734 1814 discrimine
1748 1778 1946 1813 faciendum
1966 1778 2034 1813 sibi

401 1860 415 1874 α
438 1849 604 1891 putarent
617 1845 683 1891 ipsi
698 1845 779 1879 boni
802 1844 976 1884 consules,
989 1855 1093 1889 quain
1112 1844 1249 1889 piorum
1264 1855 1365 1889 opem
1380 1843 1520 1884 civium,
1535 1854 1673 1888 quoquo
1691 1841 1767 1876 fieri
1783 1841 1885 1875 modo
1898 1845 2029 1887 posset,

401 1923 416 1936 α
438 1907 608 1942 adversus
618 1907 771 1942 hostium
787 1907 936 1953 impetus
956 1907 1234 1952 implorandam}
1257 1908 1368 1945 Quem
1387 1906 1437 1940 illi
1453 1918 1560 1940 unuin
1580 1905 1784 1940 mortalium
1803 1904 1936 1939 vellent
1951 1916 2031 1939 esse

401 1986 416 2000 α
439 1975 510 2005 tam
530 1971 708 2011 miserum,
742 1970 797 2004 cui
817 1981 859 2004 ne
884 1970 1073 2005 admonere
1093 1970 1232 2016 quidem
1252 1970 1385 2004 vicinos
1414 1969 1456 2004 de
1488 1969 1541 2002 sui
1561 1968 1718 2014 periculo
1747 1968 1871 2013 capitis
1899 1967 2004 2002 liceat
2017 1969 2030 2003 ’.2

402 2047 418 2062 a<
440 2033 575 2067 Civium
598 2032 692 2071 fidei,
710 2031 900 2078 praesidum
931 2031 1064 2072 tutelae,
1088 2032 1211 2067 Socios
1233 2043 1254 2065 a
1285 2042 1384 2076 rege,
1415 2042 1436 2064 a
1467 2030 1706 2075 gubernatore
1739 2029 1920 2063 cardinale
1953 2041 2030 2065 esse

403 2110 418 2124 α
441 2094 724 2135 commendatos3
755 2094 837 2140 quid
856 2094 964 2139 igitur
985 2098 1050 2134 est,
1081 2094 1173 2140 quod
1191 2105 1288 2139 aegre
1315 2094 1430 2127 ferant
1456 2097 1590 2127 tutores
1610 2093 1676 2132 sui,
1700 2093 1729 2127 si
1758 2092 1813 2127 vel
1832 2103 1894 2138 per
1913 2104 2033 2127 onmes

405 2172 420 2186 ιι
444 2158 605 2197 tinnitus,
637 2157 798 2191 omnibus
818 2156 1041 2202 crepitaculis
1069 2168 1090 2190 a
1116 2155 1396 2201 periclitantibus
1428 2155 1654 2189 invocentur?
1677 2155 1832 2189 Arceant
1851 2154 2029 2200 deinceps,

405 2233 420 2248 α
442 2219 611 2265 praesides
636 2219 850 2257 mortalium,
874 2219 1036 2253 coelestes
1063 2218 1167 2253 Genii
1195 2217 1495 2264 importunitatem
1524 2217 1676 2251 hostium
1705 2228 1725 2250 a
1750 2215 1908 2261 Collegio
1928 2228 2032 2261 quam

406 2298 421 2312 a
443 2282 652 2327 longissime
675 2295 681 2316 :
704 2282 794 2327 quod
815 2283 844 2316 si
863 2282 995 2327 pariter
1014 2281 1145 2315 malum
1173 2280 1358 2326 ingruerit,
1387 2291 1423 2314 se
1450 2285 1544 2314 certe
1563 2280 1608 2313 ad
1635 2279 1755 2313 eadem
1785 2290 1849 2313 sua
1879 2278 2030 2313 classica

405 2359 421 2374 ιι
444 2343 691 2379 convolaturos
710 2344 842 2389 pariter
865 2356 870 2377 ;
894 2355 960 2389 quo
976 2347 1078 2388 pacto
1097 2346 1231 2377 constet
1251 2341 1425 2382 omnibus,
1444 2353 1504 2376 eos
1523 2353 1559 2375 se
1579 2341 1634 2375 hic
1654 2341 1809 2386 hospites
1829 2352 1919 2378 esse,
1942 2352 2028 2386 quos

405 2422 420 2436 a
442 2406 555 2452 pietas
578 2405 704 2439 civium
736 2410 770 2440 et
801 2405 888 2439 fides
916 2409 1030 2440 sartos
1060 2409 1238 2449 tectosque
1266 2403 1361 2438 velit.
1388 2404 1469 2437 Jam
1501 2403 1593 2449 quod
1620 2402 1665 2436 ad
1692 2402 1859 2437 tumultus
1887 2413 2029 2437 causam

405 2484 421 2498 ιι
444 2469 582 2507 attinet,
605 2479 648 2502 ne
667 2467 733 2512 ipsi
752 2467 856 2501 etiam
873 2467 1011 2512 judices
1027 2466 1285 2501 dissimularent
1300 2465 1482 2500 veritatem
1507 2478 1513 2499 :
1537 2465 1717 2499 turbarum
1738 2464 1869 2499 seilicet
1884 2475 2026 2499 causam

406 2546 419 2560 ιι
442 2543 509 2565 non
536 2540 632 2563 suam
666 2528 853 2562 cwinetcrii
886 2533 1036 2575 portam,
1073 2539 1182 2572 noque
1215 2527 1411 2561 scholarum
1438 2527 1589 2565 tabulas,
1614 2527 1687 2565 sed,
1718 2527 1808 2572 quod
1837 2538 1893 2561 res
1920 2530 2020 2566 esset,
