2184 2953
250 390 313 416 1597

249 769 396 795 Mathema-

246 809 325 835 ticam

246 847 332 873 Romae
340 855 397 881 pro-

245 887 344 913 fitetur.

243 1742 307 1768 1598

298 1784 328 1809 14

241 1823 268 1848 P.
279 1822 369 1848 Marti-

240 1869 289 1886 nus
299 1860 389 1886 Later-

242 1899 310 1924 nain
321 1898 388 1923 mari

240 1937 342 1963 Baltico
356 1937 388 1963 ab

241 1978 371 2004 haereticis

241 2018 379 2051 mergitur.

422 290 481 322 186
798 290 1073 319 LITUANICARUM
1098 291 1310 320 SOCIETATIS
1331 292 1416 321 JESU
1441 292 1695 322 fflSToRIARUM

419 382 474 417 his
493 383 565 428 egit
579 382 615 417 in
636 383 811 419 Societate
833 385 991 420 XXXII.
1012 385 1085 419 Piis
1100 385 1326 431 honestisque
1345 385 1458 420 editus
1478 386 1693 431 parentibus,
1716 398 1737 420 a
1756 397 1864 432 puero
1885 387 1930 421 ad
1951 387 2045 423 litte-

418 456 537 480 rarum
556 446 671 481 studia
688 447 876 493 diligenter
893 447 1062 482 incubuit.
1085 447 1327 493 Philosophiae
1347 448 1549 494 magisterio
1569 449 1717 484 Viennae
1732 449 1766 483 in
1787 450 1927 484 Austria
1943 462 2045 485 orna-

419 511 473 542 tus
495 520 501 542 :
526 508 697 543 Pultoviae
717 509 838 544 laurea
858 509 1008 544 doctoris
1028 509 1218 555 theologiae
1238 518 1361 544 auctus
1381 523 1386 544 :
1422 510 1551 545 ibidem
1584 512 1688 552 1571,
1711 516 1835 557 quarto
1863 512 1941 546 idus
1966 512 2045 557 julii

418 574 500 605 vota
519 575 667 616 quatuor
685 565 874 618 professus.
902 572 1117 607 Adolescens
1138 572 1288 606 Romam
1310 573 1449 607 Vienna
1468 573 1658 618 profectus,
1683 573 1730 608 ibi
1751 586 1878 609 nomen
1906 575 2043 610 Christo

418 632 513 668 dedit
533 634 567 668 in
587 634 761 670 Societate
777 647 840 669 sua
856 646 948 669 anno
969 634 1092 669 salutis
1115 635 1219 670 1565.
1245 635 1374 669 Positis
1396 636 1430 669 in
1454 636 1613 671 tirocinio
1630 636 1809 682 religiosae
1837 638 1919 672 vitae
1948 637 2043 671 rudi-

419 696 558 736 mentis,
581 697 708 742 graecis
735 701 768 732 et
792 697 964 732 hebraicis
983 697 1109 731 litteris
1130 697 1288 732 excultus
1312 698 1434 743 probo,
1454 698 1582 732 ibidem
1597 699 1880 734 mathematicam
1907 699 2044 745 publice

421 757 550 792 docuit.
574 758 706 794 Deinde
727 759 760 793 in
778 759 1030 806 Transylrania
1052 759 1317 804 Sigismundum
1337 760 1532 800 Batorium,
1555 761 1732 806 postulatu
1750 761 1918 807 Stephani
1941 761 2044 796 Polo-

422 819 490 853 niae
522 820 629 865 regis,
667 820 711 855 ad
738 821 873 855 litteras
897 826 931 855 et
958 821 1122 866 pietatem
1151 821 1313 855 instituit.
1359 821 1498 856 Primus
1522 822 1716 868 Collegium
1749 823 1929 858 Sociorum
1955 823 2045 858 rexit

422 881 607 917 Posnaniae
624 883 785 929 primum,
804 888 875 917 tum
895 883 1022 924 Vilnae,
1046 883 1279 929 Clauffiopoli,
1303 883 1483 918 Cracoviae
1504 883 1642 918 domum
1671 884 1878 930 professam.
1914 885 2040 920 Trien-

420 943 514 977 nium
533 944 625 979 vices
643 945 867 990 provincialis
886 945 983 980 obiit.
1002 945 1087 980 Cum
1106 946 1155 979 ita
1170 945 1342 991 regimine
1358 945 1546 980 multorum
1579 951 1807 992 occuparetur
1836 952 1870 982 et
1893 948 2045 993 negotiis

417 1005 571 1047 familiae,
599 1007 854 1042 concionatoris
873 1008 1016 1054 insuper
1031 1020 1155 1042 munus
1172 1019 1233 1053 per
1253 1019 1289 1042 se
1309 1007 1472 1054 explebat
1490 1008 1575 1054 ipse,
1612 1008 1715 1054 idque
1748 1008 1897 1043 utilitate
1916 1010 2042 1055 praeci-

417 1080 496 1113 pua.
520 1069 584 1102 Vir
602 1073 677 1103 erat
696 1069 854 1104 doctrina
871 1081 968 1115 aeque
987 1081 1028 1104 ac
1055 1070 1254 1109 sanctitate,
1289 1070 1476 1116 conjuncta
1502 1070 1563 1104 illa
1588 1082 1664 1104 cum
1692 1071 1864 1105 suavitate
1891 1083 2040 1110 morum,

417 1130 580 1176 insignis.
604 1131 699 1166 Idem
719 1143 856 1177 semper
870 1131 915 1166 ad
934 1131 1104 1166 salutaria
1118 1132 1312 1166 animorum
1333 1132 1431 1166 lucra
1446 1136 1662 1178 ltierattentus
1681 1145 1687 1166 :
1706 1133 1750 1166 ad
1771 1144 1907 1168 omnem
1923 1145 2038 1168 rerum

417 1192 553 1238 piarum
572 1194 813 1228 tractationem
829 1205 932 1229 sensu
952 1194 1141 1229 tenerrimo
1159 1207 1166 1234 ;
1189 1206 1231 1228 ex
1250 1206 1316 1240 quo
1333 1206 1438 1240 saepe,
1460 1194 1519 1228 ubi
1543 1194 1585 1229 de
1603 1195 1676 1229 Deo
1700 1195 1880 1230 incidisset
1910 1207 2038 1235 sermo,

417 1255 507 1289 inter
527 1255 767 1300 prandendum
786 1256 903 1296 etiam,
931 1256 1126 1302 praesertim
1145 1268 1222 1290 cum
1242 1256 1323 1291 vitae
1342 1257 1549 1291 Sanctorum
1568 1256 1787 1302 legerentur,
1819 1257 2042 1304 illacrymare

416 1317 522 1351 visus.
543 1319 636 1356 Quos
656 1318 777 1360 libros,
796 1330 899 1364 quam
914 1319 1017 1353 utiles
1033 1319 1200 1359 emiserit,
1221 1319 1256 1353 in
1271 1318 1384 1353 indice
1408 1319 1615 1364 scriptorum
1631 1320 1840 1354 nostratium
1851 1320 1895 1354 ad
1912 1319 2038 1354 calcem

418 1380 531 1425 operis
547 1380 777 1415 censebimus.
801 1381 839 1415 In
859 1385 1014 1416 extremo
1031 1381 1163 1421 morbo,
1186 1381 1422 1426 Augustinum
1441 1381 1608 1421 imitatus,
1631 1381 1797 1427 psalmos,
1816 1394 1901 1427 quos
1929 1381 2040 1427 poeni-

415 1442 578 1477 tentiales
621 1454 796 1484 vocamus,
834 1443 984 1478 lect-itari
1023 1443 1089 1477 sibi
1130 1443 1263 1485 voluit;
1302 1444 1493 1478 sententias
1539 1444 1572 1478 in
1613 1444 1681 1478 illis
1727 1444 1886 1489 singulas
1926 1445 2039 1490 pensi-

416 1505 526 1545 tabat,
561 1505 788 1552 singulasque
819 1506 961 1541 voculas
990 1506 1175 1541 demittens
1207 1507 1242 1540 in
1268 1507 1434 1547 animum,
1467 1507 1598 1551 gemitu
1630 1510 1663 1541 et
1706 1507 1872 1553 lacrymis
1917 1518 2039 1553 excep—

414 1567 523 1602 tabat.
555 1568 701 1603 Noctem
729 1580 927 1615 supremam
951 1572 1067 1604 mente
1097 1572 1130 1603 et
1161 1569 1276 1602 animo
1308 1569 1344 1602 in
1368 1568 1661 1614 contemplatione
1698 1569 1881 1603 vulnerum
1911 1569 2040 1604 Christi

415 1630 449 1663 in
469 1642 605 1665 crucem
637 1630 750 1665 suffixi
787 1631 922 1666 defixus
950 1631 1146 1676 transegit;
1177 1631 1211 1664 111
1244 1631 1444 1676 precatione
1481 1630 1629 1677 denique
1648 1636 1682 1666 et
1702 1632 1861 1677 suspiriis
1889 1632 2041 1666 animam

414 1692 650 1738 placidissime
670 1694 858 1729 exhalavit.

464 1755 639 1789 Martinus
676 1756 842 1796 Laterna,
877 1756 1102 1797 Drohobicii,
1138 1756 1245 1799 nobili
1275 1768 1296 1790 a
1331 1756 1453 1790 salinis
1485 1755 1611 1801 oppido
1640 1755 1812 1797 Polouiae,
1848 1760 1967 1797 natus,
1997 1757 2040 1791 ab

417 1817 558 1852 ineunte
588 1821 692 1853 aetate
724 1818 769 1852 ad
804 1819 970 1864 pietatem
1002 1823 1166 1864 artesque
1194 1819 1367 1864 ingenuas
1392 1829 1565 1864 propenso
1598 1817 1662 1851 fuit
1694 1818 1823 1852 animo.
1853 1812 2039 1853 Institutus

416 1879 680 1914 humanioribus
694 1880 820 1915 litteris
835 1881 987 1921 Calissii,
1013 1881 1166 1915 excurrit
1184 1880 1469 1925 Brunsbergam3
1488 1879 1733 1925 exploraturus
1753 1880 1876 1921 oculis,
1901 1892 1946 1914 an
1962 1892 2040 1927 quae

416 1941 459 1975 de
479 1942 602 1982 Sociis,
629 1943 663 1976 in
689 1943 871 1977 Prussiam
900 1955 1009 1988 nuper
1040 1943 1084 1977 ab
1112 1943 1222 1977 Hosio
1249 1943 1381 1983 accitis,
1412 1942 1675 1977 celebrarentur
1692 1942 1867 1982 laudibus,
1890 1955 1968 1977 cum
2000 1955 2037 1978 re

415 2005 662 2039 consentirent.
695 2005 853 2039 Veritate
884 2009 1076 2051 comperta,
1111 2005 1295 2040 Calissium
1328 2005 1466 2050 quidem
1499 2005 1617 2045 rediit,
1658 2005 1719 2039 sed
1751 2006 1867 2040 animo
1900 2006 2038 2040 interim

413 2066 653 2113 Brunsbergae
673 2068 707 2101 in
729 2067 885 2113 Collegio
913 2067 1098 2102 habitabat
1131 2072 1165 2102 et
1192 2067 1345 2119 rultibus
1374 2068 1580 2108 Sociorum;
1609 2080 1755 2113 quorum
1776 2074 1901 2103 extunc
1921 2079 2038 2102 mores

414 2131 448 2162 et
466 2128 662 2163 institutum
681 2129 894 2164 adamasset.
916 2129 1072 2164 Affectus
1098 2130 1157 2170 ita,
1182 2129 1339 2175 exemplo
1356 2129 1499 2175 insuper
1518 2130 1679 2175 magistri
1698 2130 1752 2163 sui
1771 2130 1906 2164 Alberti
1922 2130 2037 2164 Mros-

412 2189 575 2231 kowskii‚
603 2190 648 2224 ad
670 2191 879 2226 Societatem
903 2192 1113 2237 antegressi,
1136 2192 1312 2232 incitatus,
1331 2191 1453 2237 plenas
1473 2191 1660 2226 desideriis
1687 2192 1954 2237 Brunsbergam
1979 2191 2038 2226 dat

412 2250 559 2292 litteras,
589 2252 719 2288 alteras
750 2254 794 2288 ad
826 2258 994 2288 rectorem
1020 2254 1170 2299 Collegii
1194 2254 1322 2295 soluta,
1348 2253 1478 2287 alteras
1499 2253 1611 2299 ligata
1635 2254 1794 2288 oratione
1826 2253 1871 2288 ad
1899 2254 2032 2289 Socios

412 2313 595 2348 Admissus
623 2327 740 2349 mense
767 2316 859 2361 majo
890 2316 973 2350 anni
1013 2317 1118 2351 1571.
1154 2317 1309 2350 Decurso
1341 2315 1493 2350 tirocinii
1525 2317 1650 2361 spatio,
1678 2316 1711 2349 in
1744 2316 1870 2350 litteris
1890 2314 2036 2361 profecit

413 2375 500 2410 adeo
524 2380 559 2410 ut
583 2377 698 2411 Vilnae
719 2378 753 2411 111
772 2378 983 2413 Academica
1004 2379 1242 2413 Universitate
1263 2378 1415 2417 laureas,
1438 2382 1509 2412 tum
1536 2378 1813 2424 philosophicam
1842 2382 1913 2412 tum
1937 2378 2035 2412 theo-

411 2437 575 2483 logicam,
597 2451 638 2474 ex
662 2440 785 2474 merito
806 2441 1052 2486 reportaverit.
1070 2441 1125 2475 Ad
1144 2441 1277 2486 majora
1293 2440 1417 2474 deinde
1432 2441 1600 2475 intentior
1618 2441 1775 2487 praemia,
1798 2452 1819 2475 a
1837 2441 2033 2475 litterarum

411 2501 535 2535 studiis
559 2501 603 2535 ad
632 2502 882 2536 instituendam
908 2503 1200 2548 praeceptionibus
1233 2502 1432 2536 christianis
1469 2502 1601 2547 plebem
1634 2503 1786 2537 animuin
1819 2502 2025 2543 transtulit;
