2184 2953
627 296 730 324 monn
751 295 916 323 OCTAVUS
939 295 1147 331 (lew-1640).
1669 291 1725 323 301

119 403 133 417 ιε
157 388 305 422 civitatis
324 391 517 433 pi'afclilite,
540 386 676 420 obviam
692 387 786 421 exire
804 398 810 420 :
832 385 904 425 alii,
927 389 965 420 ut
984 385 1162 430 collegiati
1177 385 1331 431 opifices,
1353 385 1562 419 ceroferaria
1592 385 1730 419 circiter
1757 391 1820 418 1632

121 466 135 480 s<
157 449 424 495 quinquaginta,
446 448 600 494 eleganti
629 460 736 493 opere
767 447 961 493 splendida,
991 448 1194 493 deportare:
1230 451 1303 481 tota
1330 447 1364 481 in
1392 459 1572 482 occursum
1599 447 1729 482 effundi

119 527 134 541 a
157 512 292 551 civitas,
316 511 409 546 clero
430 523 506 545 cum
522 511 626 544 choro
646 514 836 556 praeeunte.
856 510 923 544 Ubi
937 510 1011 553 jam
1031 521 1131 544 sacra
1146 510 1282 555 lipsana
1302 521 1450 544 cernuus
1478 514 1575 544 extra
1602 510 1729 544 moenia

119 588 134 602 <a
157 573 303 619 populus
323 573 486 618 suscepit,
506 584 613 606 cenea}
633 572 759 606 fistulae
774 571 916 616 fragore
943 571 1105 606 bellicum
1130 572 1343 617 triumphum
1369 583 1494 606 sonare
1516 584 1523 612 ς
1558 575 1591 606 ct
1621 572 1731 606 redux

120 650 134 664 a
157 634 479 679 congratulantium
494 645 621 679 agmen
640 633 684 666 ad
704 632 877 667 civitatem
897 634 1011 668 redire
1043 634 1159 680 coepit.
1189 634 1235 668 Et
1262 634 1356 680 quia,
1391 633 1597 668 succedente
1615 637 1729 675 nocte,

120 706 134 720 α
158 696 270 741 major
288 707 372 729 usus
386 696 521 729 aurium
542 708 645 741 quam
664 699 842 733 oculorum
857 697 932 737 fuit,
950 695 1133 730 commovit
1151 695 1296 730 festivus
1325 706 1571 740 campanarum
1594 695 1728 741 pulsus,

121 772 135 786 α
159 758 304 792 iteratus
323 758 444 792 crebro
460 758 654 803 scloporum
674 772 793 802 sonus,
816 764 850 795 et
869 770 977 794 suave
996 758 1194 793 canentium
1209 757 1330 797 melos,
1352 758 1578 803 praesentium
1597 758 1731 792 animos

119 834 133 849 α
157 820 191 853 in
210 820 433 855 attentiorem
452 821 713 866 procedentium
742 824 777 857 in
808 821 984 867 triumpho
1012 824 1204 866 martyrum
1232 819 1504 854 venerationem.
1534 820 1733 854 Jucundum

120 897 134 911 α
159 887 245 923 erat,
267 883 393 917 intueri
425 883 560 917 civilem
588 885 778 924 cohortem,
811 885 933 918 ordine
964 883 1068 928 longo
1103 894 1176 927 pra}
1207 881 1338 915 foribus
1370 881 1489 927 templi
1524 882 1734 927 parochialis

120 959 135 973 α
158 944 361 990 dispositam
381 958 388 985 ;
406 946 566 991 cumjam
581 946 686 980 limen
701 947 788 981 aedis
804 958 914 980 sacrae
929 945 1072 990 gloriosi
1086 944 1219 978 cineres
1238 944 1408 983 subirent,
1431 956 1499 978 uno
1524 944 1622 989 quasi
1653 944 1734 989 igne

121 1020 135 1034 u
158 1007 397 1051 crepusculum
418 1006 609 1045 illustrare,
628 1012 661 1042 et
679 1008 819 1054 fragore
837 1020 907 1043 non
926 1009 1119 1053 interrupto
1151 1000 1366 1052 personare':
1395 1006 1509 1052 ipsum
1535 1017 1618 1040 vero
1649 1009 1735 1040 tem-

121 1082 135 1096 α
158 1067 253 1113 plum
268 1068 525 1113 adingressum
553 1080 730 1103 sacrorum
763 1082 958 1115 corporum,
993 1069 1221 1103 luminaribus
1248 1068 1400 1114 undique
1428 1067 1731 1114 praefulgentibus,

122 1146 136 1158 a
158 1128 360 1173 triumphali
380 1129 529 1174 quodam
549 1130 650 1164 modo
667 1130 788 1165 ardere
821 1131 992 1165 incendio.
1029 1130 1201 1165 Conclusa
1228 1135 1280 1165 ost
1310 1131 1380 1165 diei
1407 1130 1500 1165 illius
1532 1143 1608 1165 cum
1636 1135 1736 1166 nocte

123 1205 138 1219 α
160 1189 364 1224 solennitas.
400 1191 549 1224 Postera
576 1190 666 1230 luco,
700 1192 795 1226 horis
828 1193 1040 1231 sublucanis,
1074 1192 1119 1226 ad
1150 1193 1300 1227 sonitum
1332 1204 1579 1238 campanarum
1615 1192 1735 1227 excitis

122 1266 136 1280 α
159 1251 372 1291 hominibus,
395 1251 612 1298 primumque
631 1264 667 1287 re
687 1253 804 1287 divina
819 1253 922 1295 facta,
945 1266 1055 1288 novus
1087 1266 1164 1288 cum
1195 1265 1295 1288 sacro
1325 1254 1552 1300 reliquiarum
1579 1255 1736 1300 deposito

123 1329 137 1343 a
160 1313 409 1359 progrediendi
442 1315 563 1348 modus
599 1315 801 1349 instituitur.
855 1316 1037 1350 Praeibant
1079 1316 1258 1361 signorum
1306 1317 1405 1362 paria
1447 1316 1603 1361 aliquot:
1646 1328 1736 1362 pone

123 1375 322 1420 “juventus
353 1375 571 1414 scholastica,
607 1375 763 1421 eleganti
795 1378 942 1412 vestium
974 1380 1098 1412 ornatu
1133 1378 1282 1423 insignis
1317 1381 1351 1412 et
1388 1377 1506 1413 aureis
1541 1378 1733 1424 torquibus,

124 1451 139 1465 ιι
162 1436 297 1482 palmas
317 1437 519 1482 praeferens,
556 1438 799 1482 Sequebantur
825 1440 1023 1474 sacerdotes
1050 1440 1261 1487 frequentes,
1304 1453 1389 1487 quos
1421 1443 1471 1476 rei
1503 1442 1658 1488 dignitas
1692 1441 1737 1475 ad

123 1513 138 1526 a
161 1488 291 1532 cultum
318 1498 476 1532 divorum
508 1510 525 1533 e
553 1499 688 1533 viciniis
721 1505 943 1542 convocarat,
978 1502 1160 1548 multiplici
1186 1514 1301 1537 rerum
1345 1507 1515 1549 apparatu
1547 1504 1731 1539 instructi:

122 1574 137 1588 c<
158 1559 282 1593 horum
318 1571 422 1599 unus,
461 1561 617 1605 proxime
650 1562 886 1606 sequentibus,
933 1564 1229 1609 triumphantibus
1272 1565 1520 1611 imperatorum
1555 1566 1735 1600 beatorum

123 1634 137 1649 a
160 1622 363 1667 corporibus
395 1622 498 1657 thure
534 1623 705 1658 honorem
738 1626 898 1661 faciebat.
939 1626 1015 1660 Ibat
1056 1626 1180 1660 deinde
1219 1638 1296 1660 cum
1343 1627 1552 1672 primoribus
1587 1627 1737 1661 civitatis

123 1697 138 1711 α
161 1683 393 1718 Szadurskius
414 1696 440 1718 s.
480 1685 590 1730 regiae
614 1688 808 1732 maiestatis
834 1688 1057 1727 secretarius,
1075 1691 1237 1722 strenuus
1260 1700 1370 1723 sacrae
1395 1688 1636 1723 translationis
1659 1700 1737 1734 pro-

123 1760 137 1774 u
159 1749 309 1790 pagator
325 1758 332 1779 :
354 1745 409 1779 hic
428 1746 641 1792 triumphale
660 1749 724 1783 iter
741 1750 907 1785 Besteino
928 1749 1072 1795 pedibus
1092 1750 1237 1783 infirmis
1253 1750 1447 1796 ingressus,
1466 1750 1615 1785 Lindam
1632 1763 1737 1796 usque

123 1821 138 1835 α
161 1807 327 1852 perrexit.
361 1807 446 1841 Cum
473 1808 517 1841 ad
550 1809 726 1845 Lindense
759 1811 951 1845 sacrarium
978 1816 1118 1845 ventum
1154 1816 1218 1852 est,
1257 1812 1351 1846 aedes
1384 1813 1537 1858 eleganti
1572 1813 1738 1859 variaque

124 1883 139 1897 α
162 1880 275 1903 rerum
295 1880 472 1904 sacrarum
490 1871 696 1916 supellectili
715 1877 839 1907 ornata
858 1872 1073 1918 resplenduit
1091 1886 1097 1907 :
1120 1873 1228 1908 multa
1243 1874 1277 1907 in
1299 1886 1383 1908 auro
1400 1878 1435 1909 et
1458 1879 1606 1920 argento
1637 1875 1736 1910 Divae

124 1945 139 1958 ει
162 1931 289 1965 Matris
322 1931 550 1978 divorumque
582 1934 768 1968 simulacra
788 1935 961 1969 effulsere.
1013 1934 1140 1969 Sacelli
1167 1936 1318 1980 parietes⁸
1350 1936 1499 1981 pulchro
1542 1937 1736 1982 imaginum

125 2007 139 2020 a<
163 1996 196 2027 et
223 1993 507 2038 peristromatum
540 2000 666 2030 ornatu
698 1997 781 2031 tecti
812 1997 982 2031 nitebant.
1020 1997 1105 2030 Post
1141 1996 1362 2032 decantatum
1398 1998 1460 2033 SS.
1496 1999 1671 2033 Ambrosii
1707 2003 1741 2034 et

126 2068 141 2082 α
162 2054 353 2099 Augustini
378 2057 556 2101 hymnum,
575 2058 802 2093 concionator
829 2058 1023 2104 gloriosum
1046 2062 1237 2105 martyrum
1269 2059 1482 2105 triumphum
1510 2061 1668 2096 oratione
1694 2061 1740 2095 ad

127 2117 378 2164 “triumphum
402 2119 489 2154 bene
521 2122 686 2166 apposita
719 2122 920 2157 celebravit.
970 2122 1037 2156 Ubi
1070 2121 1271 2167 perlitatum
1293 2126 1397 2162 esset,
1422 2122 1533 2157 electa
1562 2135 1580 2158 e
1610 2123 1738 2158 scholis

125 2192 140 2207 α
159 2179 338 2225 juventus,
361 2180 432 2214 suis
452 2184 486 2215 et
499 2182 557 2215 illa
576 2183 675 2217 divos
692 2185 881 2229 praeconiis
897 2184 1110 2218 collaudavit
1129 2187 1182 2218 etc
1201 2184 1247 2229 (1).
1273 2201 1288 2214 >s

171 2241 256 2275 Cum
275 2242 360 2288 ipsis
379 2243 489 2278 beatis
526 2246 734 2291 martyribus
767 2247 900 2280 illatum
929 2246 1060 2291 paritor
1089 2245 1327 2291 prodigiosum
1359 2245 1444 2280 illud
1463 2247 1575 2280 crucis
1601 2247 1740 2282 simula-
1833 2256 1848 2281 4

123 2314 231 2342 crum,
245 2304 337 2348 (prod
348 2316 457 2350 nuper
471 2317 594 2340 cruore
610 2309 826 2352 manassetv.
847 2308 906 2342 lib.
934 2307 1014 2346 VII,
1029 2319 1123 2341 num.
1142 2307 1199 2351 30)
1231 2307 1459 2341 narravimus.
1481 2308 1628 2346 Quantis
1643 2313 1740 2343 ante·
1769 2296 1915 2367 {5³13}er

123 2365 189 2400 hac
208 2370 240 2400 et
259 2368 549 2411 consequentibus
568 2369 669 2403 annis
688 2369 801 2403 Linda
820 2369 1105 2414 clafflerit‚quani
1126 2369 1220 2402 miris
1240 2369 1303 2403 Dei
1323 2369 1512 2409 beneficiis,
1527 2369 1644 2405 dicere
1674 2382 1742 2404 non
1769 2374 1899 2404 (uqiosum

1769 2411 1854 2437 eodem
1877 2412 1916 2437 in-

165 2441 204 2476 (1)
223 2441 300 2469 Plura
314 2443 347 2469 de
361 2442 444 2470 Linda
463 2441 550 2481 [scire
563 2442 722 2483 cupientes]
744 2453 769 2473 v.
788 2445 1013 2472 Insortnationcin
1045 2444 1343 2478 historico-juridicam
1357 2452 1402 2471 an.
1429 2445 1513 2478 1725,
1536 2449 1563 2472 et
1587 2445 1741 2474 Enodatio-
1771 2444 1865 2470 fertur.

125 2496 438 2530 nemhujusan.17⁶26‚
465 2498 588 2531 libellos,
601 2506 647 2526 an.
669 2499 744 2526 1725
760 2502 787 2526 ct
805 2499 892 2529 1726,
909 2499 1011 2526 editos,
