2184 2953
631 285 736 313 LIBER
758 285 920 314 OCTAVUS
947 286 1156 321 (1630-1640).
1668 287 1727 319 297

117 391 132 405 ει
150 380 265 410 autem
288 376 435 422 (solatur
454 377 510 411 hic
525 388 562 411 se
582 388 731 423 suosque
749 380 868 411 noster
888 376 1041 421 Clagius)
1059 376 1095 422 (1)
1122 377 1208 422 ipsae
1228 388 1363 422 quoque
1383 377 1467 412 tiliae
1484 377 1578 414 illius
1592 379 1727 414 radices
1757 386 1817 415 1631

117 452 131 467 κ
154 439 280 473 excisae
306 442 379 473 tum
394 439 541 474 fuissent
560 451 566 473 1
584 441 758 475 Marianae
776 443 892 474 tamen
913 439 1036 474 Lindae
1055 439 1205 480 radices,
1234 439 1358 484 quibus
1378 439 1437 473 illa
1461 439 1626 475 divinitus
1642 442 1728 477 nite-

117 514 131 528 «
149 500 263 541 batur,
287 505 320 535 et
347 513 439 536 nunc
454 513 589 547 quoque
608 503 740 543 nititur,
778 514 953 548 nunquam
985 506 1041 536 aut
1065 501 1201 537 excindi
1233 506 1293 536 aut
1312 502 1427 542 evelli,
1453 508 1513 537 aut
1533 505 1635 539 etiam
1653 505 1729 540 1000

116 577 131 591 α
154 563 286 597 moveri
306 567 506 608 potuerunt.
531 564 652 609 Itaque
666 577 736 599 non
760 565 877 599 haurit
895 564 955 599 illa
974 564 1111 610 quidem
1136 563 1296 610 amplius,
1316 576 1427 610 neque
1446 565 1479 598 iu
1496 570 1654 601 truncum
1675 567 1730 602 vel

114 638 129 652 κ
146 635 262 658 ramos
292 623 427 658 derivat
444 625 609 659 haustum
628 627 671 661 de
685 631 789 660 terrae
808 627 905 661 venis
925 626 1106 661 humorem
1124 639 1131 667 3
1153 630 1189 660 at
1208 626 1326 660 haurit
1349 626 1392 660 de
1418 627 1506 661 coelo
1527 639 1678 669 succum,
1697 634 1732 664 et

116 700 131 715 κ
148 686 248 731 large
267 686 427 720 omnibus
450 687 602 732 partitur
616 688 818 722 mortalibus
833 688 1027 723 uberrimos
1051 688 1176 733 gratiae
1196 688 1323 722 divin-ae
1342 689 1447 723 rivos.
1468 690 1547 724 Non
1563 691 1652 725 viret
1670 691 1733 725 illa

119 761 134 776 κ
152 747 376 793 quidemjam
395 748 547 793 pristina
570 749 695 783 florum
715 754 776 784 aut
790 750 959 784 foliorum
978 748 1198 784 frondiumve
1214 750 1421 784 amoenitate
1441 755 1473 785 et
1492 751 1607 796 gloria
1622 766 1628 793 ;
1645 753 1734 787 viret

118 825 133 839 κ
151 810 259 844 nihilo
292 810 405 844 minus
440 822 479 844 ac
512 811 612 855 viget
632 811 761 845 divinae
797 810 968 846 fructibus
1004 812 1242 847 beneficentiae
1262 817 1296 847 et
1322 813 1515 858 largitatis.
1539 814 1620 848 Non
1647 815 1735 861 tegit

121 886 135 900 a
157 871 337 906 frondibus
369 871 513 906 eductos
543 873 575 905 in
610 872 718 907 altum
746 884 764 907 e
790 873 961 908 laterculo
994 875 1167 919 parietes;
1203 878 1236 908 at
1260 875 1415 920 protegit
1439 875 1589 910 coelestis
1610 877 1734 922 gratiae

118 948 133 962 α
150 934 273 968 umbra
305 934 451 979 populos
484 934 636 980 undique
668 935 854 969 adductos.
885 936 967 970 Non
998 937 1132 981 praebet
1159 936 1283 982 apibus
1310 936 1447 972 dulcem
1479 938 1522 971 ad
1559 938 1734 974 mellificia

119 1009 134 1024 κ
152 1007 286 1036 rorem;
308 1000 343 1030 at
359 996 494 1042 praebet
513 996 714 1030 hominibus
734 997 875 1042 largum
901 997 946 1032 ad
974 998 1062 1033 bene
1082 998 1255 1043 agendum
1278 999 1447 1045 beateque
1466 1001 1665 1043 vivendum,
1685 1001 1731 1035 di-

119 1072 134 1087 «
151 1057 311 1091 vinorum
326 1057 530 1091 auxiliorum
547 1058 702 1092 imbrem.
720 1076 734 1089 ,ε
756 1059 904 1098 Harum,
922 1060 1074 1105 inquam,
1087 1064 1120 1094 et
1139 1060 1303 1094 similium
1322 1061 1545 1096 meditatione
1565 1063 1607 1097 de
1623 1063 1736 1099 Linda

117 1130 181 1154 sua
199 1131 317 1153 rerum
337 1119 415 1165 pius
454 1131 563 1154 senex
598 1131 674 1154 sese
710 1132 862 1166 suosque
881 1121 1096 1156 consolatur.
1121 1122 1215 1160 Quas
1231 1123 1305 1168 ejus
1319 1123 1507 1169 impietatis
1528 1136 1601 1159 suae
1629 1127 1736 1161 sacri-

116 1180 188 1226 legi
203 1181 319 1215 ultrici
355 1180 484 1215 divinae
505 1181 655 1227 justitize
682 1193 803 1227 poenas
841 1182 1000 1217 dederint
1023 1196 1028 1217 :
1051 1183 1175 1228 quibus
1206 1184 1331 1219 deinde
1358 1185 1482 1220 Lindae
1518 1198 1592 1221 51110
1622 1187 1735 1223 10011111

118 1242 232 1288 Virgo
252 1242 366 1277 Beata
385 1242 569 1276 illustrarit
592 1243 911 1288 commendaritque
948 1244 1073 1290 populo
1100 1245 1193 1280 fideli
1221 1246 1408 1287 beneficiis,
1442 1251 1479 1282 ut
1498 1260 1576 1293 quae
1590 1249 1737 1285 aliorum

118 1304 256 1350 scriptis
283 1304 461 1339 celebrata
493 1309 573 1339 sunt
592 1306 640 1351 (2),
661 1305 780 1339 omitto
803 1319 809 1344 ;
832 1306 875 1340 ad
900 1317 956 1340 res
991 1306 1086 1352 ipsas
1113 1307 1260 1342 instituti
1287 1309 1399 1344 nostri
1434 1314 1468 1345 et
1492 1313 1659 1358 temporis
1682 1325 1736 1348 me

122 1377 259 1400 revoco.
293 1366 496 1411 Nonaginta
526 1366 674 1412 amplius
704 1367 747 1401 ab
773 1367 906 1402 excidio
935 1379 1044 1403 sacrae
1076 1369 1162 1403 tiliae
1184 1381 1292 1404 annos
1324 1371 1413 1405 divae
1448 1372 1575 1408 Matris
1602 1375 1738 1421 agellus

122 1427 272 1462 incultus
286 1428 399 1473 jacuit
421 1441 428 1469 ;
450 1427 673 1463 solitudinem
693 1428 759 1462 loci
790 1440 956 1475 suamque
975 1430 1154 1465 catholicis
1170 1431 1297 1466 circum
1317 1433 1453 1468 colonis
1473 1435 1733 1478 miserantibus,

121 1489 313 1523 visentibus
333 1490 453 1524 crebro
468 1489 572 1524 etiam
600 1494 671 1524 tum
689 1490 750 1524 illa
769 1491 908 1531 rudera,
943 1496 977 1525 et
997 1492 1149 1537 antiquae
1177 1493 1315 1539 pietatis
1336 1506 1587 1542 munerumque
1603 1497 1736 1533 divino-

122 1562 198 1585 rum
218 1555 442 1586 monumenta
459 1552 550 1586 inter
568 1562 609 1585 ea
641 1552 879 1597 ruspantibus.
899 1553 1091 1588 Commovit
1110 1566 1152 1589 ea
1171 1567 1227 1590 res
1251 1555 1367 1591 studia
1385 1561 1457 1591 tum
1476 1559 1629 1605 episcopi
1648 1560 1737 1595 Var-

123 1613 263 1647 miensis
283 1613 432 1648 Simonis
455 1613 660 1654 Rudfflckfi,
684 1619 768 1654 tum,
801 1626 866 1659 quo
882 1615 1028 1650 antistes
1047 1616 1103 1650 1110
1128 1617 1345 1653 familiariter
1363 1619 1538 1661 utebatur,
1569 1621 1737 1667 Stephani

123 1674 340 1714 Szadurskii,
363 1675 450 1720 regii
464 1675 500 1708 111
514 1674 595 1709 aula
611 1675 827 1720 Sigismundi
844 1677 894 1711 III
910 1678 1100 1712 secretarii.
1121 1679 1187 1713 Hic
1205 1680 1258 1713 sui
1285 1681 1434 1716 maxime
1449 1682 1556 1716 animi
1571 1683 1734 1729 impulsu,
1768 1705 1912 1731 Szadurski

123 1736 333 1782 cogitatione
352 1748 504 1782 curaque
536 1737 675 1782 pietatis
695 1738 847 1782 antiqua}
868 1738 903 1772 in
924 1750 1023 1773 suum
1039 1740 1162 1775 Lindae
1186 1741 1411 1777 restituendae
1429 1743 1543 1777 locum
1562 1749 1735 1791 suscepta,
1768 1748 1843 1773 curat
1855 1746 1913 1772 Lin-

122 1798 283 1843 persequi
300 1810 420 1832 omnes
439 1798 524 1839 vias,
549 1798 674 1843 quibus
690 1804 849 1844 speraret
866 1811 916 1839 se,
938 1802 1152 1846 propositum
1165 1814 1265 1837 suum
1279 1815 1382 1849 posse
1396 1806 1572 1851 consequi.
1595 1807 1739 1852 Negotii
1767 1785 1888 1849 (ΒΙΞΞΥΞΞ

124 1859 310 1905 plurimum
321 1860 516 1894 facessebat
530 1861 749 1905 procuratori
765 1861 820 1906 pio
840 1862 1027 1897 haereticus
1042 1864 1118 1909 agri
1128 1864 1219 1898 beati
1234 1877 1427 1910 possessor,
1447 1866 1528 1901 Otto
1541 1868 1737 1911 Grobenus,
1769 1862 1839 1888 dam.

124 1923 178 1955 vir
188 1921 330 1962 nobilis,
349 1927 562 1961 nummatus,
581 1931 686 1956 500110
702 1922 792 1955 idem
807 1922 1002 1957 lutheranae
1022 1924 1185 1969 pertinax
1203 1930 1351 1961 amator.
1374 1927 1463 1961 Rem
1484 1927 1542 1962 ille
1560 1930 1740 1965 catholicis

124 1984 319 2019 hominibus
339 1997 468 2025 caram,
504 1997 544 2019 ac
565 1986 635 2020 suis
663 1985 890 2031 religionibus
908 1998 1013 2032 porro
1040 1987 1296 2029 celebrandam,
1318 1989 1413 2024 nullo
1433 2002 1470 2025 se
1489 1991 1742 2028 redhibiturum

123 2047 234 2093 pretio
254 2048 428 2082 obstinate
463 2048 674 2082 affirmabat.
702 2047 817 2082 Altius
849 2048 1011 2083 nimirum
1042 2049 1092 2083 illi
1113 2049 1339 2086 lutheranicae
1369 2052 1463 2087 virus
1487 2058 1604 2097 sectae,
1627 2055 1662 2090 in
1677 2068 1743 2102 qua

125 2113 227 2144 natus
258 2113 484 2155 versatusque
515 2109 627 2144 adhuc
658 2114 762 2149 esset,
801 2111 1004 2152 inlneserat,
1045 2125 1147 2158 quam
1178 2118 1216 2147 ut
1259 2114 1505 2151 idolomaniam
1534 2118 1743 2155 Lindensem

126 2172 247 2218 (neque
267 2172 357 2206 enim
376 2183 491 2211 secus,
521 2177 624 2217 atque
651 2172 806 2218 ejusdem
839 2174 992 2208 mandrae
1024 2174 1202 2219 gregales,
1231 2176 1361 2210 sentire
1389 2188 1429 2211 110
1448 2177 1544 2224 loqui
1566 2179 1640 2226 ipse
1671 2185 1744 2216 tum

127 2236 274 2282 poterat)
306 2247 368 2270 sua
387 2235 619 2282 qualicunque
634 2237 775 2271 tandem
804 2248 910 2282 opera
929 2236 1142 2281 postliminio
1174 2242 1366 2279 revocaret,
1384 2244 1445 2274 aut
1473 2242 1630 2276 revocari
1648 2248 1744 2289 pate-

129 2303 238 2335 retur.
278 2300 360 2341 Sed,
406 2312 483 2346 quaev
515 2300 637 2335 studiis
678 2299 929 2344 conatibusque
960 2298 1129 2344 Stephani
1164 2299 1268 2333 nullis
1312 2300 1403 2335 vinci
1437 2306 1586 2347 poterat,
1637 2306 1747 2352 regiae

127 2363 268 2398 tandem
298 2364 515 2410 Sigisn‘iundi
542 2364 593 2398 III
627 2364 827 2399 auctoritati
861 2362 1033 2397 concessit
1068 2361 1204 2396 Ottonis
1237 2363 1442 2408 pertinacia.
1480 2366 1647 2414 Accipere
1668 2380 1746 2414 pre-

167 2435 212 2476 (1)
227 2438 321 2466 Lindae
347 2438 485 2472 Mariam,
515 2438 627 2472 Lil),11‚
646 2447 670 2467 0,
691 2440 718 2468 6,
736 2455 776 2459 -
795 2439 832 2475 (⁹2)
860 2438 891 2465 V.
910 2437 1061 2466 HIstoriam
1093 2437 1239 2466 Prussiaea
1261 2437 1369 2466 Joanne
1405 2439 1499 2468 Leone
1522 2442 1628 2470 decano
1659 2451 1744 2471 011110-

135 2491 197 2519 nico
210 2492 405 2520 Gudstzulicnsi
419 2493 532 2526 editam,
548 2493 593 2520 lib.
610 2493 883 2527 I.Lindam'1¹hoinae,
899 2491 999 2528 Clagii,
1015 2491 1062 2518 lib.
1083 2490 1118 2517 ΙΙ.

1612 2549 1644 2573 as
