2184 2953
395 275 433 304 84
766 273 1036 302 LITUANJCAREM
1061 274 1273 303 soCOETATls
1295 275 1385 304 JESU
1411 274 1660 304 HISTORIARUM

304 372 368 398 1579
398 380 413 394 ιι
437 365 529 400 dium
553 376 629 399 cum
650 364 890 399 vehementius
915 365 1115 406 exarsisset,
1138 369 1172 400 et
1190 366 1392 400 munitionis
1411 366 1604 407 anterioris,
1632 366 1666 400 in
1700 378 1767 413 quo
1786 367 2012 414 sclopetario-

399 442 413 456 α
434 439 510 461 rum
534 426 744 461 domicilium
764 430 853 468 erat,
875 426 1007 461 aditum
1038 427 1188 472 aliquem
1212 428 1454 474 patefecisset;
1476 419 1587 463 teneri
1601 429 1676 473 jam
1704 429 1850 464 militum
1877 435 2013 467 nostro-

397 504 412 519 a
434 500 511 523 rum
530 487 635 523 ardor
654 499 722 522 non
743 489 868 534 potuit,
891 488 973 534 quin
992 500 1055 534 per
1073 489 1185 534 ipsam
1212 489 1386 523 flammam
1415 490 1636 536 irrumperet,
1658 494 1763 536 atque
1782 491 1919 527 hostem
1933 493 2013 529 feri-

396 566 411 581 e<
434 555 507 592 ret;
537 563 558 585 a
576 562 643 597 quo
668 554 786 585 tamen
818 554 931 596 coepto
963 562 1040 585 cum
1072 553 1354 598 propugnatione
1374 552 1504 593 hostili,
1527 560 1600 587 tum
1630 554 1779 588 maxime
1804 554 1953 589 fiammae
1986 556 2019 590 vi

398 629 412 643 ιι
436 615 585 660 reiectus
617 617 681 654 est,
711 624 820 659 parvo
853 625 929 647 cum
969 618 1181 654 nostrorum,
1210 626 1321 660 neque
1345 615 1495 661 amplius
1528 615 1653 661 vigniti
1685 620 1829 662 septem,
1857 617 2020 663 pluribus

397 692 412 705 κ
434 681 550 711 tamen
575 675 780 715 vulneratis,
803 674 957 708 hostium
988 686 1069 709 vero
1110 675 1155 709 ad
1187 675 1418 710 ducentorum
1453 677 1643 711 interitum.
1677 677 1833 713 Dederat
1865 678 2021 724 aliquam

399 754 413 768 κ
434 738 545 773 hostis
564 737 687 773 eadem
707 737 762 772 die
786 736 972 771 deditionis
993 737 1305 783 signification‹3=m;
1324 749 1428 784 quam
1448 750 1517 772 non
1534 739 1662 774 seriam
1676 740 1784 775 fuisse
1802 741 2022 776 animadver-

399 816 414 830 ει
437 813 512 836 sum
542 800 607 835 suit
629 814 634 835 :
658 812 735 835 cum
764 800 861 834 novis
881 811 917 834 se
949 800 1212 841 monitionibus,
1241 801 1392 835 flammae
1423 801 1609 836 altitudine
1638 804 1766 838 nostris
1799 808 2026 850 conspectum

398 877 413 892 κ
436 863 617 909 eripiente,
640 861 857 897 circumdare
878 861 1041 908 deinceps
1070 863 1250 908 cognitum
1270 867 1372 898 esset.
1398 862 1507 897 Nulla
1530 863 1638 909 igitur
1657 875 1734 898 cum
1768 865 2027 901 intermissione

400 940 415 955 α
437 925 709 972 oppugnationis
736 925 804 959 vim
826 936 966 959 omnem
985 924 1234 965 adhibendam,
1258 925 1461 971 nullumque
1483 925 1575 959 hosti
1607 926 1807 971 quiescendi
1835 932 1895 963 aut
1914 940 1951 963 se
1970 929 2027 963 fir-

401 1002 415 1016 ω
438 987 526 1022 mius
542 986 720 1021 muniendi
740 986 891 1032 spatium
907 987 1168 1021 concedendum
1182 987 1417 1033 judicavimus
1433 1000 1440 1028 ;
1459 991 1669 1033 posteroque
1686 988 1741 1023 die
1756 989 1873 1035 ignem
1889 990 1923 1024 in
1940 990 2028 1026 alias

401 1064 415 1078 α
438 1049 640 1084 munitionis
661 1052 779 1095 partes
798 1049 916 1083 intulit
939 1048 1050 1089 miles,
1074 1049 1108 1083 in
1129 1061 1196 1095 quo
1229 1049 1361 1095 equites
1390 1049 1495 1084 etiam
1515 1054 1627 1090 erant,
1651 1051 1720 1096 qui,
1744 1052 1849 1086 misso
1869 1063 1970 1098 eque,
1994 1053 2029 1087 in

401 1125 416 1140 κ
439 1111 545 1157 pedes
565 1111 831 1146 descenderant.
857 1111 946 1151 Quo,
969 1123 1047 1145 cum
1066 1111 1193 1145 iterum
1212 1111 1328 1157 aliqua
1358 1112 1447 1146 muri
1467 1123 1548 1157 pars
1569 1112 1684 1147 deleta
1703 1117 1807 1154 esset,
1829 1118 1863 1149 et
1887 1115 2026 1156 clivum,

401 1190 416 1204 u*
439 1176 473 1209 in
488 1187 554 1221 quo
570 1174 874 1221 propugnaculum
889 1178 994 1209 antea
1015 1175 1097 1220 igne
1116 1175 1338 1220 absumptum
1359 1179 1443 1215 erat,
1466 1176 1649 1216 tenuisset,
1672 1188 1713 1211 ac
1733 1176 1860 1212 deinde
1876 1178 1924 1211 ad
1938 1177 2030 1213 latus

401 1253 416 1267 α
439 1238 617 1273 hostilium
631 1238 805 1271 fossarum
819 1248 860 1272 ao
880 1237 1111 1271 munitionum
1131 1237 1192 1271 illa
1209 1241 1309 1283 parte
1325 1237 1453 1278 deleta,
1471 1238 1700 1273 tumultuario
1718 1251 1824 1285 opere
1840 1239 2025 1279 factarum,

402 1316 417 1331 a
438 1301 549 1336 fossas
569 1313 609 1335 ac
640 1301 852 1335 munitiones
885 1300 1056 1341 ducendo,
1079 1301 1317 1346 praesidiarios
1337 1301 1521 1336 circumire
1548 1301 1621 1336 fere
1653 1302 1832 1347 coepisset,
1856 1308 1962 1349 atque
1981 1304 2031 1338 sic

402 1379 416 1393 α
441 1365 475 1398 in
506 1367 679 1410 potestate
710 1364 820 1398 hostis
852 1367 963 1404 esset;
991 1375 1054 1398 nos
1085 1367 1119 1398 et
1151 1364 1315 1409 sanguini
1347 1364 1539 1398 christiano
1570 1364 1795 1409 parcendum,
1826 1369 1860 1400 et
1888 1377 2031 1411 operam

410 1441 424 1455 α
449 1426 599 1461 dandam
632 1426 712 1466 rati,
742 1429 781 1460 ut
811 1437 892 1460 aree
925 1437 1029 1471 quam
1062 1425 1212 1460 maxime
1240 1426 1391 1471 integra,
1420 1438 1497 1460 cum
1528 1430 1781 1461 tormentorum
1813 1427 2032 1473 aliorumque

403 1503 418 1517 α
441 1488 523 1524 belli
542 1489 854 1523 instrumentorum
870 1492 1056 1534 apparatu,
1076 1489 1290 1534 potiremur;
1313 1500 1391 1534 quae
1410 1489 1521 1523 hostis
1540 1489 1614 1534 ipse
1634 1489 1676 1523 ad
1698 1493 1891 1524 extremum
1906 1490 2032 1536 injecto

405 1566 419 1581 ,ι
442 1551 524 1596 igne
547 1551 664 1585 delere
695 1554 812 1596 posset
832 1563 838 1584 :
861 1550 952 1584 sacta
972 1551 1131 1585 omnibus
1155 1551 1236 1585 vitae
1266 1552 1391 1596 gratia,
1409 1551 1642 1597 permisimus,
1664 1555 1713 1592 ut,
1737 1553 1793 1598 qui
1815 1552 1914 1586 nobis
1939 1552 2028 1587 mili-

405 1629 419 1642 α
442 1618 518 1649 tare
549 1613 679 1648 vellent
710 1613 896 1659 (quoniam,
922 1613 980 1658 qui
1011 1612 1131 1652 velint,
1164 1625 1314 1658 magnus
1345 1625 1429 1648 sane
1462 1618 1515 1648 est
1548 1625 1723 1659 numerus)
1751 1615 1910 1649 fortunas
1946 1626 2029 1650 suas

405 1691 419 1705 a
443 1688 562 1711 omnes
602 1675 793 1710 incolumes
837 1679 1099 1716 conservarent,
1144 1679 1248 1721 atquo
1287 1675 1463 1721 stipendia
1499 1680 1620 1710 nostra
1666 1681 1852 1712 mererent.
1896 1677 2032 1716 Quibus

406 1753 420 1767 α
443 1737 613 1773 redeundi
644 1738 679 1771 in
711 1737 929 1772 Moscoviam
959 1737 1096 1771 animus
1116 1741 1219 1778 esset,
1244 1737 1290 1777 id,
1312 1739 1413 1772 nobis
1440 1738 1738 1784 permittentibus,
1756 1743 1861 1785 atque
1891 1751 2033 1774 omnem

406 1816 421 1830 α
444 1802 668 1836 securitatem
698 1800 962 1847 praestantibus,
983 1800 1150 1835 facerent.
1175 1800 1343 1841 Palatini,
1366 1801 1519 1835 Basilius
1553 1802 1776 1842 Iwanowicz,
1805 1802 2029 1843 Mikolinski,

407 1879 421 1893 a<
444 1863 686 1904 Telakowski,
710 1863 909 1897 Demetrius
941 1863 1207 1903 Machatowicz‚
1230 1863 1436 1910 Szczerbaty
1456 1863 1655 1903 Obolinski,
1674 1864 1866 1899 Matthaeus
1888 1865 2030 1899 Iwano-

406 1941 421 1955 a
444 1927 529 1961 Wicz
548 1925 709 1966 Rzowki,
734 1925 834 1959 Iwan
868 1925 1121 1959 Hrehorowicz
1141 1925 1258 1966 Susin,
1291 1926 1417 1959 Petrus
1438 1925 1648 1960 Iwanowicz
1674 1926 1868 1967 Wolinski,
1893 1927 2032 1961 Lukian

408 2004 422 2018 a
445 1988 657 2023 Treeiakow
671 1988 800 2023 Rakou
820 1987 912 2022 filius
932 1988 1077 2028 scribse;
1096 1988 1153 2033 qui
1173 1988 1300 2034 partim
1316 1988 1500 2033 praesuere,
1520 1988 1651 2033 partim
1669 1988 1767 2023 fuere
1788 1989 1822 2022 in
1838 2000 1931 2029 arce,
1955 2001 2032 2023 cum

409 2066 423 2080 ιι
445 2062 482 2086 se
498 2054 621 2097 sponte
641 2051 781 2091 dedere,
803 2061 843 2084 ac
863 2050 989 2095 gratiae
1005 2054 1134 2084 nosti-:e
1154 2050 1356 2095 permittere
1376 2049 1520 2090 nollent,
1540 2054 1660 2096 captos
1680 2051 1715 2085 in
1735 2051 1907 2086 custodiis
1927 2051 2033 2086 habe-

409 2129 424 2142 s<
446 2125 535 2154 mus,
559 2116 592 2147 et
611 2124 739 2153 arcem,
761 2112 926 2158 praesidio
960 2115 1078 2146 nostro
1093 2113 1168 2156 jam
1188 2112 1354 2151 immisso,
1377 2112 1585 2146 obtinemus.
1612 2113 1651 2146 In
1682 2125 1750 2159 qua
1777 2113 1917 2159 quidem
1937 2125 2031 2154 arce,

411 2191 425 2204 α
448 2176 504 2221 qui
521 2186 597 2210 eam
618 2174 867 2216 defendissent,
890 2179 923 2210 et
942 2185 1039 2209 arma
1058 2174 1232 2214 tulissent,
1256 2174 1347 2208 ultra
1363 2185 1422 2208 sex
1444 2174 1553 2208 millia
1580 2174 1700 2215 fuisse,
1724 2180 1939 2220 compertum
1968 2178 2030 2210 est.

411 2255 425 2267 a
448 2238 570 2272 Nostri
589 2249 667 2272 cum
686 2238 837 2283 ingressi
853 2242 983 2278 essent,
1006 2238 1136 2283 passim
1156 2248 1322 2283 magnum
1347 2236 1555 2270 cadaverum
1576 2236 1830 2282 insepultorum
1853 2249 2035 2272 numerum

412 2316 426 2328 α
449 2304 669 2346 repererunt,
694 2304 767 2335 tum
798 2304 1065 2340 tormentorum,
1090 2299 1244 2345 pulveris
1276 2299 1498 2333 tormentarii
1526 2298 1780 2345 globorumque
1799 2303 1932 2334 tantam
1964 2300 2033 2334 vim

411 2377 426 2391 κ
450 2362 767 2409 deprehenderunt,
789 2367 919 2408 quanta
938 2362 972 2396 in
991 2362 1109 2407 aliqua
1140 2360 1318 2396 christiani
1350 2361 1442 2395 orbis
1473 2361 1618 2406 regione
1647 2360 1701 2396 his
1735 2361 1949 2407 temporibus
1984 2362 2036 2396 in-

413 2440 427 2453 a<
450 2424 680 2459 structissima
698 2429 816 2470 posset
836 2424 992 2469 reperiri.
1019 2424 1113 2462 Quos
1145 2422 1283 2468 quidem
1302 2423 1352 2458 rei
1372 2428 1482 2469 gestaer
1508 2435 1702 2464 successus,
1725 2428 1763 2458 ut
1790 2424 1825 2458 in
1848 2423 1969 2470 primis
1989 2424 2033 2458 ad

414 2501 428 2515 α
453 2486 564 2521 Deum
582 2489 835 2532 praepotentem
855 2485 1049 2525 referimus,
1072 2486 1120 2520 ita
1137 2485 1187 2519 illi
1206 2496 1337 2520 summa
1357 2487 1461 2520 animi
1493 2486 1622 2532 pietate
1654 2486 1791 2531 agimus
1822 2486 1969 2531 gratias,
1991 2497 2031 2520 ac
