2184 2953
606 308 713 336 LIBER
738 307 913 336 SEPTIMUS
938 307 1147 343 (1620-1630).
1644 304 1703 335 273

86 398 349 444 praetereundus
373 402 425 433 est
455 399 605 433 silentio.
633 399 773 434 Zadzini
804 399 839 433 in
869 410 961 444 pago
995 397 1197 443 superioris,
1228 408 1301 437 seu,
1332 401 1368 431 ut
1394 402 1530 438 vocant,
1561 397 1703 443 majoris
1732 404 1794 430 1622

88 459 243 493 Poloniae
260 464 374 500 natus,
400 460 624 495 Vratislaviae
642 461 678 495 in
697 460 824 507 oppido
857 459 1075 506 Cujaviensis
1096 459 1247 505 episcopi
1267 459 1415 493 denatus
1438 472 1443 493 ;
1466 459 1500 493 in
1520 458 1704 493 Lituanica
1734 483 1765 508 P.
1779 443 1875 508 ἕως

87 521 266 567 provincia
297 521 355 555 diu
383 527 553 563 versatus,
576 524 656 557 olim
676 524 781 558 otiam
811 526 925 557 rector
957 521 1104 567 Collegii
1138 521 1325 556 Pultoviae.
1348 521 1411 555 Vir
1442 522 1600 567 apprime
1632 526 1705 556 tum
1733 521 1879 552 Fabricius,

89 583 245 618 eruditus
264 588 336 617 tum
355 588 507 618 sanctus.
531 585 666 618 Praeter
687 583 1088 629 Pultoviense‚Collegia
1104 583 1284 618 Sociorum
1305 583 1324 617 J
1328 583 1527 624 aroslaviae,
1545 583 1703 624 Torunii,

91 644 238 684 Calissii‚
257 645 437 680 Cracoviae
459 646 596 679 domum
625 646 731 681 etiam
764 646 913 680 tirocinii
941 645 1160 691 gubernavit.
1184 645 1309 679 Libros
1336 644 1469 690 aliquot
1486 645 1704 679 commenda·
1735 651 1790 696 ejus
1820 650 1878 676 doc-

92 705 179 740 biles
210 706 247 740 in
277 706 389 742 lucem
416 708 542 742 emisit.
582 708 701 742 AEtate
728 708 935 753 provectior,
953 707 987 741 in
1020 706 1106 740 aulis
1137 706 1284 741 duorum
1315 705 1534 740 antistitum:
1556 705 1708 740 Andreae
1735 690 1870 756 igbnnaerait

96 769 292 815 Opalinski,
311 770 437 806 deinde
456 771 557 805 Pauli
585 771 761 811 Voluckii,
784 771 886 816 hujus
906 769 1135 815 Cujaviensis,
1158 768 1408 803 Posnaniensis
1435 767 1541 808 illius,
1567 767 1710 813 pulchre

96 842 221 865 munus
239 831 475 878 theologicum
495 833 680 873 sustinuit3
703 834 793 867 idem
820 833 958 867 interim
986 836 1018 866 et
1041 831 1131 865 aulae
1162 830 1344 876 magister,
1366 834 1400 865 et
1419 830 1545 876 populo
1575 830 1708 864 concio-

97 896 197 927 nator
215 893 388 928 interdum
408 894 667 940 extemporalis,
690 900 724 929 et
742 896 974 941 parochorum
1001 894 1150 940 adjutor.
1174 894 1291 928 Nullis
1322 894 1488 940 parcebat
1515 893 1707 933 laboribus,

97 966 182 1000 quos
201 955 415 990 existimaret
433 956 535 991 utiles
554 956 695 1002 populo,
718 957 840 1002 quibus
864 957 1013 1002 denique
1040 956 1183 995 fractus,
1214 955 1348 989 dierum
1367 955 1490 1000 plenus
1510 959 1544 990 et
1572 954 1710 989 merito-

97 1028 185 1057 rum,
208 1018 429 1063 septuaginta
456 1029 626 1052 annorum
653 1030 812 1053 emensus
837 1018 1059 1057 curriculum,
1081 1017 1210 1062 quievit
1235 1017 1419 1051 Varsaviae
1438 1016 1523 1051 VIII
1542 1016 1712 1051 kalendas

97 1078 239 1112 martias
264 1079 308 1124 (1).
333 1079 447 1124 Hujus
475 1091 534 1114 seu
567 1080 686 1120 frater,
710 1080 782 1114 sive
812 1080 935 1120 affinis,
959 1080 1000 1114 P.
1023 1078 1232 1113 Valentinus
1256 1078 1449 1119 Fabricius,
1470 1082 1575 1124 gente
1594 1079 1712 1113 Roxo—
1741 1086 1770 1112 P.
1794 1086 1885 1113 Fabri-

97 1139 210 1181 lanus,
250 1145 372 1186 quarto
404 1145 483 1186 post
517 1153 610 1175 anno
644 1146 782 1176 secutus
822 1146 874 1176 est
911 1142 1067 1181 Petrum,
1102 1152 1120 1175 e
1145 1140 1300 1186 Collegio
1331 1140 1560 1176 Varsaviensi
1592 1152 1609 1174 a
1641 1141 1713 1174 Deo
1742 1127 1885 1193 ῗέζῗίὓηξᾶ

98 1205 242 1237 vocatus
266 1203 368 1243 1626,
389 1203 477 1237 VIII
494 1203 665 1238 kalendas
689 1204 846 1238 martias.
870 1204 1007 1237 Diutius
1034 1203 1068 1236 in
1100 1202 1181 1236 ludo
1209 1202 1379 1236 litterario
1399 1207 1582 1237 versatus:
1605 1202 1714 1248 magi-

100 1267 171 1298 ster
190 1264 398 1310 eloquentiae
416 1277 527 1300 annos
551 1270 628 1299 octo
653 1278 659 1299 :
684 1270 754 1300 tres
773 1266 1014 1312 pl‘iilosophiae,
1037 1265 1311 1311 quinquennium
1342 1265 1550 1311 theologiae;
1583 1265 1663 1299 inde
1681 1265 1717 1299 in

100 1327 199 1372 regia
230 1327 445 1373 Sigismundi
474 1328 556 1363 aula
588 1340 698 1363 annos
737 1329 784 1364 ⁶28
814 1328 1049 1368 concionator,
1086 1326 1269 1373 praeconiis
1303 1327 1455 1361 oninium
1486 1326 1522 1360 id
1549 1326 1663 1360 aetatis
1681 1326 1717 1360 in

101 1388 249 1423 Polonia
267 1389 418 1436 inclytus
437 1390 487 1436 (2).
511 1391 548 1424 In
579 1402 646 1424 uno
673 1390 702 1423 is
731 1391 880 1424 maxime
911 1390 975 1423 sibi
1003 1389 1248 1434 gratulabatur
1273 1399 1415 1423 munere
1438 1400 1444 1422 :
1467 1387 1559 1434 quod
1586 1387 1719 1422 scilicet

101 1450 266 1485 fortunati
285 1451 377 1485 illius
406 1451 647 1486 Polocensium
684 1452 948 1497 archiepisccqii,
971 1451 1064 1485 beati
1094 1451 1260 1498 martyris
1287 1451 1459 1496 <iosaphat
1486 1451 1712 1491 Kuncewicz,

104 1512 196 1548 1623
215 1513 370 1548 Vitebsci
394 1525 415 1548 a
433 1515 699 1560 graecisantibus
719 1514 893 1548 hzeretiuis
912 1526 973 1559 pro
998 1513 1183 1547 sanctitate
1201 1512 1383 1558 religionis
1411 1513 1593 1548 catholicae
1612 1513 1717 1548 inter-

101 1572 194 1613 fecti,
229 1574 311 1608 olim
346 1575 449 1610 fuerit
472 1576 654 1622 magister.
685 1576 775 1610 Huic
807 1575 1029 1615 Valentinus,
1059 1574 1185 1609 clerico
1211 1575 1337 1615 adhuc,
1365 1575 1439 1620 ipse
1473 1575 1662 1621 theologiae
1681 1575 1715 1609 in

102 1636 282 1672 academia
303 1637 464 1673 Vilnensi
483 1638 663 1684 magister,
682 1650 759 1684 quw
774 1638 910 1683 publice
926 1637 993 1671 ritu
1012 1648 1073 1671 suo
1092 1636 1202 1671 latine
1224 1636 1428 1671 tradidisset
1447 1638 1664 1672 auditoribus
1682 1638 1717 1671 in
1745 1653 1874 1685 Magister

103 1698 234 1739 schola,
257 1711 298 1733 ea
317 1700 453 1746 privato
478 1701 606 1744 studio„
626 1712 668 1734 ex
690 1700 799 1733 latino
824 1700 856 1733 in
878 1699 1108 1733 sclavonicum
1132 1710 1312 1739 conversa,
1331 1704 1489 1734 amanter
1508 1699 1713 1745 explicabat.
1745 1692 1871 1757 {missa

104 1760 314 1796 Praeviderit
337 1761 408 1803 ille,
435 1766 586 1808 oportet,
618 1763 693 1807 quis
721 1761 802 1795 olim
822 1762 957 1795 futurus
977 1764 1069 1794 esset
1100 1772 1183 1794 suus
1202 1761 1394 1806 Josaphan
1417 1762 1553 1807 qualem
1588 1761 1719 1796 scilicet
1744 1740 1754 1766 l
1824 1752 1828 1756 ⁴

103 1820 207 1857 hodie
228 1826 262 1857 et
279 1823 351 1856 Vita
370 1827 490 1858 sancta
512 1828 546 1857 et
565 1835 657 1857 mors
681 1823 852 1869 praeclara
875 1826 908 1856 ot
926 1822 1094 1856 beneficia
1117 1822 1182 1856 Dei
1200 1822 1288 1856 mira
1306 1824 1562 1858 commendant.

155 1884 407 1920 Collaudarunt
426 1887 566 1921 beatum
594 1890 782 1932 martyrem
805 1898 822 1920 e
843 1885 1020 1920 Societate
1044 1888 1164 1919 nostra
1185 1885 1321 1930 scriptis
1343 1886 1414 1920 suis
1434 1886 1630 1932 complures
1650 1899 1656 1920 :
1682 1887 1715 1920 in
1746 1890 1891 1934 Rham-ms

106 1945 160 1980 his
186 1950 266 1981 sunt
284 1950 406 1991 Eloyz'cz
423 1948 628 1983 P.And1‘eae
643 1946 962 1986 Mlodzianowskii,
985 1957 1003 1980 e
1023 1946 1201 1991 provincia
1221 1946 1416 1987 Lituanica‚
1438 1951 1471 1981 et
1490 1948 1598 1994 ipsius
1616 1952 1720 1994 gente
1746 1930 1892 1994 {gxnvliptlgeae

107 2007 247 2042 Lituani
274 2020 292 2043 e
320 2010 537 2055 provinciola
582 2009 758 2044 Caunensi
784 2010 842 2051 (siz
874 2012 1035 2054 poemata
1070 2008 1212 2042 heroica
1240 2009 1280 2043 P.
1310 2008 1490 2043 Valentini
1517 2010 1716 2052 Biatowicz,
1747 2008 1834 2033 Beati.

107 2074 220 2114 poetae
240 2070 374 2116 inclyti,
400 2072 584 2113 Olomucii,
608 2073 643 2106 in
662 2070 837 2110 Moravia,
859 2069 973 2103 ornati
992 2068 1117 2102 artium
1133 2069 1328 2104 liberalium
1348 2074 1382 2104 et
1401 2070 1630 2117 philosophiae
1649 2083 1721 2106 ma-

108 2132 278 2178 gisterio:
301 2134 420 2169 concio
440 2135 482 2169 P.
506 2135 649 2180 Georgii
677 2135 836 2171 Barsa-x,
862 2143 970 2177 nuper
994 2131 1050 2173 (ab
1077 2141 1169 2163 anno
1201 2130 1287 2164 1731
1318 2130 1364 2164 ad
1396 2132 1497 2177 1735)
1529 2132 1723 2168 Lituanicae

109 2195 296 2239 provinciae
322 2196 482 2241 praesidis
501 2209 507 2230 :
538 2199 698 2231 Historia
720 2198 796 2229 rita?
812 2199 842 2228 et
864 2195 1042 2236 martyrii,
1067 2191 1195 2236 scripta
1231 2203 1252 2225 a
1272 2193 1311 2226 P.
1336 2193 1512 2228 Stanislao
1532 2194 1723 2230 Kosinskio

109 2259 143 2290 et
174 2256 382 2303 pervulgata
407 2259 500 2304 typis
526 2258 705 2293 Vilnensis
730 2258 900 2303 Collegii:
929 2256 1007 2290 libri
1034 2260 1103 2289 tres
1128 2256 1298 2300 poematis
1317 2256 1417 2301 epici,
1440 2257 1596 2303 inscripti
1619 2261 1723 2293 Josa—

105 2320 282 2360 plurimos,
304 2330 396 2353 anno
419 2319 523 2360 1627,
538 2330 624 2365 opus
634 2323 748 2365 poetae
767 2319 875 2353 nostri
895 2317 1197 2352 NicolaiKmicic:
1221 2318 1312 2363 quod
1322 2319 1426 2355 hodie
1444 2321 1583 2367 quidam
1602 2325 1636 2369 (4)
1657 2335 1725 2358 non

152 2393 190 2429 (1)
213 2393 284 2421 Alibi
310 2394 375 2431 lego
403 2398 539 2421 mortuum
566 2402 638 2421 anno
667 2395 750 2422 1626.
766 2411 801 2414 -
819 2393 857 2430 (2)
882 2394 980 2421 Libros
997 2400 1010 2419 a
1027 2391 1173 2420 Valentino
1204 2396 1295 2422 editos
1311 2396 1414 2424 ν1110111
1440 2397 1534 2427 Indice
1551 2400 1723 2436 Scriptorum

109 2447 283 2475 nostratium.
303 2464 340 2467 —
362 2447 398 2484 (3)
422 2447 509 2481 Hujus
541 2451 567 2475 et
596 2449 769 2483 s..·s.1uentiuin
804 2456 889 2483 opera
919 2448 983 2474 vido
1010 2447 1122 2475 ibidem.
1142 2463 1181 2467 -
1211 2448 1247 2484 (4)
1266 2446 1378 2487 [Patres
1409 2452 1535 2481 nimirum
1580 2453 1722 2489 Basiliani,

109 2498 289 2536 Josaphatum
306 2500 461 2529 Isacoviuin
474 2509 569 2528 verum
587 2502 660 2529 illius
673 2504 817 2529 auctorem
834 2509 897 2529 0550
920 2497 1110 2537 asserentes]

1567 2558 1599 2583 35
