2184 2953
387 299 444 330 158
776 300 1049 329 LITUANICARUM
1075 298 1287 327 SOCIETATIS
1310 298 1395 326 JESU
1420 298 1673 326 HISTORIARUM

216 400 278 425 1589
317 437 322 442 ¹
387 396 470 428 natu
497 393 702 436 minoribus,
735 393 869 429 Jacobo
897 391 1080 427 Golinskio
1109 395 1143 426 et
1168 391 1299 426 Joanni
1329 391 1442 438 (quem
1471 391 1668 426 Sacchinus
1686 391 1893 426 Vilnensem
1911 394 2014 426 vocat

215 438 362 504 {iflgffissffset
386 456 502 491 evenit
532 469 538 490 :
574 457 671 492 brevi
698 457 788 492 alter
819 456 978 496 alterum,
1008 454 1104 490 bidui
1139 454 1265 500 spatio,
1293 454 1338 489 ad
1366 453 1537 488 tumulum
1569 455 1692 490 funere
1719 466 1781 489 suo
1809 458 2014 500 prosecutus

216 517 272 542 vita
285 516 327 560 [te-
386 521 459 558 est;
482 517 661 562 utriusque
690 517 853 563 exequias
880 516 1014 551 funeris
1046 516 1223 556 universa,
1245 520 1376 562 quanta
1404 520 1618 562 superasset,
1641 516 1765 550 civitas
1784 515 1880 550 luctu
1902 516 2015 550 incre-

216 556 310 582 functi.
387 578 485 614 dibili
516 583 550 614 et
581 579 743 614 laudibus
770 578 969 614 celebravit.
1004 577 1188 624 Reliquos,
1216 579 1274 624 qui
1300 590 1343 613 ex
1368 579 1548 614 atrocitate
1580 578 1746 625 temporis
1774 582 2009 624 superessent,

387 641 511 676 orabat
539 642 677 683 Patres,
699 657 713 670 α
738 646 786 683 ut,
816 642 935 676 habita
962 642 1105 677 tandem
1142 642 1262 677 salutis
1298 655 1371 678 suae
1402 642 1546 683 ratione,
1579 641 1859 688 quandoquidem
1886 640 2016 675 malum

390 717 406 731 κ
422 704 497 750 jam
525 704 682 739 sedatum
709 703 888 743 videbant,
911 704 1141 749 quiescerent,
1160 716 1273 751 neque
1298 717 1347 747 se,
1366 709 1471 740 aetate
1488 704 1540 739 illi
1559 704 1804 739 imbecilliores
1819 707 1854 738 et
1867 703 2013 745 viribus,

389 780 404 794 α
427 765 471 800 ad
503 769 695 801 extremum
732 766 767 799 in
803 765 1005 800 ministeriis
1045 772 1267 802 contererent
1299 781 1305 802 ;
1337 779 1537 814 superesse,
1577 767 1668 813 quod
1704 767 1836 801 civitati
1872 767 2018 812 reliquae

390 843 404 857 α
425 832 636 875 praestarent
662 829 734 875 pii:
758 829 976 863 continerent
1004 841 1041 864 se
1064 829 1100 863 in
1128 841 1190 864 suo
1216 829 1393 864 domicilio
1417 842 1423 864 :
1445 829 1580 864 facilius
1607 830 1657 864 ita
1685 841 1745 864 eos
1770 829 1949 864 inventum
1977 829 2020 864 iri

391 905 405 918 a
428 877 693 936 perfugiumque
721 891 848 924 certius
868 891 901 924 in
931 891 1072 937 negotio
1092 891 1247 926 futurum
1267 892 1422 933 civibus;
1444 892 1503 938 qui
1521 892 1667 927 miseros
1692 892 1807 926 adhuc
1832 896 1906 926 tota
1925 903 2019 938 quee-

393 967 408 981 ‹c
430 952 597 987 ritassent
624 953 722 993 urbe,
746 964 815 986 non
842 953 956 988 minus
981 954 1062 988 inde
1090 965 1207 999 operae
1237 954 1386 1000 pretium
1413 954 1578 995 facturos,
1609 954 1638 988 si
1666 953 1948 999 confugientibus
1975 955 2021 988 ad

392 1028 407 1042 a
432 1025 469 1048 se
496 1025 514 1048 e
537 1025 600 1048 suo
627 1013 703 1048 loco
731 1018 859 1059 praesto
887 1014 1029 1056 fuerint,
1047 1027 1151 1061 quam
1185 1016 1214 1050 si
1245 1020 1389 1062 egentes
1413 1015 1498 1050 vicis
1518 1026 1555 1050 se
1575 1014 1734 1049 omnibus
1762 1015 1977 1059 quaesierint.
2003 1032 2018 1046 η

391 1077 512 1123 Itaque
532 1077 661 1112 residui
681 1088 742 1111 suo
764 1077 840 1123 jam
863 1078 1046 1124 intemplo
1075 1083 1188 1113 coetus
1212 1079 1457 1125 poenitentium
1485 1078 1530 1112 ad
1557 1089 1594 1113 se
1620 1077 1833 1113 ventitantes
1862 1082 2022 1124 excepta-

391 1138 489 1173 bant.
509 1138 553 1172 Et
579 1138 741 1183 quoniam
772 1138 958 1174 difficultas
987 1151 1150 1181 annonae,
1175 1142 1313 1176 saevitia
1338 1142 1447 1188 pestis
1471 1141 1660 1176 intercluso
1692 1144 1888 1176 commeatu
1915 1141 2021 1182 omni,

391 1200 505 1246 magis
528 1200 671 1235 incensa
690 1204 777 1242 erat,
801 1204 837 1234 ut
865 1201 965 1236 multi
991 1202 1097 1237 etiam
1124 1203 1217 1238 fame
1245 1205 1467 1250 disperirent,
1491 1204 1571 1238 huic
1600 1214 1735 1250 quoque
1764 1203 1854 1237 malo
1875 1203 2024 1238 subven-

393 1268 466 1298 tum
496 1275 558 1310 per
591 1263 725 1303 Socios,
758 1263 847 1310 stipe
881 1264 925 1298 ab
962 1265 1253 1310 opulentioribus,
1279 1267 1363 1302 urbe
1396 1267 1657 1308 excedentibus,
1680 1270 1879 1312 corrogata.
1907 1267 1960 1300 Ita
1991 1269 2026 1301 et

396 1337 544 1373 corpora
576 1326 775 1361 mortalium
807 1327 1021 1361 curabantur
1058 1331 1092 1362 et
1123 1328 1244 1363 animi.

226 1410 321 1435 Decem
446 1389 485 1423 In
514 1400 556 1423 ea
570 1388 744 1423 communi
762 1388 861 1423 clade
881 1389 1118 1424 occubuerunt
1137 1402 1156 1425 e
1175 1390 1333 1437 Collegio
1347 1391 1557 1427 Academico
1573 1391 1664 1427 Socii
1679 1391 1873 1425 duodecim.
1893 1391 2026 1426 Eadem

226 1449 334 1513 {qsuper
397 1453 606 1496 tempestate
641 1451 829 1497 aggregati
861 1451 906 1485 ad
949 1451 1147 1486 Ecclesiam
1179 1453 1319 1500 Scythae
1363 1454 1444 1496 duo,
1483 1454 1643 1489 haeretioi
1678 1452 2023 1499 undequadraginta,

227 1496 242 1513 a
256 1496 283 1513 H*
399 1513 611 1549 schismatici
626 1514 880 1560 quinquaginta
900 1517 982 1549 tres.
1007 1515 1258 1551 Poenitentium
1283 1521 1317 1553 et
1336 1516 1616 1563 supplicantium
1637 1525 1801 1549 numerus
1826 1515 1862 1548 in
1881 1525 1925 1549 ea
1943 1514 2029 1548 urbe

400 1579 478 1622 post
495 1575 674 1609 hominum
706 1576 909 1610 memoriam
936 1576 1118 1611 maximus.
1141 1578 1327 1614 Excitabat
1345 1580 1508 1614 nimirum
1540 1580 1791 1614 indormientes
1824 1578 1929 1613 saluti
1956 1590 2029 1612 suae

405 1637 571 1672 mortales
602 1637 836 1683 impendentis
869 1642 981 1673 metus
1016 1639 1127 1674 exitii.
1151 1641 1243 1679 Quin
1275 1646 1309 1676 et
1335 1642 1516 1688 flagitiosi,
1538 1642 1762 1687 induratique
1796 1640 2027 1680 facinoribus,

404 1702 608 1737 catervatim
628 1713 665 1736 se
680 1701 905 1736 conferebant
923 1702 968 1736 ad
992 1702 1114 1736 urbem
1129 1716 1136 1743 3
1160 1703 1234 1749 ipso
1250 1704 1413 1739 hortante
1432 1703 1598 1750 periculo,
1616 1707 1762 1737 mortem
1778 1707 1815 1736 ut
1838 1701 2030 1747 prudentes

405 1764 623 1799 confessione
651 1767 872 1809 peccatorum
899 1768 1177 1801 antevertercnt.
1202 1767 1400 1802 Eveniebat
1427 1767 1566 1801 interim
1584 1766 1779 1800 animorum
1802 1764 1958 1804 medicis,
1979 1768 2027 1804 ut,

406 1837 483 1861 oum
502 1826 713 1872 incepissent
732 1826 968 1861 nescientibus
994 1829 1210 1863 curationem
1230 1829 1410 1870 adhibere,
1429 1830 1646 1875 imponentes
1674 1828 1817 1862 vomicae
1845 1827 2031 1872 spongiam

410 1891 576 1937 scalpello
604 1890 758 1932 inducto,
781 1902 802 1925 a
833 1892 1098 1927 sanescentibus
1128 1891 1255 1926 deinde
1283 1896 1479 1931 orarentur,
1501 1895 1539 1926 ut
1557 1890 1592 1925 in
1611 1889 1766 1925 curando
1786 1889 2028 1936 persisterent,

409 1959 443 1990 et
461 1967 482 1990 a
505 1955 702 2001 persanatis
720 1959 896 2001 postremo
916 1956 1041 2001 gratia]
1060 1960 1262 2001 agerentur.

288 2030 331 2055 63.
460 2017 611 2052 Gravius
638 2017 714 2063 ipsa
740 2017 941 2063 pestilentia
961 2017 1152 2053 afflictabat
1172 2016 1292 2052 Socios
1321 2020 1393 2050 tum
1413 2014 1579 2056 Polociae,
1601 2019 1673 2048 tum
1701 2014 1819 2059 Rigae,
1841 2017 1914 2048 tum
1933 2012 2030 2053 alibi,

238 2067 383 2135 ἑᾞξὲἰὲο
407 2079 575 2114 indomita
605 2079 852 2114 haereticorum
884 2080 1098 2125 malignitas.
1136 2079 1241 2125 Piget
1262 2079 1337 2124 jam
1364 2088 1637 2112 commemorare
1661 2077 1808 2122 injurias
1844 2075 2033 2110 identidem

238 2133 309 2174 ljoeiae
321 2148 348 2172 et
412 2143 539 2177 nostris
553 2143 676 2183 factas,
698 2142 921 2187 calamosque
941 2143 977 2176 in
995 2141 1064 2176 illis
1081 2140 1319 2176 describendis
1335 2140 1510 2185 otiumque
1530 2139 1661 2174 bonum
1679 2143 1871 2173 conterere.
1895 2137 2039 2177 Omitto,

241 2188 382 2253 ξῃῖᾔῗεὲω
415 2203 498 2250 quid
533 2208 731 2250 quantaque
763 2203 984 2239 contentione
1026 2203 1165 2249 patroni
1198 2201 1443 2237 haereticorum
1479 2212 1643 2247 proceres
1675 2199 1769 2247 apud
1799 2210 1920 2245 regem
1948 2204 1982 2232 et
2009 2198 2045 2231 in

416 2266 563 2302 comitiis
582 2278 645 2312 pro
673 2267 745 2301 suis
776 2267 991 2312 Rigensibus
1019 2265 1158 2311 egerint
1181 2277 1187 2298 :
1215 2267 1380 2310 quantum
1407 2263 1564 2308 pecuniae
1596 2260 1860 2308 corrumpendis
1886 2259 2046 2306 judicum

418 2330 543 2365 animis
561 2330 741 2376 profusum
760 2330 815 2365 sit.
841 2330 880 2364 Id
899 2329 1018 2375 paucis
1046 2328 1215 2363 duntaxat
1242 2338 1346 2361 narro
1370 2339 1375 2360 :
1397 2330 1546 2371 quatuor
1565 2338 1583 2360 e
1608 2330 1731 2360 senatu
1751 2324 1853 2370 regni
1870 2323 2046 2369 discepta-

244 2401 365 2434 itigensi-
420 2399 514 2429 tores
534 2405 650 2428 causae
671 2401 800 2427 nostra}
820 2393 974 2427 delectos
1001 2403 1078 2426 esse
1107 2403 1112 2425 :
1132 2390 1218 2425 duos
1243 2388 1440 2424 cardinales
1462 2388 1655 2434 episcopos,
1673 2385 1893 2422 Bernardum
1909 2385 2046 2420 Macie-

248 2451 292 2468 um
304 2450 384 2467 CssuSa

245 2482 375 2515 ‹liscepta-
419 2459 598 2507 jovskium
642 2458 912 2499 Gnesnensium,
949 2461 983 2491 et
1015 2455 1207 2500 Georgium
1247 2451 1464 2487 Radivillum
1508 2449 1751 2490 Vilnensium;
1797 2452 1926 2494 praeter
1968 2447 2044 2487 hos,

246 2524 298 2548 tur.
428 2523 582 2558 Leonem
603 2521 757 2567 Sapieha
774 2519 1086 2567 procancellarium
1113 2516 1300 2556 Lituanitr,
1322 2520 1353 2550 ct
1376 2514 1492 2549 nescio
1512 2524 1612 2559 quem
1639 2512 1745 2546 alium
1765 2523 1783 2546 e
1802 2511 1947 2557 profano
1964 2521 2047 2556 pro-
