2184 2953
813 294 1042 324 APPENDICES.
1673 297 1732 329 405

585 388 723 419 omnium
734 387 884 419 virtutum
900 384 1044 417 laudibus
1067 384 1097 415 et
1112 385 1260 426 exemplis

729 435 766 465 ad
781 433 965 465 imitandum
977 431 1134 463 abundans
1151 443 1157 463 :

749 482 933 515 obdormivit
948 481 978 512 in
994 479 1123 511 Domino

779 540 856 562 anno
879 529 990 561 salutis
1004 527 1093 563 1579,

811 578 910 610 aetatis
922 586 984 608 suae
996 577 1044 608 76.

770 625 941 663 Stanislaus
957 626 1075 666 patruo,

913 673 945 705 et

771 719 943 751 Stanislaus
959 720 1085 752 Rescius

704 767 833 799 Patrono
848 769 1137 806 beneficentissimo,

721 816 895 847 executores
924 816 1104 848 testamenti

837 872 971 903 posuere.

617 970 706 1010 ΑΒ
768 970 1073 1013 LIBRUM
1139 970 1243 1011 ΙΙΙ.

178 1054 280 1089 1583.
303 1054 496 1089 Cardinalis
515 1055 725 1095 Radivillus,
745 1055 958 1101 gubernator
977 1055 1147 1094 Livoniae‚
1164 1058 1281 1090 monet
1304 1055 1493 1101 Rigenses‚
1516 1055 1738 1102 tranquillius

125 1112 159 1144 et
178 1110 363 1156 benignius
378 1122 455 1144 cum
474 1111 657 1145 Societatis
676 1111 825 1156 Rigensi
842 1111 998 1156 Collegio
1014 1114 1050 1145 ut
1064 1114 1186 1156 agant.

175 1165 218 1199 P.
236 1165 403 1200 Laurent.
423 1165 606 1207 Rubenus,
629 1166 777 1211 Collegii
799 1167 966 1212 Rigensis
985 1169 1111 1207 rector,
1128 1166 1258 1200 Joanni
1278 1165 1404 1208 Dalen,
1419 1166 1578 1201 ministro
1598 1165 1716 1211 Rigen

126 1220 215 1254 sium
236 1221 448 1261 Lutherano‚
467 1220 616 1267 explicat
634 1222 795 1267 ampliter
814 1222 977 1256 veritates
997 1221 1230 1267 evangelicas.

179 1277 283 1312 1584.
314 1277 409 1311 Idem
425 1276 494 1311 alia
513 1277 660 1323 epistola
686 1278 901 1323 Rigensibus
919 1278 1084 1323 dogmata
1109 1277 1188 1311 fidei
1207 1276 1388 1312 catholicae
1409 1277 1538 1314 diserte
1561 1281 1737 1327 proponit.

128 1333 293 1371 Queritur
312 1333 433 1368 Socios
452 1345 547 1373 suos,
569 1334 688 1368 civicae
707 1333 829 1369 salutis
848 1333 1035 1375 studiosos,
1056 1332 1201 1368 tractari
1220 1333 1477 1379 indignissime.

182 1388 284 1424 1585.
307 1388 505 1434 Stephanus
522 1401 582 1424 rex
600 1390 774 1436 Rigenses
792 1389 1011 1424 turbulentos
1024 1389 1125 1435 jubet
1140 1390 1332 1435 quiescere.
1352 1390 1447 1425 Idem
1467 1392 1508 1426 P.
1538 1392 1738 1435 Rubenum,

128 1444 299 1490 Rigensis
319 1444 467 1490 Collegii
486 1450 668 1486 rectorem,
687 1445 855 1480 adversus
871 1444 1048 1479 molimina
1062 1445 1308 1480 haereticorum
1323 1446 1518 1482 confirmat.

182 1500 284 1535 1585.
307 1500 534 1545 Derpatensis
550 1501 696 1547 Collegii
711 1500 932 1535 fundamenta
954 1501 1063 1547 jacta,
1087 1512 1196 1547 eaque
1225 1501 1484 1538 confirmantur.
1510 1503 1584 1539 Res
1619 1508 1742 1550 gestae.

180 1556 284 1592 1586.
319 1556 572 1590 Testimonium
602 1557 787 1603 Praepositi
835 1556 1018 1591 Generalis
1067 1556 1201 1591 Claudii
1244 1557 1425 1603 Aquaviva
1474 1558 1517 1594 de
1565 1560 1747 1596 Sociorum

128 1611 338 1657 Rigensium
355 1610 460 1646 nullis
480 1612 772 1658 postulationibus
789 1616 850 1647 aut
867 1612 1054 1658 compactis
1073 1612 1139 1647 sibi
1153 1612 1314 1662 cognitis.

178 1667 431 1702 Testimonium
450 1679 509 1702 cai
513 1668 637 1703 dmahs
657 1668 825 1703 Radivilli
840 1669 882 1702 de
898 1672 1090 1714 compacto,
1108 1679 1174 1714 quo
1189 1668 1389 1704 traderetur
1407 1669 1537 1704 nostris
1552 1681 1747 1706 armamen-

129 1723 257 1757 tarium
272 1723 430 1764 civicum,
453 1723 544 1758 inter
563 1727 721 1758 senatum
738 1724 931 1770 Rigensem
947 1728 980 1758 et
1001 1724 1182 1759 Sociorum
1198 1724 1397 1770 collegium,
1418 1724 1613 1773 litterisque
1631 1727 1747 1762 Socio-

130 1790 207 1812 rum
223 1778 264 1813 de
280 1790 320 1813 00
341 1779 483 1824 negotio
504 1790 678 1825 nunquam
698 1780 762 1814 sibi
782 1780 878 1813 xisis.

184 1834 287 1869 1583.
307 1834 467 1869 Hominis
481 1835 571 1869 inter
586 1835 769 1869 haereticos
787 1834 876 1868 male
891 1834 1020 1868 versati
1035 1845 1215 1869 0011101510
1232 1834 1422 1876 1nirabilis;
1442 1836 1533 1882 quod
1552 1836 1596 1872 P.
1618 1837 1745 1872 Petrus

133 1890 272 1936 Skarga
286 1891 321 1925 in
353 1894 437 1925 Vitis
458 1894 663 1926 Sanctorum
679 1892 723 1926 ad
738 1892 828 1925 diem
846 1892 935 1926 XIII
955 1890 1160 1937 septembris
1180 1890 1228 1924 sic
1244 1893 1364 1924 narrat
1385 1902 1392 1924 ε

187 1960 202 1974 α
223 1946 315 1980 Anni
348 1947 439 1982 1583
455 1947 504 1981 IV
521 1958 632 1981 nonas
664 1947 817 1987 sextiles,
841 1958 919 1981 cum
934 1958 1090 1981 versarer
1106 1946 1273 1987 Polou-ae,
1295 1946 1456 1981 convenit
1470 1958 1538 1988 me,
1556 1959 1624 1982 non
1663 1952 1745 1984 ante

132 2001 214 2036 mihi
233 2002 393 2048 cognitus
411 2002 527 2044 homo,
550 2003 602 2036 vir
622 2015 640 2037 e
659 2003 843 2037 Lituanica
861 2005 966 2047 gente
981 2002 1121 2043 nobilis,
1142 2002 1299 2036 Joannes
1327 2002 1485 2048 Krypski
1515 2015 1522 2038 :
1556 2014 1619 2050 per
1646 2015 1745 2039 suam

132 2069 310 2104 meamque
337 2058 484 2093 salutem
504 2058 589 2104 ipsis
616 2059 720 2093 etiam
738 2058 901 2105 lacrymis
929 2061 1018 2097 orat,
1037 2069 1115 2104 quae
1141 2057 1198 2092 via
1216 2057 1340 2092 salutis
1359 2057 1415 2099 sit,
1439 2069 1476 2093 se
1495 2061 1533 2093 ut
1575 2059 1714 2095 doceam
1732 2073 1739 2096 :

132 2113 234 2148 hodie
253 2114 390 2148 demum
417 2118 657 2160 experrectum
689 2115 925 2159 monitumque
953 2125 990 2148 se
1016 2113 1151 2154 intimo,
1183 2113 1298 2163 divino
1324 2116 1417 2149 certe
1444 2114 1608 2160 impulsu,
1631 2119 1668 2150 ut
1680 2116 1742 2151 ali-

133 2171 270 2216 quando
290 2171 453 2205 miserum
471 2171 577 2205 animi
597 2171 650 2206 sui
671 2174 796 2205 statum
814 2172 1041 2215 recognoscat
1068 2168 1222 2209 tandem,
1245 2180 1286 2203 ac
1304 2169 1498 2214 resipiscat.
1523 2170 1739 2217 Complures,

133 2226 256 2272 inquit,
276 2237 386 2260 annos
414 2226 449 2260 in
469 2226 633 2261 Livonico
652 2226 803 2261 exercitu
823 2236 961 2271 operam
979 2224 1104 2258 navavi
1130 2224 1333 2265 militarem3
1355 2224 1421 2259 hoc
1439 2225 1515 2271 ipso
1531 2225 1651 2261 infelix
1673 2227 1743 2262 dis-

132 2282 269 2328 pendio,
300 2283 391 2328 quod
422 2282 512 2317 inter
546 2282 743 2322 haereticos,
777 2294 895 2317 eorum
929 2285 962 2316 et
989 2281 1170 2327 profiterer
1201 2280 1378 2326 dogmata,
1411 2285 1445 2316 et
1472 2282 1541 2317 ritu
1567 2283 1741 2326 viverem;

132 2338 270 2373 tametsi
288 2338 322 2372 id
341 2338 518 2384 aliquanto
538 2342 617 2384 post
635 2350 697 2384 per
726 2338 978 2373 confessionem
998 2340 1230 2383 peccatorum,
1243 2336 1335 2382 apud
1354 2337 1570 2373 sacerdotem
1588 2350 1607 2374 e
1627 2339 1743 2374 Socie-

132 2397 204 2428 tate
230 2394 316 2429 Jesu
334 2394 541 2434 institutam,
571 2395 743 2440 poenitens
762 2397 998 2434 retractasset,
1022 2393 1138 2427 omnia
1161 2392 1241 2427 inde
1267 2393 1413 2428 meliora
1432 2394 1474 2429 de
1489 2406 1526 2430 se
1553 2395 1740 2441 pollicitus.

132 2448 277 2494 Abjecto
305 2449 443 2484 demum
457 2448 586 2489 balteo,
605 2449 753 2484 otiosum
771 2461 808 2484 se
826 2449 999 2495 hospitem
1017 2448 1196 2483 Polociam
1214 2447 1305 2483 inter
1322 2460 1363 2484 ac
1378 2449 1523 2496 Drujam
1555 2451 1680 2497 oppida
1706 2462 1744 2487 se

134 2505 344 2540 consedisse.
367 2505 434 2539 Hic
460 2505 496 2540 in
514 2505 676 2540 lethalem
706 2505 869 2552 delapsus
887 2505 1056 2546 morbum,
1078 2503 1122 2538 ad
1136 2503 1292 2539 remedia
1308 2505 1405 2551 prius
1423 2505 1498 2552 ipse
1516 2506 1623 2541 animi
1640 2517 1743 2552 quam
