2184 2953
848 311 1080 345 APPENDICE&
1704 309 1764 341 447

160 412 243 444 tunc
275 409 308 455 (1)
341 413 433 444 esset
451 409 599 445 illicita:
637 410 718 456 quia
737 414 981 457 cooperaretur
1006 411 1155 458 positive
1175 412 1219 447 ad
1247 412 1487 447 dilatationem
1522 413 1701 447 haeresum
1733 413 1767 446 et

156 463 353 499 schismatis
375 464 525 505 illorum,
556 469 590 500 et
606 466 797 501 contineret
816 467 970 501 favorem
986 467 1229 502 haereticorum
1251 467 1391 514 (quales
1416 471 1495 502 sunt
1527 479 1645 503 omnes
1671 477 1763 501 non-

155 519 252 564 uniti)
272 531 313 553 ac
331 520 475 565 proinde
498 521 578 556 talis
613 521 702 567 legis
730 525 888 556 auctores
920 522 1136 557 incurrerent
1167 523 1202 556 in
1234 523 1625 558 excommunicationem
1660 522 1766 558 builae

158 577 268 609 Coenoe
297 577 439 609 Domini
469 576 576 611 latam
603 580 723 611 contra
749 577 902 612 fautores
917 577 1174 613 haereticorum.

202 631 239 665 3⁰
257 631 309 666 De
324 632 475 666 essentia
493 632 582 678 legis
608 636 659 667 est
673 633 844 678 obligare,
861 637 899 668 ut
916 646 978 680 per
996 645 1033 669 se
1047 638 1166 668 notum
1181 638 1233 669 est
1252 637 1286 669 et
1303 645 1422 668 omnes
1440 633 1603 668 fatentur.
1623 635 1659 669 Si
1679 646 1763 681 ergo

154 688 296 722 daretur
309 687 389 722 talis
403 687 471 729 lex,
485 700 554 722 non
570 688 680 723 solum
698 700 740 723 ex
759 700 797 723 ea
817 690 966 724 oriretur
983 690 1164 735 suspensio
1191 689 1382 735 punitionis
1410 692 1532 723 contra
1563 690 1760 731 haereticos,

153 753 175 776 a
189 740 325 786 legibus
344 740 470 775 divinis
491 741 525 787 (2)
545 745 579 776 et
593 741 836 778 ecclesiasticis
855 744 890 790 (3)
911 749 945 780 et
959 745 1122 779 caesareis
1142 748 1176 780 et
1193 745 1293 790 regni
1311 743 1422 778 nostri
1445 745 1660 790 praeseriptae
1678 758 1684 786 ;
1702 747 1763 780 sed

152 797 295 842 insuper
325 796 538 832 adimeretur
564 797 783 843 magistratui
817 811 915 835 sacro
940 804 974 836 et
1009 801 1099 835 civili
1126 804 1279 846 potestas
1309 800 1475 845 puniendi
1501 800 1696 842 haereticos,
1730 805 1765 836 et

152 854 233 889 inde
252 859 454 900 sequeretur
469 855 635 900 obligatio
655 867 713 890 eos
731 867 906 901 nunquam
920 856 1097 902 puniendi.
1128 856 1224 890 Talis
1240 859 1355 890 autem
1375 856 1539 901 obligatio
1556 861 1607 891 est
1626 856 1757 899 illicita,

152 910 232 955 quia
247 913 299 944 est
312 913 433 944 contra
452 910 581 950 divina,
603 911 780 956 pontificia
797 915 830 946 et
844 923 998 946 caesarea
1016 923 1056 946 ac
1064 916 1184 947 nostra
1198 911 1422 958 municipalia
1427 912 1441 957 j
1448 923 1510 946 ura
1524 925 1531 953 ;
1554 924 1631 958 quae
1646 914 1762 949 omnia

152 965 236 1000 dant
262 966 522 1011 magistratibus
552 970 758 1012 potestatem
789 968 954 1013 puniendi
988 969 1186 1004 haereticos.
1215 969 1302 1007 Quae
1325 972 1479 1015 potestas
1511 981 1572 1015 per
1598 970 1701 1011 hanc,
1732 972 1761 1006 si

154 1024 326 1062 servetur,
348 1020 463 1067 legem
492 1021 686 1062 tolleretur,
721 1034 761 1057 eo
781 1023 883 1058 modo
911 1036 977 1070 quo
1009 1024 1067 1059 lex
1087 1024 1151 1059 illa
1183 1024 1349 1059 Polonica
1379 1025 1422 1059 de
1456 1036 1525 1059 non
1557 1026 1760 1071 captivando

150 1075 233 1116 ullo,
255 1075 322 1110 nisi
339 1076 435 1122 prius
447 1076 530 1122 jure
548 1077 592 1111 sit
610 1076 752 1112 admissi
766 1078 907 1113 sceleris
922 1080 1113 1121 convictus,
1135 1080 1257 1115 adimit
1275 1080 1535 1125 magistratibus
1554 1085 1588 1116 et
1602 1081 1667 1127 ipsi
1686 1082 1760 1128 regi

149 1132 308 1167 Poloniae
334 1136 541 1179 potestatem
572 1134 737 1169 scelestos
767 1136 977 1182 captivandi.
1002 1137 1088 1172 Cum
1110 1148 1195 1182 ergo
1226 1135 1305 1170 talis
1338 1136 1505 1182 obligatio
1533 1137 1578 1172 sit
1596 1137 1689 1172 mala
1718 1149 1759 1174 ac

146 1187 268 1223 illicita
281 1217 288 1229 ‚
317 1188 463 1234 proinde
478 1200 546 1223 non
562 1193 614 1224 est
627 1189 784 1225 ferenda.

195 1245 232 1279 4⁰
252 1244 340 1285 Lex,
360 1243 396 1278 in
412 1243 565 1278 omnium
592 1245 776 1285 sententia,
802 1256 872 1280 non
895 1250 1010 1292 potest
1024 1246 1107 1282 ferri
1125 1247 1240 1293 quoad
1256 1258 1313 1281 res
1332 1246 1388 1282 vel
1405 1258 1586 1292 personas,
1608 1248 1644 1282 in
1669 1260 1755 1294 quas

144 1311 215 1335 non
244 1300 351 1334 habet
370 1300 648 1346 jurisdictionem
672 1304 705 1335 et
731 1304 935 1347 potestatem
972 1302 1000 1337 is
1026 1303 1084 1348 qui
1118 1302 1224 1337 talem
1251 1301 1364 1347 legem
1388 1302 1478 1337 ferre
1506 1302 1621 1338 vellet.
1652 1304 1758 1350 Atqui

145 1355 296 1402 episcopi
314 1355 472 1390 Rutheni
499 1355 598 1397 uniti,
629 1355 765 1395 iobtena
800 1368 919 1391 eorum
950 1357 1185 1393 ecclesiastica
1203 1369 1272 1392 non
1287 1358 1468 1404 subjacent
1477 1359 1710 1405 jurisdictioni
1724 1364 1759 1396 et

143 1411 308 1458 potestati
322 1411 494 1450 saeculari,
509 1422 605 1457 aqua
614 1411 695 1458 jure
713 1411 828 1446 divino
847 1416 881 1447 et
899 1412 1133 1449 ecclesiastico
1154 1417 1188 1448 et
1206 1424 1359 1448 caesareo
1384 1416 1465 1448 sunt
1482 1414 1644 1460 exempti.
1662 1415 1758 1461 Ergo

142 1479 212 1502 non
230 1470 344 1513 potest
363 1467 446 1502 ferri
464 1466 536 1501 ulla
553 1467 611 1502 lex
644 1479 749 1514 supra
780 1479 899 1503 eorum
931 1469 1021 1504 bona
1041 1470 1290 1512 ecclesiastica;
1307 1471 1337 1505 si
1357 1474 1474 1506 tamen
1490 1471 1635 1507 ferenda
1650 1476 1715 1513 est,
1737 1484 1758 1508 a

143 1522 284 1557 Summo
303 1522 474 1557 Pontifice
492 1526 526 1557 et
544 1523 668 1557 throno
684 1524 893 1559 sacerdotali
907 1525 989 1560 ferri
1008 1526 1221 1562 debetHinc
1239 1527 1436 1562 Malachias
1451 1528 1509 1573 (ΙΙ,
1523 1528 1556 1574 5)
1590 1528 1633 1563 ad
1649 1528 1757 1565 eccle-

143 1578 320 1613 siasticum
340 1578 581 1624 magistratum
609 1590 734 1614 causas
754 1580 1007 1617 ecclesiasticas
1022 1583 1166 1617 remittit
1187 1595 1194 1617 :
1226 1584 1335 1617 Labia
1353 1586 1542 1618 sacerdotis
1566 1587 1757 1619 custodient

142 1636 337 1675 scientiam,
359 1639 388 1667 et
399 1637 508 1677 leyem
523 1636 704 1677 requirant
718 1648 764 1670 ex
780 1648 839 1670 ore
854 1638 991 1681 ejusEt
1002 1638 1150 1684 optimus
1165 1649 1226 1673 rex
1239 1638 1414 1684 Josaphat
1431 1639 1465 1686 <2
1476 1639 1628 1685 Paralip.
1647 1640 1751 1681 XIX,

146 1690 202 1731 10,
236 1689 290 1736 11)
316 1693 492 1735 tamquam
519 1694 634 1724 custos
662 1694 696 1726 et
723 1696 885 1727 executor
916 1693 1112 1728 divinarum
1142 1693 1260 1739 legum
1294 1693 1489 1735 declarans,
1529 1706 1597 1729 non
1628 1695 1755 1730 consti-

141 1749 256 1787 tuens,
275 1749 308 1780 et
337 1745 555 1791 distinguens
587 1757 630 1780 ex
664 1746 728 1781 Dei
758 1748 962 1794 praescripto
990 1749 1103 1784 officia
1138 1749 1372 1785 sacerdotalia
1407 1753 1442 1785 et
1476 1750 1622 1796 regalia,
1640 1751 1723 1786 dicit
1744 1763 1751 1786 ε

140 1804 310 1837 Αφηανιάε
327 1804 489 1836 sacerdos
507 1807 537 1836 et
553 1805 711 1848 pontifeoe
733 1808 845 1838 vester
862 1804 1038 1851 (summus)
1055 1807 1094 1839 in
1113 1807 1271 1840 omnibus
1290 1818 1366 1849 quae
1383 1808 1429 1840 ad
1445 1808 1557 1840 Deum
1572 1808 1751 1850 pertinent

183 1934 219 1971 (1)
244 1935 274 1963 In
290 1935 354 1963 cod.
372 1934 573 1962 mssnddiiur:
592 1934 655 1961 calis
674 1935 726 1963 leae.

183 1982 223 2019 (2)
250 1981 441 2015 Levit.II,v.2
455 1980 660 2016 cto.XXIV‚v.
676 1981 888 2019 63Num.XXV‚
906 1991 932 2012 v.
952 1984 968 2011 5
985 1985 1012 2012 et
1029 1983 1142 2011 Deuter.
1171 1983 1245 2021 XIII,
1260 1992 1285 2012 v,
1303 1985 1331 2020 5,
1351 1985 1379 2020 6,
1399 1986 1435 2019 93
1464 1992 1490 2013 c.
1513 1984 1598 2020 XVII,
1618 1986 1666 2021 12,
1684 1988 1711 2014 et
1726 1994 1752 2015 c.

144 2030 245 2066 XVIII,
261 2031 309 2058 ΞΟ.

182 2077 221 2114 (3)
242 2077 310 2113 Cap.
324 2076 371 2104 Ad
396 2077 548 2104 abolendum
561 2081 637 2105 extra
655 2078 690 2105 de
705 2077 856 2113 haeretieis,
871 2081 899 2106 et
914 2078 996 2114 capit.
1016 2077 1106 2114 Super
1127 2086 1154 2106 eo
1176 2079 1210 2106 de
1233 2079 1370 2107 haereticis
1391 2079 1439 2108 lib.
1464 2080 1491 2107 6.
1520 2080 1657 2116 Tempore
1679 2080 1754 2109 Con-

141 2125 250 2153 stantini
268 2132 346 2160 poena
374 2122 448 2152 exilii
474 2124 555 2152 etiam
582 2125 608 2151 in
640 2124 702 2152 illos
714 2125 825 2152 decreta
844 2124 882 2161 (ut
900 2128 1020 2160 patet-cx
1036 2125 1172 2161 prooemio
1188 2124 1305 2154 Conciiii
1331 2126 1432 2155 Nicaeni
1462 2129 1489 2155 et
1506 2127 1617 2155 Sozom.
1641 2128 1701 2156 Lib.
1723 2128 1751 2162 3,

142 2178 170 2203 et
184 2175 285 2203 ibidem
312 2182 374 2210 cap.
401 2175 448 2207 ⁶20,
466 2178 493 2202 ct
511 2175 542 2203 L.
562 2174 664 2202 Ariani
689 2182 714 2203 e.
747 2175 781 2202 de
802 2172 964 2207 haereticis),
983 2173 1072 2201 ettuit
1101 2173 1201 2201 usitata
1231 2174 1265 2201 ad
1291 2176 1415 2209 tempora
1440 2174 1469 2202 S.
1498 2173 1636 2203 Anastasii
1660 2175 1750 2211 Papae,

140 2226 169 2250 ut
184 2224 258 2257 patet
287 2229 321 2249 ex
336 2222 395 2256 ejiis
409 2222 534 2257 epistolis
549 2222 582 2249 ad
609 2222 758 2256 episcopos
788 2220 951 2249 Germaniae.
987 2221 1086 2248 Postea
1109 2220 1204 2248 addita
1235 2228 1312 2256 piena
1330 2221 1489 2257 pecuniaria
1519 2225 1642 2257 tempore
1658 2223 1752 2250 Theo-

139 2270 208 2297 dosii
232 2270 418 2305 imperatoris,
439 2273 467 2297 ut
485 2273 559 2305 patet
572 2269 621 2302 23,
648 2277 674 2304 q.
690 2269 717 2297 3.
735 2276 797 2295 can.
816 2268 879 2304 Ipsa
891 2266 978 2303 pictai
994 2272 1021 2296 ei
1044 2268 1075 2296 L.
1092 2266 1190 2295 Cuncti
1206 2267 1320 2296 haeretici
1337 2275 1363 2296 c.
1378 2269 1412 2296 de
1425 2269 1574 2297 haeretieis.
1588 2269 1642 2297 Sed
1656 2268 1751 2297 Marci-

139 2325 207 2345 anus
224 2320 251 2345 et
266 2316 474 2345 Valentinianus
491 2317 674 2345 decreverunt
689 2316 715 2343 in
732 2324 781 2343 eos
797 2324 904 2352 puniam
921 2313 1087 2351 captivitatis
1102 2315 1142 2353 (ut
1154 2318 1229 2350 patet
1244 2316 1281 2344 in.
1294 2315 1325 2343 L.
1344 2316 1510 2351 Quicunque,
1525 2316 1628 2345 Codice
1646 2317 1680 2345 de
1697 2318 1750 2344 iire-

138 2364 244 2401 rcticis)
262 2367 288 2392 ct
305 2365 518 2392 uttraderentur
533 2365 648 2393 brachio
677 2364 800 2393 saeeulari
831 2364 863 2391 ad
886 2367 1039 2392 extremum
1068 2362 1232 2398 supplicium
1262 2360 1353 2401 (putet
1382 2372 1416 2391 cx
1438 2364 1522 2400 capit.
1546 2364 1580 2391 ad
1595 2364 1749 2391 abolendum

138 2416 214 2440 caetra
236 2412 270 2439 de
282 2412 442 2447 haereticis),
454 2420 485 2440 ac
499 2413 558 2448 ipso
579 2414 650 2440 sacto
665 2413 838 2447 privarentur
861 2411 982 2439 dominio
995 2411 1131 2439 bonorum
1148 2412 1340 2445 temporalium
1365 2410 1408 2450 (ut
1429 2416 1503 2448 patet
1518 2421 1551 2441 ex
1567 2413 1650 2448 capit.
1678 2413 1749 2441 Cum

137 2460 280 2487 secundum
296 2460 329 2487 de
355 2460 492 2488 haereticis
508 2460 556 2488 lib.
574 2460 588 2487 6
613 2462 685 2487 etex
701 2461 742 2488 iiis
758 2468 820 2495 quae
833 2460 917 2487 habet
933 2459 1067 2488 Silvester
1082 2468 1108 2488 v.
1127 2459 1233 2488 haeresis
1254 2461 1279 2488 1.
1295 2469 1322 2488 n.
1344 2462 1391 2495 12,
1412 2463 1447 2490 13
1464 2466 1491 2491 et
1508 2464 1555 2498 14,
1579 2467 1606 2491 et
1620 2462 1747 2499 Alphen-

138 2516 185 2536 sus
205 2516 219 2535 a
233 2507 331 2536 Castro
347 2508 374 2542 1,
393 2508 420 2537 9..
439 2507 481 2535 De
492 2508 570 2543 justa
592 2507 776 2535 lzoercticorum
786 2509 934 2544 punitione,
948 2516 973 2536 c.
991 2508 1006 2535 5
1025 2512 1051 2536 ei.
1065 2508 1105 2545 6).
