2184 2953
255 396 318 423 1645

253 592 321 617 Mira
338 599 383 625 pa-

254 633 318 662 trat,
331 639 377 664 pa-

256 670 368 697 trocinio

255 712 368 738 maxime

255 753 332 779 Beati

255 793 363 826 Ignatii.

259 1087 406 1115 Daemonia-

257 1134 315 1152 cum
334 1123 409 1151 curat

258 1166 313 1192 ritu
329 1163 408 1191 eccle·

260 1205 377 1232 siastico.

261 1406 369 1433 Cultum
376 1404 406 1430 B.

261 1444 387 1473 stanislai

261 1486 406 1521 promovet·

328 1526 360 1552 23

260 1567 342 1595 Mutii
354 1566 398 1592 Vi-

260 1605 363 1634 tellesci

262 1646 360 1673 obitus.

264 2135 399 2161 Electores

266 2175 342 2201 missi
354 2175 404 2201 Ro-

265 2224 349 2242 mam.

332 2298 364 2324 24

267 2339 385 2368 Nesvisii

267 2381 334 2406 mira
346 2380 392 2406 lux

267 2421 294 2446 in
326 2420 414 2446 Monte

268 2460 284 2485 S
293 2459 412 2486 Michae-

267 2498 310 2523 lis.

426 293 486 326 340
807 294 1083 324 LITUANICARUM
1108 295 1321 324 SOCIETATis
1343 296 1428 324 JESU
1455 294 1707 323 [HSTORIARUM
1743 309 1746 313 ·

428 389 551 428 Quoad
567 389 666 430 vixit,
687 390 880 435 praesertim
889 389 964 435 jam
984 390 1159 429 sacerdos,
1178 388 1338 423 laborare
1353 388 1449 423 visus
1468 392 1634 434 perpetuo
1651 401 1656 423 :
1677 400 1769 424 nunc
1790 389 1836 424 ad
1855 389 2058 425 catechismi

428 451 583 486 scholam
599 463 727 498 cogere
742 464 931 499 puerorum
948 463 1077 497 greges
1093 465 1099 485 :
1135 452 1238 485 modo
1259 456 1413 497 aegrotos
1433 450 1558 492 visere,
1582 452 1705 487 adesse
1727 453 1956 493 moribundis,
1974 454 2055 488 hor-

427 515 493 549 tari
513 514 712 549 afficiendos
732 514 910 560 suppliciis
931 526 937 548 :
961 514 1063 548 modo
1083 525 1206 548 curare
1236 517 1393 559 egenteS‚
1425 518 1457 548 et
1473 514 1638 560 quidquid
1667 514 1756 549 foret
1787 515 1848 549 otii
1873 515 1917 549 ab
1936 515 2058 550 officiis

427 577 639 617 domesticis,
658 577 694 611 in
709 588 828 611 curam
843 577 992 611 aliorum
1016 576 1206 611 salutarem
1232 576 1420 610 insumere.
1445 576 1570 610 Divum
1587 576 1773 611 Societatis
1788 581 1968 622 parentem
1987 577 2059 624 pie-

427 643 499 674 tate
519 638 624 674 coluit
643 639 834 685 praecipua,
865 640 1009 685 ejusque
1042 638 1184 672 nomine
1204 637 1309 671 multa
1329 638 1482 683 patravit
1502 639 1589 672 mira
1613 651 1618 672 :
1642 638 1726 672 alibi
1746 639 1887 673 morbos
1907 638 2052 685 depulit,

428 701 512 736 alibi
531 701 695 742 lemures,
710 702 793 736 alibi
808 701 991 736 veneficia.
1010 702 1170 747 Rogatus
1186 700 1388 746 aliquando,
1403 700 1619 735 daemoniaco
1635 714 1642 741 ;
1666 712 1766 747 quem
1781 713 1938 747 praesens
1960 702 2060 737 mise-

430 764 577 798 randum
606 764 641 798 10
666 764 806 798 modum
826 764 976 798 vexabat
1003 764 1129 805 hostis,
1164 768 1198 798 ut
1228 764 1380 803 adesset,
1403 762 1526 797 eodem
1546 763 1649 809 plane
1681 762 1849 808 temporis
1870 768 2058 804 momento,

432 838 499 872 quo
515 839 620 873 super
639 838 678 861 eo
694 827 836 872 negotio
856 838 957 861 suum
976 826 1178 861 consuleret
1197 829 1379 865 rectorem,
1403 825 1513 859 sensit
1548 837 1649 859 orcus
1673 838 1679 859 ;
1712 826 1865 860 atrocius
1881 826 1973 861 inter
1986 826 2063 861 haec

430 888 603 923 insessum
636 899 776 928 vexare,
811 888 977 934 rugiens:
1004 903 1018 916 κ
1049 889 1125 934 jam
1156 887 1389 926 sacerdotem,
1417 885 1554 920 furvum
1586 886 1683 920 illum
1720 898 1763 921 ex
1790 891 1906 921 atrata
1934 889 2063 934 Ignatii

435 965 450 979 κ
472 950 602 998 familia
629 950 833 992 vulturium,
864 951 915 985 ire
935 951 1158 985 exturbatum
1187 961 1225 985 se
1245 961 1308 984 suo
1336 948 1512 983 domicilio
1533 949 1631 994 :J'am
1650 949 1693 983 de
1713 960 1776 983 suo
1801 949 1952 996 hospitio
1971 950 2064 986 hunc

435 1029 451 1042 ει
473 1013 564 1048 inter
583 1017 617 1048 et
649 1017 840 1059 presterem
874 1025 975 1047 suum
1007 1013 1165 1058 maligna
1191 1023 1269 1046 esse
1302 1011 1470 1045 consilia:
1504 1012 1643 1057 urijam
1665 1012 1802 1054 sejam,
1837 1024 1915 1058 quae
1947 1024 2064 1048 secum

436 1091 451 1105 a
473 1076 580 1111 ferret
604 1075 781 1117 sacerdos,
805 1079 839 1110 et
870 1075 971 1121 aquis
1003 1075 1071 1109 illis
1100 1078 1134 1110 et
1165 1074 1363 1109 simulacris
1391 1077 1425 1107 et
1451 1073 1561 1108 libris.
1587 1073 1895 1109 Circumstantium
1923 1075 2065 1110 interim

437 1155 451 1168 a
474 1139 608 1174 sciebat
626 1150 742 1179 nemo,
760 1138 878 1173 vocari
896 1138 1050 1184 aliquem
1065 1150 1083 1172 e
1099 1136 1268 1183 Collegio.
1297 1154 1311 1168 n
1333 1136 1467 1171 Deinde
1485 1137 1530 1171 ad
1551 1141 1776 1183 conspectum
1805 1138 1963 1184 Georgii,
1986 1150 2066 1173 con-

433 1202 565 1236 territis
585 1200 786 1248 spectaculo
803 1201 979 1235 cruciatus
1007 1204 1040 1235 et
1057 1199 1177 1246 rugitu
1196 1199 1341 1233 immani
1368 1203 1529 1233 vexatum
1557 1198 1737 1244 relinquit.
1767 1199 1902 1235 Amans
1930 1212 2068 1247 quoque

434 1265 546 1300 cultor
564 1264 629 1299 fuit
649 1263 827 1310 Georgius
842 1264 945 1298 Beati
965 1263 1134 1298 Stauislai
1151 1262 1292 1297 Kostka
1307 1275 1312 1296 :
1336 1261 1524 1308 diligenter
1538 1262 1643 1308 hujus
1659 1263 1867 1308 dignitatem
1886 1267 1920 1298 et
1935 1263 2064 1298 cultum

435 1327 577 1374 popu10,
610 1327 791 1373 juventuti
827 1327 977 1362 maxime
1013 1325 1248 1366 scholastica),
1283 1323 1551 1359 commendabat
1569 1338 1575 1365 ;
1612 1325 1724 1359 eidem
1755 1325 1995 1371 Brunsbergae
2030 1326 2065 1360 in

434 1390 564 1436 templo
576 1390 767 1424 domestico
780 1401 878 1424 aram
887 1401 992 1436 opere
1001 1389 1186 1436 magnifico
1198 1389 1403 1435 erigendam
1414 1390 1560 1424 curavit.
1577 1389 1694 1424 Obivit
1707 1402 1851 1424 munera
1866 1391 2042 1437 praecipue
2056 1403 2063 1425 z

434 1452 691 1488 concionatoris
714 1453 817 1488 annis
840 1453 922 1494 XV,
947 1452 1160 1488 missionarii
1171 1452 1361 1487 castrensis
1381 1464 1462 1487 uno.
1488 1452 1584 1486 Vixit
1598 1453 1658 1494 51,
1682 1453 1718 1487 in
1734 1452 1909 1488 Societate
1925 1465 1982 1488 an.
2002 1454 2064 1489 37.

485 1515 695 1550 Societatem
718 1527 831 1557 suam,
854 1527 957 1561 quam
989 1515 1166 1561 generalis
1194 1515 1363 1560 magister
1393 1526 1501 1549 annos
1529 1514 1601 1550 fere
1627 1515 1776 1560 triginta
1805 1515 1908 1557 rexit,
1931 1516 2066 1551 Mutius

436 1577 656 1618 Vitellescus,
675 1577 886 1624 praepositus
902 1589 922 1612 a
938 1578 1040 1612 beato
1061 1577 1202 1623 Ignatio
1222 1581 1354 1617 sextus,
1387 1588 1585 1622 supremum
1605 1577 1724 1611 valere
1735 1577 1855 1623 jussit,
1886 1577 2013 1612 Romae
2030 1578 2064 1612 V

437 1641 514 1675 idus
548 1640 759 1681 februarias,
783 1652 876 1675 anno
905 1640 1021 1675 aetatis
1042 1639 1196 1674 secundo
1229 1651 1337 1685 supra
1370 1640 1638 1685 octogesimum.
1673 1639 1812 1674 Laudes
1844 1640 1917 1673 cari
1947 1639 2066 1675 Patris

432 1702 593 1738 Andreas
607 1703 819 1738 Victorellus
834 1703 926 1749 apud
948 1703 1103 1738 Leonem
1117 1701 1286 1737 Allatium
1306 1702 1342 1735 in
1373 1704 1509 1745 Apibus
1544 1703 1704 1743 Urbanis,
1727 1701 1908 1736 Pontificis
1929 1703 1995 1737 hoc
2009 1714 2068 1737 no-

434 1766 527 1800 mine
551 1766 679 1806 octavi,
709 1766 775 1801 hoc
802 1765 918 1812 elogio
946 1765 1089 1811 collegit
1119 1766 1337 1811 praecipuas:
1368 1779 1383 1793 ⁴⁴
1406 1765 1447 1799 10
1478 1765 1543 1799 hoc
1574 1764 1801 1810 placidissimi
1831 1765 1964 1811 ingenii
1992 1765 2066 1800 viro

438 1844 453 1858 κ
476 1841 592 1864 mores
611 1829 792 1870 candidos,
823 1829 930 1864 vitam
961 1828 1186 1864 laudabiliter
1205 1832 1333 1869 actam,
1365 1827 1632 1867 humanitatem,
1655 1827 1834 1873 pietatem,
1857 1827 2064 1869 doctrinam,

439 1907 454 1921 a
477 1891 726 1937 eloquentiam,
744 1892 878 1926 variam
906 1891 1097 1926 multarum
1116 1903 1232 1925 rerum
1262 1891 1512 1937 coguitionem,
1545 1894 1579 1924 et
1607 1890 1641 1924 in
1670 1890 1774 1925 rebus
1793 1890 1942 1936 agendis
1962 1890 2068 1925 soler—

439 1969 454 1982 κ
477 1954 562 1988 tiam
581 1965 764 2000 agnoscas.
796 1954 834 1989 Si
854 1955 888 1988 in
916 1954 1055 1999 templis
1075 1953 1196 1988 divina
1216 1953 1383 1999 mysteria
1411 1956 1646 1998 perorantem,
1678 1953 1906 1998 hominesque
1926 1964 1946 1986 a
1973 1952 2066 1986 vitiis

440 2032 455 2046 α
477 2020 701 2052 revocantem
733 2020 767 2052 et
797 2017 841 2051 ad
863 2028 979 2052 rerum
1007 2015 1201 2051 coelestium
1221 2026 1377 2049 amorem
1398 2014 1687 2054 inflammantem,
1710 2014 1885 2055 audieris;
1915 2013 2065 2048 alterum

441 2094 456 2108 α
479 2079 576 2125 quasi
592 2079 818 2126 Cypffianum,
836 2082 896 2113 aut
911 2078 1143 2119 Bernardum,
1167 2081 1227 2112 aut
1246 2078 1535 2123 Chrysostomum
1552 2080 1585 2110 te
1606 2076 1741 2117 audire,
1760 2076 2066 2122 praestantissimae

442 2155 456 2169 ιι
480 2140 665 2175 Societatis
687 2141 768 2186 jure
795 2141 1036 2186 praepositum,
1066 2140 1295 2175 existimabis.
1335 2158 1349 2172 2-
1372 2139 1426 2174 Ad
1455 2139 1656 2185 eligendum
1685 2139 1852 2174 Societati
1879 2139 2065 2186 praesidem

439 2203 536 2237 missi
556 2203 707 2238 Romam
726 2215 770 2238 ex
786 2203 951 2237 Lituania
968 2203 1137 2238 Nicolaus
1158 2203 1340 2238 Lancicius
1355 2206 1390 2237 et
1405 2202 1617 2236 Benedictus
1643 2203 1685 2237 de
1701 2202 1807 2244 Soxo‚
1831 2214 1908 2237 cum
1929 2203 2066 2237 Joanne

439 2265 654 2301 Gruzevskio
686 2265 837 2312 praeside
868 2277 942 2300 suae
974 2266 1176 2311 provinciae.
1213 2265 1329 2299 Pinsci
1356 2275 1476 2298 mense
1503 2264 1640 2309 quintili
1668 2264 1788 2298 habita
1820 2264 2063 2311 congregatio.

440 2326 592 2362 Nesvisii
613 2327 718 2361 Mons
744 2327 939 2373 angelicuS,
970 2327 1082 2362 Beato
1110 2326 1277 2361 Michaeli
1306 2337 1418 2366 sacer,
1449 2337 1540 2360 anno
1577 2326 1681 2366 1644,
1704 2338 1766 2372 pro
1797 2338 1920 2361 novem
1949 2326 2064 2361 choris

439 2389 647 2435 angelorum
671 2390 878 2424 constructis
894 2401 1018 2425 novem
1034 2389 1172 2424 sacellis
1188 2388 1435 2429 circumdatus,
1450 2389 1538 2422 mira
1552 2400 1674 2434 nuper,
1688 2389 1822 2423 coelesti
1837 2389 1932 2423 haud
1947 2388 2062 2430 dubie,

440 2454 518 2487 luce
533 2452 662 2487 arsisse
676 2453 772 2486 visus
792 2465 797 2486 :
816 2453 850 2486 id
870 2453 963 2498 quod
978 2453 1070 2486 cives
1086 2451 1233 2498 aliquot,
1251 2450 1320 2485 fido
1339 2454 1420 2485 ante
1436 2451 1522 2485 alios
1543 2450 1654 2496 digni,
1666 2450 1778 2496 jurati
1797 2450 2060 2485 confirmarunt.

491 2515 559 2549 Per
579 2514 889 2560 congregationem
926 2514 1128 2560 generalem
1159 2517 1318 2548 octavam
1338 2513 1405 2547 VII
1438 2513 1514 2547 idus
1543 2513 1726 2559 januarias
1750 2512 1834 2547 anni
1857 2512 1950 2547 1646
1973 2512 2060 2547 invi-
