<?xml version="1.0" encoding="UTF-8"?>
<!DOCTYPE html PUBLIC "-//W3C//DTD XHTML 1.0 Transitional//EN"
    "http://www.w3.org/TR/xhtml1/DTD/xhtml1-transitional.dtd">
<html xmlns="http://www.w3.org/1999/xhtml" xml:lang="en" lang="en">
 <head>
  <title>
</title>
<meta http-equiv="Content-Type" content="text/html;charset=utf-8" />
  <meta name='ocr-system' content='tesseract 3.04.00' />
  <meta name='ocr-capabilities' content='ocr_page ocr_carea ocr_par ocr_line ocrx_word'/>
</head>
<body>
  <div class='ocr_page' id='page_1' title='image "./lituanicarumsoci00rost_0247.png"; bbox 0 0 2184 2953; ppageno 0'>
   <div class='ocr_carea' id='block_1_1' title="bbox 643 289 1749 329">
    <p class='ocr_par' dir='ltr' id='par_1_1' title="bbox 643 289 1749 329">
     <span class='ocr_line' id='line_1_1' title="bbox 643 289 1749 329; baseline -0.003 -8"><span class='ocrx_word' id='word_1_1' title='bbox 643 293 750 322; x_wconf 77' lang='lat' dir='ltr'>LIBER</span> <span class='ocrx_word' id='word_1_2' title='bbox 772 293 930 327; x_wconf 75' lang='lat' dir='ltr'><strong>QUINTUS</strong></span> <span class='ocrx_word' id='word_1_3' title='bbox 953 291 1164 329; x_wconf 71' lang='lat'>(1600-1610).</span> <span class='ocrx_word' id='word_1_4' title='bbox 1689 289 1749 319; x_wconf 82' lang='lat'>223</span> 
     </span>
    </p>
   </div>
   <div class='ocr_carea' id='block_1_2' title="bbox 133 380 1841 864">
    <p class='ocr_par' dir='ltr' id='par_1_2' title="bbox 133 380 1841 864">
     <span class='ocr_line' id='line_1_2' title="bbox 133 380 1841 431; baseline -0.002 -12"><span class='ocrx_word' id='word_1_5' title='bbox 133 386 217 420; x_wconf 88' lang='lat' dir='ltr'>tatis</span> <span class='ocrx_word' id='word_1_6' title='bbox 240 386 410 431; x_wconf 81' lang='lat' dir='ltr'>magister</span> <span class='ocrx_word' id='word_1_7' title='bbox 445 385 544 426; x_wconf 83' lang='lat' dir='ltr'>alibi,</span> <span class='ocrx_word' id='word_1_8' title='bbox 567 385 601 419; x_wconf 92' lang='lat' dir='ltr'>in</span> <span class='ocrx_word' id='word_1_9' title='bbox 629 384 722 419; x_wconf 91' lang='lat' dir='ltr'>omni</span> <span class='ocrx_word' id='word_1_10' title='bbox 754 394 897 418; x_wconf 82' lang='lat' dir='ltr'>munere</span> <span class='ocrx_word' id='word_1_11' title='bbox 917 394 978 417; x_wconf 84' lang='lat' dir='ltr'>suo</span> <span class='ocrx_word' id='word_1_12' title='bbox 1005 382 1058 416; x_wconf 87' lang='lat' dir='ltr'>vir</span> <span class='ocrx_word' id='word_1_13' title='bbox 1077 381 1316 416; x_wconf 75' lang='lat' dir='ltr'>sanctimoniae</span> <span class='ocrx_word' id='word_1_14' title='bbox 1331 381 1539 427; x_wconf 85' lang='lat' dir='ltr'>exemplum.</span> <span class='ocrx_word' id='word_1_15' title='bbox 1558 381 1623 416; x_wconf 89' lang='lat' dir='ltr'>Die</span> <span class='ocrx_word' id='word_1_16' title='bbox 1642 381 1685 415; x_wconf 89' lang='lat' dir='ltr'>B.</span> <span class='ocrx_word' id='word_1_17' title='bbox 1702 380 1747 414; x_wconf 83' lang='lat' dir='ltr'>V.</span> <span class='ocrx_word' id='word_1_18' title='bbox 1779 388 1841 415; x_wconf 82' lang='lat'>1610</span> 
     </span>
     <span class='ocr_line' id='line_1_3' title="bbox 135 443 1753 488; baseline -0.002 -9"><span class='ocrx_word' id='word_1_19' title='bbox 135 446 263 481; x_wconf 80' lang='lat' dir='ltr'>Mariae</span> <span class='ocrx_word' id='word_1_20' title='bbox 284 447 473 481; x_wconf 87' lang='lat' dir='ltr'>honoribus</span> <span class='ocrx_word' id='word_1_21' title='bbox 493 458 593 481; x_wconf 80' lang='lat' dir='ltr'>sacro</span> <span class='ocrx_word' id='word_1_22' title='bbox 610 446 658 480; x_wconf 85' lang='lat' dir='ltr'>IV</span> <span class='ocrx_word' id='word_1_23' title='bbox 679 457 789 481; x_wconf 83' lang='lat' dir='ltr'>nonas</span> <span class='ocrx_word' id='word_1_24' title='bbox 803 444 983 484; x_wconf 84' lang='lat' dir='ltr'>februarii,</span> <span class='ocrx_word' id='word_1_25' title='bbox 1006 455 1028 478; x_wconf 88' lang='lat' dir='ltr'>a</span> <span class='ocrx_word' id='word_1_26' title='bbox 1046 444 1217 478; x_wconf 81' lang='lat' dir='ltr'>sacrificio</span> <span class='ocrx_word' id='word_1_27' title='bbox 1226 443 1379 483; x_wconf 81' lang='lat' dir='ltr'>rediens,</span> <span class='ocrx_word' id='word_1_28' title='bbox 1397 443 1554 488; x_wconf 88' lang='lat' dir='ltr'>beneque</span> <span class='ocrx_word' id='word_1_29' title='bbox 1568 443 1682 477; x_wconf 83' lang='lat' dir='ltr'>adhuc</span> <span class='ocrx_word' id='word_1_30' title='bbox 1696 453 1753 476; x_wconf 84' lang='lat' dir='ltr'>va-</span> 
     </span>
     <span class='ocr_line' id='line_1_4' title="bbox 134 504 1753 555; baseline -0.004 -11"><span class='ocrx_word' id='word_1_31' title='bbox 134 510 222 550; x_wconf 88' lang='lat' dir='ltr'>lens,</span> <span class='ocrx_word' id='word_1_32' title='bbox 237 514 360 555; x_wconf 84' lang='lat' dir='ltr'>quarto</span> <span class='ocrx_word' id='word_1_33' title='bbox 377 522 413 544; x_wconf 79' lang='lat' dir='ltr'>se</span> <span class='ocrx_word' id='word_1_34' title='bbox 427 511 506 545; x_wconf 88' lang='lat' dir='ltr'>inde</span> <span class='ocrx_word' id='word_1_35' title='bbox 519 510 708 544; x_wconf 81' lang='lat' dir='ltr'>extinctum</span> <span class='ocrx_word' id='word_1_36' title='bbox 724 509 767 542; x_wconf 88' lang='lat' dir='ltr'>iri</span> <span class='ocrx_word' id='word_1_37' title='bbox 782 507 837 541; x_wconf 87' lang='lat' dir='ltr'>die</span> <span class='ocrx_word' id='word_1_38' title='bbox 853 507 965 542; x_wconf 84' lang='lat' dir='ltr'>Sociis</span> <span class='ocrx_word' id='word_1_39' title='bbox 981 505 1143 552; x_wconf 74' lang='lat' dir='ltr'>praedixit</span> <span class='ocrx_word' id='word_1_40' title='bbox 1157 518 1163 539; x_wconf 89' lang='lat'><strong>:</strong></span> <span class='ocrx_word' id='word_1_41' title='bbox 1182 505 1302 539; x_wconf 88' lang='lat' dir='ltr'>eodem</span> <span class='ocrx_word' id='word_1_42' title='bbox 1318 504 1490 539; x_wconf 80' lang='lat' dir='ltr'>extinctus</span> <span class='ocrx_word' id='word_1_43' title='bbox 1503 509 1566 545; x_wconf 87' lang='lat' dir='ltr'>est,</span> <span class='ocrx_word' id='word_1_44' title='bbox 1580 504 1753 538; x_wconf 84' lang='lat' dir='ltr'>canticum</span> 
     </span>
     <span class='ocr_line' id='line_1_5' title="bbox 136 565 1755 616; baseline -0.004 -10"><span class='ocrx_word' id='word_1_45' title='bbox 136 571 322 612; x_wconf 77' lang='lat' dir='ltr'>Simeonis,</span> <span class='ocrx_word' id='word_1_46' title='bbox 341 572 484 606; x_wconf 80' lang='lat' dir='ltr'>dissolvi</span> <span class='ocrx_word' id='word_1_47' title='bbox 517 570 699 616; x_wconf 83' lang='lat' dir='ltr'>cupientis,</span> <span class='ocrx_word' id='word_1_48' title='bbox 722 569 882 604; x_wconf 83' lang='lat' dir='ltr'>occinens</span> <span class='ocrx_word' id='word_1_49' title='bbox 908 582 914 603; x_wconf 90' lang='lat'>:</span> <span class='ocrx_word' id='word_1_50' title='bbox 934 569 1036 603; x_wconf 84' lang='lat' dir='ltr'>Nunc</span> <span class='ocrx_word' id='word_1_51' title='bbox 1069 566 1212 601; x_wconf 79' lang='lat' dir='ltr'>dimittis</span> <span class='ocrx_word' id='word_1_52' title='bbox 1244 577 1383 601; x_wconf 85' lang='lat' dir='ltr'>servum</span> <span class='ocrx_word' id='word_1_53' title='bbox 1405 569 1514 606; x_wconf 86' lang='lat' dir='ltr'>tuum,</span> <span class='ocrx_word' id='word_1_54' title='bbox 1537 566 1696 606; x_wconf 88' lang='lat' dir='ltr'>Domine,</span> <span class='ocrx_word' id='word_1_55' title='bbox 1720 565 1755 599; x_wconf 90' lang='lat' dir='ltr'>in</span> 
     </span>
     <span class='ocr_line' id='line_1_6' title="bbox 135 628 1754 679; baseline -0.004 -11"><span class='ocrx_word' id='word_1_56' title='bbox 135 645 232 679; x_wconf 82' lang='lat' dir='ltr'>pace.</span> <span class='ocrx_word' id='word_1_57' title='bbox 257 634 298 668; x_wconf 84' lang='lat' dir='ltr'>P.</span> <span class='ocrx_word' id='word_1_58' title='bbox 332 633 500 674; x_wconf 84' lang='lat' dir='ltr'>Adamus‚</span> <span class='ocrx_word' id='word_1_59' title='bbox 523 637 602 679; x_wconf 89' lang='lat' dir='ltr'>post</span> <span class='ocrx_word' id='word_1_60' title='bbox 622 632 795 678; x_wconf 80' lang='lat' dir='ltr'>publicam</span> <span class='ocrx_word' id='word_1_61' title='bbox 830 631 865 666; x_wconf 90' lang='lat' dir='ltr'>in</span> <span class='ocrx_word' id='word_1_62' title='bbox 890 631 1018 678; x_wconf 87' lang='lat' dir='ltr'>templo</span> <span class='ocrx_word' id='word_1_63' title='bbox 1055 629 1381 676; x_wconf 77' lang='lat' dir='ltr'>comprecationem,</span> <span class='ocrx_word' id='word_1_64' title='bbox 1416 629 1450 662; x_wconf 92' lang='lat' dir='ltr'>in</span> <span class='ocrx_word' id='word_1_65' title='bbox 1469 640 1536 674; x_wconf 80' lang='lat' dir='ltr'>qua</span> <span class='ocrx_word' id='word_1_66' title='bbox 1555 628 1628 674; x_wconf 84' lang='lat' dir='ltr'>ipse</span> <span class='ocrx_word' id='word_1_67' title='bbox 1647 632 1754 663; x_wconf 81' lang='lat' dir='ltr'>totum</span> 
     </span>
     <span class='ocr_line' id='line_1_7' title="bbox 137 689 1752 741; baseline -0.004 -12"><span class='ocrx_word' id='word_1_68' title='bbox 137 695 208 729; x_wconf 87' lang='lat' dir='ltr'>fere</span> <span class='ocrx_word' id='word_1_69' title='bbox 224 695 314 729; x_wconf 89' lang='lat' dir='ltr'>diem</span> <span class='ocrx_word' id='word_1_70' title='bbox 330 695 532 741; x_wconf 76' lang='lat' dir='ltr'>perduravit</span> <span class='ocrx_word' id='word_1_71' title='bbox 552 695 710 741; x_wconf 80' lang='lat' dir='ltr'>supplex,</span> <span class='ocrx_word' id='word_1_72' title='bbox 734 706 810 728; x_wconf 76' lang='lat' dir='ltr'>oum</span> <span class='ocrx_word' id='word_1_73' title='bbox 830 705 965 728; x_wconf 81' lang='lat' dir='ltr'>sacram</span> <span class='ocrx_word' id='word_1_74' title='bbox 980 692 1143 732; x_wconf 80' lang='lat' dir='ltr'>hostiam,</span> <span class='ocrx_word' id='word_1_75' title='bbox 1162 690 1289 736; x_wconf 87' lang='lat' dir='ltr'>populo</span> <span class='ocrx_word' id='word_1_76' title='bbox 1313 689 1522 735; x_wconf 80' lang='lat' dir='ltr'>supplicanti</span> <span class='ocrx_word' id='word_1_77' title='bbox 1546 690 1752 735; x_wconf 80' lang='lat' dir='ltr'>expositam,</span> 
     </span>
     <span class='ocr_line' id='line_1_8' title="bbox 138 751 1755 802; baseline -0.004 -11"><span class='ocrx_word' id='word_1_78' title='bbox 138 757 172 791; x_wconf 88' lang='lat' dir='ltr'>in</span> <span class='ocrx_word' id='word_1_79' title='bbox 199 756 390 791; x_wconf 78' lang='lat' dir='ltr'>sacrarium</span> <span class='ocrx_word' id='word_1_80' title='bbox 412 757 570 798; x_wconf 75' lang='lat' dir='ltr'>referret,</span> <span class='ocrx_word' id='word_1_81' title='bbox 593 756 716 791; x_wconf 83' lang='lat' dir='ltr'>solutis</span> <span class='ocrx_word' id='word_1_82' title='bbox 736 755 889 802; x_wconf 80' lang='lat' dir='ltr'>paralysi</span> <span class='ocrx_word' id='word_1_83' title='bbox 907 755 1037 793; x_wconf 81' lang='lat' dir='ltr'>nervis,</span> <span class='ocrx_word' id='word_1_84' title='bbox 1055 753 1159 788; x_wconf 86' lang='lat' dir='ltr'>trium</span> <span class='ocrx_word' id='word_1_85' title='bbox 1180 752 1341 786; x_wconf 79' lang='lat' dir='ltr'>horarum</span> <span class='ocrx_word' id='word_1_86' title='bbox 1363 751 1488 797; x_wconf 83' lang='lat' dir='ltr'>spatio,</span> <span class='ocrx_word' id='word_1_87' title='bbox 1510 763 1650 796; x_wconf 79' lang='lat' dir='ltr'>compos</span> <span class='ocrx_word' id='word_1_88' title='bbox 1669 752 1755 785; x_wconf 85' lang='lat' dir='ltr'>inte-</span> 
     </span>
     <span class='ocr_line' id='line_1_9' title="bbox 137 813 1756 864; baseline -0.003 -13"><span class='ocrx_word' id='word_1_89' title='bbox 137 817 200 851; x_wconf 82' lang='lat' dir='ltr'>rim</span> <span class='ocrx_word' id='word_1_90' title='bbox 219 817 357 858; x_wconf 80' lang='lat' dir='ltr'>mentis,</span> <span class='ocrx_word' id='word_1_91' title='bbox 379 818 513 864; x_wconf 88' lang='lat' dir='ltr'>riteque</span> <span class='ocrx_word' id='word_1_92' title='bbox 539 818 581 852; x_wconf 78' lang='lat' dir='ltr'>ad</span> <span class='ocrx_word' id='word_1_93' title='bbox 614 820 760 851; x_wconf 85' lang='lat' dir='ltr'>mortem</span> <span class='ocrx_word' id='word_1_94' title='bbox 779 820 1007 862; x_wconf 80' lang='lat' dir='ltr'>comparatus,</span> <span class='ocrx_word' id='word_1_95' title='bbox 1040 827 1082 850; x_wconf 82' lang='lat' dir='ltr'>ex</span> <span class='ocrx_word' id='word_1_96' title='bbox 1114 825 1257 849; x_wconf 84' lang='lat' dir='ltr'>numero</span> <span class='ocrx_word' id='word_1_97' title='bbox 1277 813 1466 847; x_wconf 83' lang='lat' dir='ltr'>viventium</span> <span class='ocrx_word' id='word_1_98' title='bbox 1499 813 1638 847; x_wconf 81' lang='lat' dir='ltr'>decidit.</span> <span class='ocrx_word' id='word_1_99' title='bbox 1673 813 1756 847; x_wconf 83' lang='lat' dir='ltr'>Fuit</span> 
     </span>
    </p>
   </div>
   <div class='ocr_carea' id='block_1_3' title="bbox 136 877 1754 987">
    <p class='ocr_par' dir='ltr' id='par_1_3' title="bbox 136 877 1754 987">
     <span class='ocr_line' id='line_1_10' title="bbox 137 877 1754 926; baseline -0.001 -13"><span class='ocrx_word' id='word_1_100' title='bbox 137 880 190 914; x_wconf 89' lang='lat' dir='ltr'>vir</span> <span class='ocrx_word' id='word_1_101' title='bbox 221 891 355 914; x_wconf 83' lang='lat' dir='ltr'>summa</span> <span class='ocrx_word' id='word_1_102' title='bbox 386 880 557 925; x_wconf 76' lang='lat' dir='ltr'>religione</span> <span class='ocrx_word' id='word_1_103' title='bbox 580 880 747 926; x_wconf 52' lang='lat' dir='ltr'>praeditus</span> <span class='ocrx_word' id='word_1_104' title='bbox 776 878 1017 924; x_wconf 78' lang='lat' dir='ltr'>:paupertatis</span> <span class='ocrx_word' id='word_1_105' title='bbox 1050 878 1211 919; x_wconf 79' lang='lat' dir='ltr'>maxime,</span> <span class='ocrx_word' id='word_1_106' title='bbox 1248 877 1426 912; x_wconf 69' lang='lat' dir='ltr'>modestiae</span> <span class='ocrx_word' id='word_1_107' title='bbox 1453 880 1487 911; x_wconf 87' lang='lat' dir='ltr'>et</span> <span class='ocrx_word' id='word_1_108' title='bbox 1513 877 1754 923; x_wconf 73' lang='lat' dir='ltr'>temperantiae</span> 
     </span>
     <span class='ocr_line' id='line_1_11' title="bbox 136 941 493 987; baseline 0 -12"><span class='ocrx_word' id='word_1_109' title='bbox 136 941 298 975; x_wconf 88' lang='lat' dir='ltr'>laudibus</span> <span class='ocrx_word' id='word_1_110' title='bbox 333 941 493 987; x_wconf 78' lang='lat' dir='ltr'>insignis.</span> 
     </span>
    </p>
   </div>
  </div>
 </body>
</html>
