2184 2953
633 291 739 320 LIBER
763 289 917 318 DECIMUS
937 286 1148 325 (inim-1664).
1673 285 1732 316 349

125 382 290 419 Immanis
313 381 494 427 utriusque
512 381 626 426 gentis
645 380 709 421 vis,
737 379 846 414 millia
864 390 934 413 non
952 378 1064 412 minus
1083 381 1251 418 trecenta,
1274 378 1394 422 iraque
1416 378 1489 422 jam
1515 378 1573 412 diu
1599 377 1732 412 inflam-

125 449 231 484 mata,
252 444 288 478 in
302 444 489 489 perniciem
509 442 721 477 Polonorum
741 442 871 487 pariter
886 440 1050 475 incubuit.
1075 439 1189 473 Causa
1204 438 1441 473 commovendi
1461 450 1557 473 arma
1577 439 1734 473 barbaris

126 505 222 541 nulla
240 505 304 539 fuit
313 505 431 551 justa3
454 504 738 550 praetendebatur
755 507 871 537 autem
899 501 1079 547 multiplex
1102 515 1106 534 :
1134 500 1258 546 religio
1278 501 1481 534 Graecorum
1501 500 1661 541 maxime,
1680 501 1735 546 qui

127 579 164 602 se
181 578 292 612 nuper
310 578 387 601 cum
407 566 565 600 Ecclesia
585 566 746 600 Romana
769 576 830 610 per
860 564 1029 610 synodum
1049 563 1258 597 Brestanam
1290 562 1563 608 conjunxissent.
1593 562 1739 607 Indigna

128 621 264 675 quidem
275 628 340 662 hoc
355 627 429 661 loco
449 628 600 661 barbara
615 627 675 661 illa
686 626 873 672 perduellis
888 624 1058 670 signiferi,
1076 625 1111 658 in
1126 636 1186 658 suo
1202 627 1293 658 coetu
1312 623 1445 663 habita,
1464 623 1587 663 oratio;
1601 623 1738 668 quando

128 696 244 725 tamen
274 690 366 724 facta
385 690 488 723 etiam
521 700 583 723 sua
614 688 777 722 immania
805 698 946 722 narrare
975 698 1042 720 non
1061 686 1169 732 piget,
1204 686 1294 720 hanc
1328 697 1462 731 quoque
1494 685 1640 720 recitare
1670 697 1738 720 non

128 752 257 799 pudeat
277 764 317 786 ex
342 752 527 786 annalibus
542 751 751 797 Vespasiani
770 749 988 784 Kochovskii
1003 748 1047 794 (1).
1186 744 1188 746 ’

182 832 197 846 α
221 818 296 851 Viri
330 816 486 856 tribules,
509 815 631 861 inquit,
665 814 802 855 videtis,
825 825 890 859 qno
906 824 966 858 per
985 812 1141 846 dominos
1156 815 1305 851 vestros,
1328 810 1494 848 Polonos,
1524 822 1580 844 res
1615 814 1740 845 vestrae
1765 820 1854 847 Causae

135 896 149 909 α
172 880 240 915 sint
254 879 329 914 loco
348 892 354 913 ε
373 878 574 913 interversis
593 876 753 911 videlicet
772 876 1011 922 episcoporum
1025 877 1130 919 atque
1147 873 1396 908 asceteriorum
1411 873 1643 918 patrimoniis,
1661 885 1742 907 con·
1767 859 1871 893 [falsae']

135 957 149 970 α
168 941 275 976 10111111
306 940 436 987 passim
468 944 600 973 vestros
632 938 827 977 antistites,
850 937 944 976 (lum,
971 935 1216 982 jurisdictione
1252 935 1427 980 spirituali
1460 939 1592 980 erepta,
1615 935 1745 968 instant

133 1018 147 1032 α
171 1004 267 1038 Uniti
286 1003 378 1037 ferro
397 1001 625 1048 adjugulum;
639 1004 699 1035 aut
717 1000 933 1034 Jcsuitaruni
949 997 1230 1037 missionariis,si
1249 1008 1316 1043 quo
1332 997 1446 1031 adhuc
1462 997 1497 1031 in
1527 997 1656 1042 angulo
1676 996 1745 1031 sin-

136 1081 150 1094 u
172 1077 252 1100 cera
287 1069 425 1111 patrum
458 1064 544 1098 fides
564 1067 731 1101 maneret,
754 1061 950 1107 improbata
976 1059 1222 1106 p1¹aejudiciose
1240 1058 1481 1093 inferentibus.
1515 1059 1658 1093 Interim
1686 1070 1748 1104 per

136 1142 151 1156 α
175 1127 392 1162 comitiorum
408 1137 565 1161 recessus
582 1124 674 1159 eludi
700 1128 761 1158 aut
787 1123 919 1157 differri
946 1121 1216 1167 supplicantium
1234 1132 1368 1167 preces,
1386 1120 1443 1155 vel
1462 1121 1535 1155 solo
1555 1121 1750 1155 schismatis

140 1204 155 1218 α
178 1189 278 1224 111010
311 1199 451 1224 exosas.
487 1188 566 1222 Jam
585 1198 667 1221 vero
687 1186 907 1221 obliteratum
934 1184 1067 1218 militiae
1100 1183 1369 1229 Zaporobiensis
1388 1183 1515 1224 decus;
1539 1183 1596 1217 ubi
1622 1182 1752 1216 bellum

139 1265 153 1280 α
177 1251 333 1297 ingruat,
364 1249 503 1284 obtrudi
531 1249 680 1283 Cosacos
708 1247 884 1293 periculis,
914 1245 1129 1291 mulcerique
1159 1245 1378 1291 profuturam
1404 1244 1529 1279 alienis
1561 1243 1751 1279 commodis

139 1327 153 1341 a
177 1311 415 1346 fortitudinem
430 1324 437 1352 3
454 1311 512 1344 ubi
532 1309 685 1344 defuncti
700 1308 867 1355 periculo,
891 1307 993 1342 vilem
1011 1307 1232 1352 sanguinem,
1254 1318 1294 1341 ac
1312 1310 1508 1352 postremos
1528 1305 1726 1340 mortalium
1744 1318 1751 1346 ;

138 1388 154 1402 α
176 1373 327 1408 censeri.
351 1372 451 1407 Nihil
464 1383 485 1406 a
500 1371 706 1417 quartianis,
723 1370 920 1416 legionibus
939 1368 1121 1414 polonicis,
1144 1368 1325 1410 omissum,
1352 1368 1472 1403 hostili
1490 1367 1599 1402 veluti
1614 1367 1648 1401 in
1665 1366 1751 1407 solo,

140 1449 154 1464 a
181 1435 345 1476 licentiae;
364 1434 452 1469 nibil
470 1434 679 1468 intentatum
698 1433 738 1467 ab
770 1432 863 1467 heris
883 1431 1051 1472 saevitiae;
1074 1431 1132 1476 qui
1152 1442 1289 1466 omnem
1306 1430 1434 1465 furoris
1454 1430 1508 1465 sui
1534 1430 1698 1476 impetum
1719 1429 1755 1463 in

139 1512 154 1526 α
178 1498 291 1543 capita
319 1497 554 1531 innocentium
583 1494 897 1540 consumpsissent3
921 1494 955 1527 in
979 1492 1197 1527 insimulatos
1217 1493 1447 1527 contumaciae
1467 1492 1656 1526 immittunt
1674 1502 1754 1525 suas

140 1574 155 1588 α
177 1561 350 1601 cohortes,
373 1571 393 1594 a
412 1559 536 1605 quibus
555 1558 762 1604 quandoque
781 1557 918 1601 integra
937 1555 1126 1600 municipia
1141 1555 1299 1600 stirpitus
1315 1554 1575 1589 exscindantur.
1594 1553 1752 1599 Denique

141 1636 155 1650 α
182 1622 424 1668 abjectissima-<e
438 1621 596 1656 servituti
610 1631 680 1654 non
695 1631 773 1653 esse
788 1618 926 1652 modurn
939 1630 946 1657 ;
960 1628 1063 1662 quam
1079 1617 1235 1650 rccutitae
1249 1617 1364 1662 gentis
1379 1616 1538 1651 Judaicae
1558 1616 1748 1650 dominatio

143 1699 157 1713 α
180 1684 486 1718 intolerabiliorem
505 1682 646 1717 faceret.
670 1681 714 1715 Et
732 1681 821 1719 haec,
840 1684 876 1714 ut
895 1679 1031 1725 publice
1062 1679 1256 1723 tangentia,
1277 1679 1306 1712 si
1332 1679 1397 1712 viri
1417 1678 1500 1712 estis
1514 1707 1521 1719 ,
1540 1678 1703 1712 excutite.
1729 1694 1744 1708 99

140 1746 228 1780 Tum
248 1746 291 1779 de
305 1746 389 1785 suis,
408 1745 507 1791 quasi
525 1756 595 1778 non
621 1755 683 1778 suo
710 1746 888 1788 pateretur
919 1741 1055 1780 merite,
1085 1741 1320 1785 queribundus
1349 1739 1497 1786 injuriis,
1519 1739 1678 1774 viderent
1697 1749 1748 1778 se,

140 1807 304 1853 postulat,
323 1819 362 1841 ac
377 1807 429 1841 sui
446 1806 706 1841 misererentur.
728 1819 742 1832 ec
762 1802 1070 1848 Zaporovicnsium
1085 1802 1272 1843 notarium,
1296 1806 1347 1836 tot
1362 1801 1536 1847 stipendia
1555 1800 1750 1839 emeritum,

145 1886 159 1899 κ
181 1870 398 1905 barbaricam
416 1869 651 1915 captivitatem
670 1878 886 1913 perpessum,
913 1865 993 1898 dum
1013 1864 1098 1898 rude
1126 1864 1250 1897 donari
1265 1868 1437 1909 expectat,
1458 1863 1592 1898 nullum
1620 1863 1664 1896 ob
1683 1874 1753 1897 sce-

145 1946 159 1960 κ
182 1932 248 1971 lus,
269 1932 336 1966 nisi
364 1932 455 1977 quod
478 1931 602 1965 saevire
630 1928 789 1975 tyrannis
809 1927 934 1972 volupe
961 1926 1017 1965 sit,
1052 1924 1252 1971 periclitari.
1286 1924 1446 1959 Occisum
1471 1925 1537 1959 sibi
1568 1923 1756 1959 crudeliter

146 2008 160 2022 α
183 1993 293 2027 filium
328 2006 334 2027 :
374 1993 560 2027 abductam
586 1992 618 2025 vi
649 2002 792 2025 uxorem
815 1992 997 2034 :ereptum
1024 1987 1286 2032 patrimonium,
1322 1998 1365 2021 ne
1403 1998 1490 2032 equo
1523 1986 1662 2032 quidem
1689 1998 1756 2032 quo

147 2070 161 2084 α
185 2058 332 2089 mereret
346 2055 481 2094 relicto,
503 2054 690 2088 novissime
709 2051 919 2086 destinatam
946 2048 1049 2083 morti
1069 2048 1247 2082 victimam
1266 2048 1389 2093 quaeri.
1412 2049 1534 2094 Neque
1553 2047 1648 2082 aliud
1664 2059 1755 2082 eme-

147 2131 161 2145 u
184 2117 249 2150 rito
268 2116 380 2156 militi,
402 2120 480 2161 post
498 2115 676 2161 profusum
704 2113 923 2159 sanguinem,
945 2114 979 2145 01
998 2110 1152 2144 lacerum
1182 2121 1242 2155 per
1275 2110 1422 2144 vulnera
1448 2121 1586 2155 corpus⁵
1624 2113 1757 2145 restare

149 2193 163 2207 u
185 2178 346 2224 amplius,
377 2178 443 2211 nisi
468 2182 506 2211 ut
537 2177 622 2212 salso
655 2175 836 2211 seditionis
866 2173 1010 2208 crimine
1029 2172 1092 2206 sub
1112 2171 1286 2205 carnificis
1306 2181 1411 2204 manu
1442 2170 1624 2205 moriatur.
1660 2171 1758 2205 Prae-

149 2256 164 2270 α
181 2241 351 2286 judiciose
386 2240 445 2285 agi
473 2251 602 2279 secum,
634 2244 679 2280 et,
713 2242 896 2284 postquam
914 2236 949 2269 in
977 2245 1039 2268 suo
1071 2233 1185 2279 capite
1219 2232 1440 2278 processerit,
1474 2232 1618 2266 exitium
1645 2231 1757 2265 immi-

150 2318 165 2332 α
184 2314 267 2338 11010
299 2302 482 2337 universis.
521 2319 536 2333 υ

196 2365 248 2399 En
276 2364 525 2410 perduellionis
552 2368 586 2398 et
608 2363 799 2396 facinorum
830 2364 881 2395 tot
898 2364 969 2394 tam
988 2357 1190 2392 immanium
1217 2367 1341 2391 causas
1369 2369 1374 2390 z
1400 2356 1485 2390 viles
1509 2368 1586 2391 esse
1614 2356 1758 2390 Polonis

149 2427 358 2462 Cosacorum
384 2426 516 2460 animas
545 2438 551 2459 1
588 2424 848 2470 Zaporovianos
875 2420 1038 2467 periculis
1072 2419 1174 2465 objici
1205 2419 1240 2452 in
1271 2418 1452 2452 Poloniam
1478 2417 1722 2463 ingruentibus
1747 2430 1753 2451 z

188 2496 227 2532 (1)
257 2497 317 2524 Lib.
336 2497 362 2524 1.
381 2495 542 2530 Climact.l,
560 2502 624 2532 pag.
645 2494 692 2522 ⁶25.
