2184 2953
733 286 844 315 LIBER
868 285 987 313 NONUS
1011 283 1220 321 (imo-1650).
1668 274 1727 306 347

85 378 91 387 ⁸
115 377 219 423 hujus
236 377 403 412 nostratis
417 378 542 412 Romae
561 378 594 412 in
614 378 800 424 pontificiis
819 378 924 413 etiam
943 377 1037 411 odeis
1056 375 1282 410 canebantur.
1307 373 1375 406 Pro
1391 370 1527 416 scriptis
1555 367 1724 416 ejusmodi
1756 372 1818 398 1650

115 439 249 474 oblatos
264 439 329 473 sibi
348 452 505 474 nummos
520 452 686 475 concessu
706 440 893 486 przesidum
912 439 944 473 in
965 449 1134 484 pauperes
1154 434 1380 470 scholasticos
1401 443 1590 478 eorumque
1616 430 1725 465 domi-

115 502 231 537 cilium
250 502 488 547 Brunsbergae
514 503 760 548 reparandum,
789 502 871 536 olim
890 513 910 536 a
940 500 1060 535 Suecis
1092 499 1255 538 dirutum,
1289 496 1470 542 erogabat.
1503 493 1724 540 Paupertatis
1754 505 1897 551 Pauperta-

114 563 298 608 religiosus
317 567 464 604 amator,
498 563 629 598 nullum
657 575 809 609 unquam
834 563 966 608 accepit
994 559 1248 598 munusculum
1271 557 1363 604 quod
1384 569 1453 591 non
1473 556 1638 602 praesides
1657 555 1724 600 ipsi
1753 548 1788 572 ‘⁰¹⁵
1802 553 1881 572 amor.

115 625 348 671 accipiendum
368 626 575 667 suaderent3
594 637 704 672 neque
723 626 868 660 mutavit
898 628 1042 664 vestem,
1077 623 1143 657 nisi
1166 622 1319 656 laceram
1347 619 1468 654 attrita
1499 630 1563 652 usu
1589 618 1722 663 longo;

114 698 226 732 neque
246 687 358 721 cibum
378 673 538 733 potumve
557 688 711 733 gustavit
737 699 806 722 non
835 699 896 721 suo
926 686 1065 733 prandii
1096 688 1157 719 aut
1189 695 1300 718 coen-ae
1331 686 1501 727 tempore,
1523 691 1616 725 saepe
1634 682 1725 714 totos

114 749 188 783 dies
213 749 356 795 jejunus
385 752 418 783 et
448 749 572 789 siccus.
607 749 720 783 Homo
747 752 860 784 mente
890 760 1026 795 semper
1055 746 1268 793 tranquilla:
1300 748 1439 784 natura,
1461 741 1723 780 consuetudine,
1753 755 1860 789 Tempe-

114 810 297 856 disciplina
316 811 617 846 mansuetissimus
637 823 644 851 ;
662 812 777 846 omnia
792 823 860 846 non
878 811 959 845 forti
977 814 1112 845 tantum
1131 809 1191 844 sed
1210 808 1315 843 hilari
1332 807 1438 842 etiam
1465 805 1576 840 animo
1595 804 1722 843 ferens,
1751 798 1845 823 tantia.

114 872 148 906 in
167 872 235 906 iliis
259 873 362 907 etiam
381 872 558 906 doloribus
577 873 748 913 maximis,
770 885 846 907 cum
865 873 901 907 in
915 873 1038 907 itinere
1068 874 1227 917 raptatus
1254 882 1331 904 cum
1358 879 1479 903 everso
1503 878 1607 901 curru
1630 865 1726 910 equis
1751 878 1895 905 Patientia.

115 935 243 969 tabano
261 935 469 975 concitatis;
508 934 761 980 confractisque
796 935 944 974 ossibus,
976 935 1219 979 chirurgorum
1249 932 1434 970 sectiones,
1461 929 1610 974 scalpra,
1643 928 1727 962 lem-

116 996 244 1036 niscos,
282 996 420 1041 aliaque
455 996 618 1030 horrifica
649 996 707 1030 diu
738 997 934 1031 sustineret.
971 996 1036 1030 [lla
1072 998 1170 1030 tanta
1196 998 1267 1028 tam
1287 993 1452 1027 diuturna
1477 990 1649 1025 acerbitas
1684 1000 1728 1023 ne

118 1057 284 1103 gemitum
300 1057 436 1103 quidem
452 1069 495 1092 ex
513 1058 628 1092 animo
647 1058 712 1092 viri
731 1059 912 1104 expressit.
936 1058 1020 1092 Post
1038 1057 1157 1103 plures
1178 1056 1258 1090 inde
1294 1066 1404 1090 annos
1435 1064 1527 1099 aqua
1558 1052 1728 1086 intercute

118 1119 307 1153 suffocatus
325 1123 388 1154 est.
412 1120 559 1154 Praefuit
577 1119 732 1165 Collegio
751 1120 972 1155 alumnorum
992 1119 1178 1154 Pontificio
1197 1129 1306 1153 annos
1325 1128 1399 1158 sex,
1418 1115 1546 1151 scholis
1562 1114 1726 1160 quinque,

117 1181 229 1217 Sociis
247 1182 414 1227 magister
428 1181 570 1228 spiritus
586 1193 756 1217 novenos.

596 1777 1395 1804 erwf-‹Qeffl*QQN——
