2184 2953
431 296 491 329 402
1145 294 1379 326 APPENDICES.

481 391 523 426 P.
547 387 758 425 Franciscus
788 387 926 423 Sunner
956 385 1095 421 nuntiat
1126 385 1297 421 cardinali
1326 385 1451 428 Hosio,
1473 386 1699 422 scholasticos
1726 388 1874 434 juvenes
1897 388 2055 424 Kostkas

429 447 552 493 fugere
583 444 824 490 Brunsberga‚
847 445 941 478 metu
967 442 1189 489 pestilentiae.
1213 441 1357 481 Suadet,
1374 441 1535 488 juvenes,
1558 454 1644 488 quos
1676 443 1869 489 sumptibus
1888 445 1960 480 suis
1979 456 2054 480 car-

432 502 559 538 dinalis
591 501 711 542 aleret,
732 500 800 535 alio
834 503 931 534 curet
961 498 1235 534 transferendos.
1260 497 1394 532 Mentio
1427 498 1600 533 Bernardi
1631 500 1806 540 monachi,
1838 501 1895 546 qui
1926 501 2054 537 restitit

432 558 686 604 Brunsbergae,
707 560 786 603 post
803 555 935 591 abitum
956 565 1097 589 suorum
1117 553 1301 589 sodalium.

485 613 589 650 1567.
621 613 663 648 P.
698 612 937 658 Hieronymus
968 609 1109 645 Natalis
1144 610 1240 645 card.
1275 608 1398 644 Hosio.
1432 609 1587 645 Excusat
1621 609 1822 645 tarditatem
1858 610 2055 645 litterarum

433 681 600 706 suarum:
639 668 782 715 negotia
808 666 969 714 quaedam
987 665 1209 712 Augustana,
1235 665 1515 712 Herbipolitana‚
1538 665 1729 712 Spirensia‚
1753 666 1928 702 Rhenana
1963 676 2054 701 com-

431 729 615 762 memorat.

481 784 524 819 P.
545 784 703 819 ‚Joannes
732 779 888 816 Polanus
914 777 1009 813 card.
1032 777 1180 813 Hosium
1203 780 1320 823 rogat,
1340 776 1430 811 bene
1457 775 1507 810 uti
1538 775 1709 817 consulat,
1732 774 1825 822 quod
1852 775 1895 810 P.
1926 775 2054 811 Petrus

432 839 532 875 Phae
558 837 785 881 Brunsberga
804 833 1025 880 Herbipolim
1040 834 1284 870 transferatur.
1309 833 1460 868 Nuntiat
1475 832 1686 867 Torrensem
1714 835 1896 878 acceptum
1923 842 2000 867 esse
2018 832 2052 866 in

431 895 651 934 Societatem,
672 901 819 937 eumque
836 889 970 924 laudat.

480 950 621 986 Cardin.
645 947 776 983 Hosius
794 946 986 981 Benedicto
1010 946 1199 987 Herbesto‚
1222 945 1389 992 cogitanti
1409 948 1443 980 et
1461 945 1657 980 consulenti
1680 945 1722 980 de
1737 946 1915 992 proposito
1934 945 1997 981 sibi
2019 945 2055 980 in

435 1007 611 1043 Societate
642 1005 725 1040 vitae
759 1003 934 1038 instituto.
953 1022 1000 1028 —
1021 1003 1118 1038 Idem
1149 1003 1193 1037 ad
1213 1003 1254 1038 P.
1278 1001 1464 1037 Polanum.
1499 1001 1677 1042 Queritur,
1715 1001 1807 1047 quod
1829 1001 1871 1036 P.
1898 1001 2051 1044 Natalis,

429 1067 467 1099 ut
485 1061 705 1108 Herbipolim
725 1063 838 1100 ornet,
858 1058 1145 1105 Brunsbergensi
1165 1058 1323 1104 Collegio
1343 1057 1437 1092 viros
1456 1056 1601 1092 idoneos
1621 1056 1803 1092 subducat.

482 1119 585 1156 1568.
611 1116 714 1153 Card.
737 1115 870 1151 Hosius
884 1115 929 1149 ad
944 1116 964 1150 J
969 1126 1049 1150 oan.
1070 1114 1285 1150 Demetrium
1302 1112 1578 1152 Solikovskium,
1600 1112 1828 1148 secretarium
1847 1112 1995 1159 regium,
2012 1112 2056 1148 de

430 1175 575 1211 Merlini
601 1171 759 1208 haeretici
785 1170 992 1206 ferocitate:
1020 1170 1062 1206 de
1093 1169 1306 1211 Sebastiam,
1337 1169 1484 1204 satanici
1518 1168 1705 1216 praeconis,
1726 1168 1977 1216 blasphemiis:
2012 1168 2054 1205 de

429 1231 539 1267 Sociis
558 1229 722 1274 Elbingae
742 1238 853 1274 nuper
873 1226 1063 1262 collocatis.

480 1284 700 1332 Sigismundi
734 1283 888 1329 Augusti
922 1283 1018 1329 regis
1052 1282 1097 1317 ad
1130 1281 1377 1327 Elbingenses.
1413 1281 1520 1317 Jubet
1554 1281 1813 1322 Sebastianum,
1850 1280 2053 1316 haereticum

428 1343 638 1382 ministrum,
662 1351 705 1375 ex
723 1339 809 1374 urbe
831 1338 919 1385 ejici.
951 1339 997 1374 Et
1014 1338 1126 1374 altera
1153 1338 1301 1384 epistola
1320 1338 1355 1372 in
1374 1337 1477 1372 simili
1495 1341 1704 1383 argumento
1727 1348 1786 1372 an.
1812 1336 1916 1372 1569.
1948 1335 2051 1371 Card.

429 1399 562 1435 Hosius
577 1396 623 1432 ad
642 1397 684 1432 P.
707 1396 814 1431 Laur.
836 1394 997 1441 Magium
1012 1395 1054 1430 de
1073 1395 1301 1437 Lutheranis‚
1324 1394 1410 1429 actis
1435 1393 1722 1440 ElbingensibuS‚
1746 1392 1900 1428 Saxonia
1927 1391 1970 1427 ad
1988 1392 2054 1427 Ec-

429 1456 571 1492 clesiam
602 1453 815 1490 revocanda.
837 1474 884 1478 —
904 1452 1072 1499 Ejusdem
1100 1452 1145 1503 ad
1177 1453 1216 1487 P.
1236 1452 1490 1491 Salmeronem‚
1524 1449 1761 1496 gratulantem
1790 1448 1855 1484 sibi
1885 1448 2055 1483 cardinali

429 1513 473 1548 de
490 1523 634 1547 munere
652 1509 906 1557 poenitentiarii
930 1508 1095 1550 Romani,
1119 1508 1267 1554 epistola
1286 1507 1390 1554 plena
1408 1506 1626 1553 eutrapeliae.

483 1568 588 1604 1569.
610 1567 651 1602 P.
674 1566 840 1601 Laurent.
859 1564 1003 1610 Magius
1019 1564 1062 1599 ad
1078 1564 1307 1599 Valerianum
1323 1564 1522 1610 episcopum
1536 1562 1750 1597 Vilnensem.
1767 1561 2054 1597 Benevolentiam

428 1625 594 1662 antistitis
611 1623 747 1658 laudat.
770 1622 961 1668 Negotium
990 1621 1033 1656 (le
1062 1621 1173 1656 Sociis
1193 1621 1334 1656 Vilnam
1365 1619 1544 1655 mittendis
1570 1618 1893 1654 commendaturum
1925 1629 1962 1653 se
1993 1629 2056 1653 suo

427 1681 624 1729 Praeposito
644 1678 808 1715 Generali
826 1677 1022 1725 pollicetur.

480 1738 517 1774 S.
539 1735 719 1772 Francisci
746 1735 891 1780 Borgiae
909 1733 955 1768 ad
974 1732 1201 1768 Valerianum
1222 1732 1329 1778 episc
1351 1732 1446 1767 Viln.
1469 1731 1673 1778 accipientis
1700 1731 1855 1767 oblatum
1875 1732 2003 1767 donum
2020 1731 2056 1766 in

431 1793 612 1830 condendo
630 1791 748 1826 Vilnae
764 1789 923 1836 Collegio
943 1802 949 1823 :
971 1788 1130 1836 epistolae
1150 1788 1242 1823 duae.

482 1849 587 1884 1570.
610 1848 652 1882 P.
688 1845 831 1892 Magius
856 1845 1012 1880 Martino
1040 1845 1218 1885 Cromero,
1249 1844 1417 1879 canonico
1449 1844 1663 1886 Varmiensi,
1694 1849 1828 1887 narrat,
1859 1856 1895 1880 se
1922 1845 2058 1881 venisse

431 1903 631 1939 Pultoviam
658 1915 664 1937 :
703 1902 747 1936 ab
783 1901 946 1948 episcopo
981 1900 1143 1936 Vilnensi
1178 1900 1297 1934 vocari
1333 1900 1474 1935 Vilnam
1504 1912 1511 1935 :
1550 1900 1647 1935 illinc
1680 1901 1916 1946 profecturum
1953 1914 1990 1937 se
2025 1903 2060 1937 in

431 1960 624 1996 Prussiam.
641 1979 688 1984 ——
706 1958 802 1992 Idem
821 1957 991 1992 cardinali
1010 1957 1120 1992 Hosio
1139 1956 1290 1997 nuntiat,
1313 1956 1558 1992 haereticorum
1577 1956 1758 1991 audaciam
1775 1956 1904 2004 frangi.
1922 1958 2061 1993 Laudat

431 2016 632 2063 episcopum
650 2013 856 2048 Vilnensem
874 2012 1103 2048 Valerianum

479 2071 521 2106 P.
543 2069 743 2105 Everardus
759 2069 1019 2107 Mercurianus.
1035 2069 1194 2118 Praepos.
1214 2069 1410 2113 Generalis,
1430 2070 1563 2117 gratias
1586 2070 1661 2117 agit
1675 2070 1838 2119 episcopo
1854 2069 2055 2111 Valeriano,

431 2126 604 2164 conditori
623 2125 772 2171 Collegii
789 2124 981 2160 Vilnensis.

968 2240 1057 2283 AD
1110 2240 1417 2284 MERUM
1470 2240 1536 2284 ΙΙ.

486 2354 590 2390 1572.
617 2351 776 2398 Epistola
800 2351 897 2386 card.
916 2350 1017 2385 Hosii
1031 2350 1076 2384 ad
1091 2350 1133 2385 P.
1153 2350 1322 2385 Laurent.
1345 2350 1515 2395 Magium.
1539 2350 1711 2387 Hortatur
1726 2352 1859 2394 Socios,
1880 2364 1924 2388 ne
1943 2353 2057 2388 minus

432 2411 594 2447 laborent
611 2410 646 2444 in
666 2409 871 2444 revocandis
885 2408 931 2442 ad
951 2407 1134 2443 ecclesiam
1149 2407 1359 2449 Saxonibus,
1378 2419 1481 2453 quam
1499 2408 1535 2442 in
1549 2409 1794 2444 convertendis
1811 2409 1918 2445 Indis.
1935 2411 2057 2445 Memi-

431 2469 483 2504 nit
502 2466 670 2507 Cromeri‚
692 2466 744 2501 sui
759 2466 792 2500 in
813 2464 1000 2511 episcopali
1016 2475 1160 2499 munere
1179 2463 1403 2510 coadjutoris.
1418 2464 1470 2499 De
1485 2464 1619 2500 Davide
1634 2465 1811 2512 Chytraeo‚
1829 2465 2053 2508 Schmidelio‚

431 2523 721 2571 Elbingensibus,
743 2522 891 2567 aliisque
910 2520 1100 2556 haereticis.
