2184 2953
291 409 354 437 1622

346 576 379 602 15

289 616 419 652 Josaphat
443 651 445 653 Ι

289 657 419 690 archiepis
426 669 435 673 -

289 697 345 730 copi
353 696 436 722 coedes

290 736 415 762 Vitebsci.

288 834 376 893 gausa
388 843 434 861 cae-

307 876 337 894 is.

286 2031 411 2057 Immani-

287 2073 329 2096 tas
350 2071 431 2103 parri-

286 2107 414 2132 cidarum.

465 302 527 334 274
855 306 1131 336 LITUANICARUM
1155 305 1368 341 SOClETATIS
1388 305 1472 334 JESU
1497 304 1747 334 HISTORIARUM

458 397 541 443 jure
559 409 621 432 suo
641 398 706 433 sibi
724 399 915 434 vindicant.
938 400 1014 434 Nos
1041 399 1098 433 hic
1125 398 1168 434 de
1195 399 1291 434 caede
1323 399 1399 445 ipsa
1427 399 1518 433 beati
1538 399 1676 445 patroni
1695 399 1820 440 nostri,
1842 399 1900 445 qui
1920 399 2090 434 Societati

465 460 690 495 tribuendum
708 465 846 507 putaret
864 466 1012 503 tantum,
1044 466 1081 496 ut
1109 461 1308 496 dictitaret:
1338 473 1415 496 eum
1435 473 1454 496 e
1472 473 1615 496 numero
1648 461 1838 496 electorum
1866 461 1913 495 ad
1939 461 2089 507 gloriam

465 524 712 570 sempiternam
736 536 805 559 non
824 535 914 563 esse,
937 523 995 569 qui
1013 523 1219 569 religiosum
1241 523 1426 558 Societatis
1445 524 1465 558 J
1471 535 1533 558 esu
1553 523 1722 558 Ordinem
1741 536 1810 559 non
1832 527 1980 559 amaret.

511 587 686 628 Rutenos,
702 587 777 633 jam
795 587 853 621 diu
869 586 1057 632 graecanici
1076 586 1272 621 schismatis
1292 587 1470 621 erroribus
1492 587 1692 633 implicitos,
1714 598 1734 621 a
1757 587 1940 622 Brestensi
1955 586 2088 634 synodo

463 649 517 695 (de
544 660 612 696 qua
638 649 728 683 libro
757 649 806 683 IV
825 648 1055 694 narravimus)
1083 648 1118 682 in
1144 648 1352 694 religionem
1379 648 1587 683 catholicam
1618 649 1698 683 inde
1725 649 1920 694 proniores,
1941 659 2089 683 accenso

463 712 578 746 studio
597 711 944 750 salutis,revocatum
961 710 1033 744 ibat
1052 711 1096 745 ad
1115 710 1314 745 Romanam
1334 710 1531 746 Ecclesiam
1549 714 1631 745 ante
1649 710 1738 744 alios
1753 711 1819 745 iste
1846 710 2089 745 Polocensiuni

461 774 623 809 antistes.
646 773 729 808 Pios
749 772 1001 818 archiepiscopi
1016 777 1174 814 conatuS,
1197 778 1231 808 et
1250 773 1542 808 consentientium
1562 773 1654 807 bona
1673 773 1831 813 consilia,
1851 773 2028 813 photiani,
2046 785 2090 808 ex

459 837 557 871 omni
577 836 717 871 Graecia
747 835 870 875 coorti,
893 835 926 869 vi
946 835 1041 869 omni
1069 839 1102 870 et
1129 836 1251 870 fraude
1271 836 1466 881 infringere
1484 847 1524 869 ac
1543 834 1716 881 dissipare
1743 835 2016 870 contendebant.
2038 835 2090 870 Ea

462 902 604 945 propter
621 898 671 932 illi
695 897 887 944 Kijoviam,
905 896 940 930 in
960 897 1174 943 praecipuam
1190 897 1332 932 Russiae
1347 898 1583 939 urbem‚suum
1606 897 1962 943 Hierosolymitanum
1987 910 2089 944 pseu-

458 959 742 1006 -dopatriarcham
773 957 993 1004 delegarunt.
1016 958 1132 1003 Atque
1165 959 1326 994 effectum
1357 960 1484 1005 graecis
1513 960 1662 1001 artibus,
1684 964 1722 995 ut
1750 960 1785 994 in
1811 960 1916 1007 hujus
1942 960 2090 996 advenae

462 1024 687 1064 sententiam,
702 1024 762 1069 jus
789 1035 830 1057 ac
863 1022 1029 1057 ditionem
1061 1021 1284 1068 Kijovienses
1317 1021 1562 1057 concederent.
1595 1022 1662 1057 Hic
1693 1022 1765 1063 ille,
1788 1022 1959 1058 collocata
1990 1022 2086 1064 sede,

462 1090 659 1132 exaugurat
675 1085 711 1119 in
731 1084 851 1131 primis
871 1088 1004 1130 septem
1019 1084 1200 1130 episcopos
1215 1083 1273 1129 qui
1292 1083 1454 1118 Romano
1469 1088 1634 1129 parerent
1649 1085 1824 1126 Pontifici,
1843 1085 1921 1120 aliis
1941 1097 2004 1121 sua
2021 1097 2089 1132 qua

460 1148 578 1183 nescio
595 1151 768 1193 potestate
783 1146 993 1180 substitutis.
1009 1145 1094 1179 Cum
1109 1145 1163 1179 his
1183 1145 1258 1190 ipse
1272 1145 1485 1191 permiscere
1504 1146 1671 1180 Russiam
1691 1159 1697 1180 :
1722 1146 1941 1182 inflammare
1956 1147 2091 1183 animos

461 1222 603 1246 suorum
620 1211 656 1244 in
675 1209 989 1254 catholicos,atque
1010 1208 1098 1242 adeo
1117 1206 1159 1241 ad
1172 1206 1414 1242 crudelitatem
1432 1210 1775 1256 acuere.Concepere
1794 1210 1895 1245 facile
1913 1211 2089 1245 flammam

461 1274 617 1309 civitates
633 1271 804 1312 finitimae,
822 1271 912 1305 inter
927 1281 988 1305 eas
1002 1269 1204 1309 Vitebscia;
1227 1269 1262 1303 in
1278 1280 1343 1315 qua
1358 1269 1468 1305 altero
1484 1271 1565 1306 inde
1579 1283 1672 1306 anno
1688 1272 1932 1318 importunitas
1947 1273 2089 1308 sceleris

459 1335 608 1370 inauditi
644 1334 788 1369 exarsit.
810 1332 989 1368 Sollicitus
1020 1332 1063 1367 de
1094 1331 1215 1378 gregis
1233 1331 1285 1366 sui
1300 1332 1414 1367 salute
1445 1333 1618 1379 Josaphat
1648 1334 1767 1369 invisit
1791 1335 1911 1370 urbem
1929 1335 2089 1371 dioecesis

460 1412 534 1435 suae
552 1399 757 1434 Vitebscum
774 1410 782 1433 1
804 1408 928 1432 curare
947 1397 995 1431 ibi
1013 1408 1086 1432 reni
1105 1397 1159 1432 sui
1179 1397 1333 1431 muneris
1362 1401 1396 1431 et
1424 1397 1689 1443 circumspicere
1716 1398 1846 1433 omnia.
1870 1399 2089 1434 Schismatici

459 1461 600 1497 interim
619 1461 755 1506 agitare
784 1460 878 1494 necis
897 1459 1058 1500 consilia,
1081 1462 1115 1494 et
1142 1471 1284 1494 secures
1312 1470 1449 1500 acuere,
1477 1459 1510 1493 in
1532 1460 1750 1494 occasionem
1778 1461 1955 1506 parricidii
1977 1461 2087 1496 immi—

461 1530 605 1565 nentes;
626 1528 732 1568 atque
750 1522 826 1556 haec
846 1521 910 1556 sibi
935 1521 1052 1556 oblata
1075 1532 1152 1556 esse
1175 1521 1393 1555 commodum
1412 1521 1500 1561 visa,
1534 1520 1625 1566 quod
1644 1521 1801 1566 pontifex
1818 1521 1962 1568 impium
1981 1533 2087 1568 quen-

462 1587 542 1622 dam
560 1586 816 1633 presbyterum,
838 1595 912 1618 suae
939 1583 1105 1629 potestati
1133 1583 1338 1629 subjectum,
1360 1594 1381 1616 a
1405 1583 1655 1617 catholicarum
1681 1583 1838 1628 partibus
1866 1584 2086 1629 transfugam

461 1649 505 1683 ad
525 1646 780 1686 schismaticos,
801 1644 984 1680 tradiderit
1002 1644 1037 1678 in
1064 1643 1271 1679 custodiam.

509 1711 561 1745 Ea
583 1710 728 1754 insuper
755 1708 917 1742 commoti
939 1719 989 1748 re,
1015 1707 1109 1741 ilicet
1135 1712 1322 1751 erumpunt
1345 1705 1590 1740 seditiosorum
1621 1705 1739 1746 duces,
1762 1705 1932 1751 signoque
1951 1704 2088 1740 concita

460 1773 559 1820 plebs
574 1772 686 1807 omnis
706 1784 712 1806 z
735 1783 803 1806 uno
824 1782 944 1805 omnes
959 1770 1101 1816 agmine
1119 1769 1153 1802 in
1174 1768 1285 1802 aedem
1299 1767 1467 1802 antistitis
1486 1767 1623 1802 irruunt
1641 1779 1647 1800 :
1669 1767 1818 1802 famulos
1832 1772 1993 1802 sternunt
2007 1768 2084 1809 hos,

461 1836 634 1881 dissipant
648 1833 727 1868 illos
746 1846 753 1868 2
785 1832 939 1867 effractis
958 1831 1108 1877 denique
1127 1828 1359 1875 penetralium
1378 1828 1523 1869 foribus,
1545 1827 1732 1874 praesulem
1759 1828 1805 1863 ad
1831 1828 1962 1864 caedem
1981 1829 2087 1875 depo-

461 1902 562 1933 scunt
581 1895 719 1942 magnis
735 1894 960 1930 clamoribus.
985 1894 1033 1928 Ut
1052 1894 1218 1941 impetum
1236 1893 1293 1928 hic
1312 1893 1421 1928 sensit
1439 1892 1641 1933 furentium,
1663 1892 1875 1939 sacrilegum
1894 1894 1991 1928 illum
2006 1905 2088 1940 per-

460 1960 581 2006 fugam
600 1969 619 1993 e
637 1968 779 1992 carcere
798 1956 925 1990 dimitti
944 1956 1127 1991 confestim
1141 1957 1254 2002 jubet.
1278 1955 1399 1990 Nihilo
1418 1960 1532 1990 tamen
1556 1955 1765 2001 placatiores
1793 1955 1858 1997 illi,
1879 1960 1918 1991 ut
1945 1967 2087 2002 occepe-

460 2026 555 2063 runt,
576 2024 743 2068 pergunt.
773 2020 863 2054 Tres
891 2020 941 2054 ita
967 2020 1189 2054 continenter
1215 2019 1321 2053 horas
1347 2018 1574 2052 bacchantur.
1599 2018 1786 2056 Quieturos
1813 2019 1949 2054 facilius
1975 2023 2084 2059 ratus,

461 2085 532 2119 suis
547 2083 697 2118 maxime
715 2081 855 2116 famulis
876 2082 1014 2122 timens,
1033 2082 1104 2116 vita
1123 2092 1185 2115 sua
1205 2091 1414 2125 suorumque
1430 2080 1503 2114 Deo
1519 2080 1679 2124 precibus
1694 2080 1949 2121 commendata,
1970 2079 2087 2126 prodit

461 2147 535 2192 ipse
554 2160 560 2179 :
582 2144 834 2179 tumultuantes
859 2144 1010 2178 sanioris
1029 2142 1166 2178 consilii
1183 2146 1368 2188 paternum
1384 2140 1417 2174 in
1432 2140 1573 2175 modum
1593 2150 1802 2176 commonet.
1826 2142 1922 2176 Inter
1940 2140 2016 2176 haec
2034 2141 2083 2176 la-

459 2213 599 2242 tronum
626 2205 893 2246 audacissimus,
914 2205 1050 2240 sublato
1080 2203 1125 2238 ad
1156 2203 1288 2238 caedem
1311 2203 1475 2243 clamore,
1499 2203 1649 2237 securim
1676 2203 1838 2249 impingit
1858 2203 1976 2249 capiti,
1998 2207 2083 2238 ster—

461 2271 578 2316 nitque
592 2269 806 2304 antistitem:
829 2281 909 2303 mox
928 2269 1074 2315 quisque
1097 2267 1238 2313 pugnis,
1260 2266 1420 2305 fustibus,
1437 2265 1612 2310 lapidibus
1627 2265 1806 2311 jacentem
1825 2266 2080 2302 contrucidant.

459 2330 506 2366 At
525 2340 636 2375 neque
655 2329 704 2363 ita
717 2329 792 2363 visa
807 2333 860 2363 est
873 2328 1033 2362 luctuosa
1049 2328 1134 2362 satis
1150 2339 1213 2362 sua
1228 2327 1423 2362 furentibus
1439 2326 1554 2362 rabies
1570 2339 1575 2361 :
1594 2326 1809 2361 horrendum
1829 2327 1936 2369 dictu,
1954 2334 2084 2374 quanta

460 2391 587 2426 deinde
618 2390 848 2431 immanitate,
879 2390 1116 2425 exanimatum
1141 2391 1229 2437 jam,
1263 2393 1479 2435 protractum
1515 2389 1549 2422 in
1581 2400 1702 2423 aream
1732 2400 1872 2435 corpus,
1906 2390 2082 2435 unguibus

460 2454 565 2489 etiam
585 2452 770 2486 mulierum
788 2463 829 2486 ac
843 2464 1032 2498 puerorum
1050 2451 1256 2492 laceratum,
1279 2450 1433 2485 calcibus
1450 2449 1676 2489 conscissum,
1694 2449 1946 2484 conculcatum.
1969 2450 2082 2486 Multo

459 2516 573 2551 minus
591 2514 736 2549 humani
765 2514 830 2549 fuit
856 2514 990 2559 ingenii
1020 2514 1056 2548 in
1082 2513 1160 2549 istis
1186 2511 1398 2551 hominibus,
1421 2522 1522 2556 quam
1540 2510 1644 2546 fuerit
1662 2511 1719 2546 vel
1750 2511 1784 2545 in
1812 2512 1936 2547 bestia.
1959 2512 2078 2555 Canis,
