2184 2953
265 403 325 429 1583

260 499 371 532 Campa-

261 543 310 561 nus
328 534 373 560 ad-

261 575 356 598 ventus

259 611 299 637 sui
311 618 404 636 causas

258 649 358 676 civibus

263 690 377 724 exponit.

258 1757 385 1791 Georgius

257 1793 374 1821 Radivil-

257 1836 299 1861 lus
308 1834 375 1867 epis-

257 1883 334 1908 copus
348 1874 403 1900 Vil-

257 1914 378 1940 nensium

258 1956 285 1980 et
299 1954 391 1981 Cardi-

258 1994 327 2020 nalis
335 2001 404 2020 crea-

258 2034 310 2059 tur.

259 2115 395 2146 Templum

258 2156 285 2180 et
295 2154 385 2180 Coeno-

259 2193 330 2219 bium
350 2192 404 2218 Mo-

260 2231 369 2258 nialium

260 2273 333 2305 Rigae
341 2272 385 2298 So-

260 2311 307 2336 ciis
315 2311 384 2336 obla-

259 2352 287 2376 ta

434 305 490 335 110
818 303 1092 333 LITUANJCARUM
1117 301 1329 330 SOCIETATIS
1350 301 1435 329 JESU
1461 300 1708 329 HISTORIARUM

435 397 586 433 edictum
622 397 745 432 recitat
778 397 906 444 populo
926 410 931 432 ι
970 397 1036 431 1100
1071 396 1173 436 lecto,
1208 395 1428 435 obmutescit,
1465 395 1705 441 imprudenter
1743 394 1852 430 multa
1882 395 2053 442 principio

435 458 604 493 orationis
635 458 853 493 auditoribus
885 458 1072 505 pollicitus

483 522 523 555 In
543 522 662 563 curiis,
681 526 754 556 tum
774 521 932 567 Derpati,
953 524 1027 554 tum
1046 519 1165 566 Rigae‚
1186 520 1231 554 ad
1258 519 1421 553 consules
1447 518 1644 564 Campanus
1676 519 1718 554 de
1738 520 1854 554 causis
1879 520 2052 555 adventus

435 583 489 617 sui
508 583 771 629 sociorumque,
793 583 835 618 de
854 582 1099 617 benevolentia
1119 593 1203 628 erga
1223 582 1375 616 Livones
1396 584 1467 615 tum
1486 580 1638 615 Romani
1658 580 1853 620 Pontificis,
1871 585 1943 615 tum
1959 582 2053 627 regis

436 644 618 691 Stephani,
641 646 752 691 deque
779 645 965 680 Societatis
980 657 1054 679 suae
1082 645 1242 678 instituto
1259 655 1334 678 rem
1352 642 1488 677 habuit.
1509 642 1590 677 Non
1610 642 1745 688 placide
1764 647 1901 678 tantum
1920 644 2052 678 utrobi-

435 718 501 752 que
538 712 703 754 exceptus
733 707 944 753 auditusque
980 711 1045 748 est,
1076 707 1157 746 3611,ι
1180 704 1472 751 quemadmodum
1504 705 1717 739 simulabant
1752 704 1924 745 haeretici,
1945 706 2053 740 etiam

436 767 617 804 benevole.
649 769 914 814 Digredientem
954 768 1034 803 inde
1065 767 1241 815 prosecuti
1278 770 1359 800 sunt
1397 766 1535 801 domum
1571 767 1729 802 comiter.
1768 768 1854 802 Cum
1890 768 2053 813 utrinque

434 830 642 865 familiarius
676 834 843 877 ageretur
874 831 1052 877 deinceps,
1074 831 1229 877 ipsisque
1268 832 1462 863 certaretur
1490 828 1634 870 officiis;
1669 841 1738 863 non
1771 829 1954 864 dubitabat
1989 840 2051 875 pro

434 892 650 926 munusculis
668 893 805 928 libellos
825 905 961 939 quoque
978 894 1065 940 ipsis
1080 893 1122 927 de
1142 891 1325 927 catholicae
1343 891 1492 925 veritate
1506 891 1689 937 religionis
1709 891 1886 926 missitare
1906 891 2049 937 hospes,

435 953 638 1000 hortarique
670 954 831 997 fidenter,
854 959 892 990 ut
921 955 1094 1001 legerent,
1117 954 1294 1001 probeque
1319 952 1571 998 intelligerent.
1594 953 1769 988 Suavibus
1802 954 1920 999 itaque
1938 953 2051 988 modis

434 1025 475 1049 eo
493 1015 596 1050 facile
611 1016 768 1051 homines
787 1017 952 1063 perpulit,
972 1021 1009 1052 ut
1027 1029 1064 1051 se
1080 1016 1219 1063 quidem
1238 1016 1280 1050 de
1300 1015 1522 1055 veritatibus,
1544 1016 1719 1051 luculente
1737 1027 1758 1050 a
1775 1016 1953 1062 Campano
1972 1028 2051 1062 pro-

433 1076 569 1122 positis,
596 1078 798 1124 neutiquam
827 1079 986 1113 dubitare
1017 1079 1237 1113 faterentur:
1259 1088 1280 1111 a
1311 1081 1407 1112 secta
1424 1081 1554 1118 tamen,
1576 1079 1614 1112 in
1644 1089 1712 1124 qua
1742 1079 1816 1113 nati
1844 1078 2052 1124 educatique

433 1137 558 1178 forent,
580 1139 807 1185 perfugarum
838 1141 907 1175 ritu
940 1140 1149 1179 desciscere,
1172 1139 1248 1174 sine
1279 1139 1379 1183 gravi
1411 1139 1594 1179 dedecore,
1626 1139 1782 1174 dicerent
1800 1139 1897 1174 haud
1930 1151 2047 1186 posse.

431 1198 692 1244 Respectabant
710 1201 760 1235 1111
794 1213 830 1236 36
850 1213 886 1236 36
904 1202 1070 1243 vicissim,
1093 1202 1122 1236 si
1141 1201 1218 1247 quis
1236 1200 1379 1246 primus,
1398 1201 1619 1246 popularium
1655 1212 1797 1235 suorum
1812 1201 1942 1245 judicio
1961 1202 2050 1237 invi-

432 1259 559 1305 diaque
579 1261 750 1307 superior,
772 1263 909 1297 caeteris
928 1263 1094 1309 proderet
1114 1261 1323 1308 exemplum.
1346 1261 1512 1296 Humana
1529 1261 1580 1296 illi
1607 1262 1740 1297 scilicet
1768 1263 1863 1308 passi
1899 1264 2050 1308 experti-

431 1334 507 1368 que,
527 1322 562 1356 in
593 1323 728 1358 lubrico
760 1325 910 1370 positam
930 1337 1006 1360 esse
1033 1324 1233 1360 mortalium
1265 1328 1440 1365 naturam,
1462 1323 1721 1369 procliviusque
1751 1323 1932 1358 incitatam
1962 1324 2047 1366 labi,

433 1395 537 1430 quam
554 1384 691 1431 lapsam
708 1387 867 1421 revocari
886 1399 1002 1433 posse,
1025 1400 1159 1434 suoque
1174 1388 1210 1423 in
1224 1386 1338 1433 gradu
1359 1387 1539 1421 sustineri.

481 1447 640 1482 Favebat
662 1448 844 1484 Sociorum
868 1450 1015 1496 inceptis
1038 1450 1184 1485 mirifice
1210 1449 1497 1495 religiosissimus
1519 1450 1679 1496 princeps
1704 1449 1878 1494 Georgius
1893 1448 2052 1484 Radivil-

431 1507 500 1547 lus,
522 1507 742 1544 Vilnensium
769 1511 967 1558 episcopus,
999 1513 1184 1547 Societatis
1210 1516 1339 1546 nostra}
1359 1522 1467 1556 usque
1485 1512 1574 1546 adeo
1600 1522 1736 1551 amans,
1759 1515 1796 1545 ut
1824 1511 1857 1544 in
1877 1521 1955 1545 eam
1979 1511 2054 1556 ipse

432 1571 637 1617 aggregari,
659 1577 694 1607 et
712 1580 855 1620 cuperet
881 1575 1117 1617 vehementer,
1140 1581 1175 1610 et
1202 1576 1276 1622 ejus
1295 1574 1345 1609 rei
1364 1573 1503 1609 veniam
1530 1584 1551 1607 a
1578 1573 1740 1608 Romano
1761 1572 1929 1608 Pontifice
1948 1574 2054 1608 etiam

435 1640 539 1680 atque
558 1635 662 1670 etiam
679 1640 812 1681 peteret
830 1638 877 1684 (1).
896 1639 1062 1684 Negabat
1081 1640 1115 1673 id
1138 1638 1352 1684 Gregorius3
1374 1635 1467 1681 quod
1497 1635 1731 1675 existimabat,
1754 1634 1929 1670 utiliorem
1948 1635 1985 1669 in
2011 1647 2052 1670 eo

435 1699 528 1730 statu
554 1708 617 1731 suo
638 1697 782 1743 Georgii
810 1710 950 1745 operam
977 1701 1077 1735 fore:
1101 1711 1222 1745 quare,
1245 1710 1311 1744 quo
1332 1697 1444 1731 virum
1472 1696 1700 1742 amplioribus
1726 1696 1831 1730 etiam
1858 1696 2052 1731 cumularet

434 1757 651 1799 muneribus,
673 1759 708 1792 in
738 1766 897 1795 senatum
929 1762 1157 1796 cardinalium
1176 1772 1216 1795 eo
1244 1760 1316 1794 sere
1337 1762 1490 1803 tempore
1509 1757 1643 1803 allegit,
1666 1769 1732 1802 quo
1753 1757 1929 1803 Georgius
1946 1757 2054 1803 Rigae

433 1819 467 1853 in
488 1819 669 1854 Sociorum
693 1821 868 1857 domicilio
895 1835 956 1869 per
984 1834 1102 1858 sacras
1118 1823 1160 1856 B.
1180 1821 1295 1855 Patris
1313 1819 1424 1854 nostri
1435 1812 1745 1853 commentationes
1758 1819 1803 1852 ad
1819 1818 2054 1853 sacerdotium

433 1892 469 1915 se
487 1882 723 1927 praeparabat,
745 1883 871 1919 deinde
917 1886 1031 1920 Vilnae
1050 1885 1094 1919 ab
1125 1883 1271 1918 Alberto
1304 1881 1514 1926 Bolognetto
1538 1880 1670 1914 Massae
1702 1880 1878 1925 episcopo,
1902 1880 2054 1914 Romani

435 1943 616 1978 pontificis
635 1944 728 1989 apud
756 1945 910 1980 Polonos
939 1946 1116 1987 nuntio,V
1144 1943 1287 1979 kalend.
1311 1944 1455 1989 januar.
1485 1941 1641 1986 ejusdem
1660 1941 1812 1975 civitatis
1831 1946 1865 1975 et
1891 1940 2053 1975 dioecesis

435 2005 583 2040 antistes
612 2012 849 2041 consecratur.
873 2008 1036 2043 Hostiam
1067 2008 1140 2042 Deo
1164 2005 1328 2041 sacerdos
1346 2004 1493 2050 primani
1522 2003 1640 2048 Rigae,
1662 2003 1698 2037 in
1716 2002 1845 2048 templo
1865 2002 1907 2037 Β.
1927 2002 2052 2036 Jacobi

434 2070 567 2107 nostro,
586 2067 642 2101 (lie
661 2067 694 2101 II
713 2066 855 2102 kalend.
873 2069 949 2114 jun.
970 2070 1195 2104 Pentecostes
1210 2068 1334 2114 primo,
1351 2065 1632 2100 ministrantibus
1652 2064 1782 2098 nostris
1797 2063 1935 2098 obtulit.

483 2129 718 2164 Existimabat
748 2131 947 2177 Stephanus
975 2143 1035 2166 rex
1067 2144 1085 2167 e
1116 2144 1153 2167 re
1172 2131 1344 2166 catholica
1370 2130 1458 2169 fore,
1493 2128 1523 2162 si
1550 2128 1595 2162 ad
1623 2138 1677 2167 ea,
1699 2138 1777 2172 quae
1807 2127 1919 2161 Sociis
1948 2127 2053 2173 Rigae

436 2191 623 2233 obtulerat,
644 2193 811 2239 templum
830 2206 966 2240 quoque
985 2196 1028 2230 B.
1055 2196 1183 2231 Mariae
1202 2194 1439 2240 Magdalenae‚
1456 2193 1532 2238 jam
1562 2191 1643 2227 olim
1663 2191 1708 2225 ab
1726 2191 1901 2225 haeretieis
1930 2192 2053 2238 mystis

435 2255 670 2301 profanatum,
688 2260 723 2290 et
741 2256 1024 2291 Cisterciensium
1040 2258 1307 2304 parthenonem,
1325 2256 1361 2290 in
1375 2266 1442 2300 quo
1457 2258 1528 2289 tres
1547 2254 1662 2288 adhuc
1676 2253 1762 2299 ipsa}
1777 2253 1933 2298 virgines
1948 2264 2050 2295 anus,

435 2328 562 2362 sponso
578 2328 641 2350 suo
661 2316 799 2351 Christo
819 2317 940 2353 fideles
968 2319 1071 2364 (inter
1098 2330 1157 2354 eas
1172 2319 1274 2353 Anna
1289 2317 1396 2363 Tepel
1410 2317 1582 2356 antistita,
1605 2328 1716 2350 annos
1731 2317 1805 2362 jam
1824 2320 1963 2350 centum
1981 2328 2054 2350 am—

432 2378 524 2425 plius
556 2382 662 2414 nata:
685 2379 829 2426 reliquae
860 2380 963 2427 paulo
988 2381 1160 2426 juniores)
1188 2380 1372 2426 sexaginta
1404 2390 1511 2425 prope
1529 2390 1639 2413 annos
1667 2379 1832 2413 miserum
1858 2378 1895 2412 in
1914 2379 2054 2413 modum

431 2445 567 2476 vexatae
586 2442 799 2484 restiterant,
817 2443 1047 2489 adjunxisset.
1066 2443 1112 2477 Et
1129 2442 1295 2488 templum
1310 2446 1344 2476 et
1363 2441 1453 2475 sacri
1472 2441 1631 2487 gynecaei
1650 2440 1744 2475 aedes
1759 2440 1937 2475 Demetrio
1959 2440 2050 2475 Suli-

478 2517 519 2553 (1)
532 2517 561 2545 In
577 2518 746 2547 Societatem
764 2519 889 2554 cooptari
906 2519 990 2554 cupit.
