2184 2953
428 298 486 328 244
790 295 1062 326 LITUANICARUM
1085 295 1295 324 SOCIETATIS
1317 296 1401 324 JESU
1428 293 1679 323 HISTORIARUM

264 398 326 424 1616
364 438 370 443 ·
431 392 467 423 ut
485 389 566 424 aula
584 400 659 429 sua,
682 401 745 424 suo
771 389 936 435 principis
962 387 1132 433 exemplo,
1155 386 1274 421 schola
1289 385 1449 432 quaedam
1465 391 1558 421 esset
1575 387 1657 421 vitae
1675 386 1891 422 christianae.
1914 387 2047 423 Mensa

262 437 384 505 ἔζων
430 453 481 489 illi
500 453 667 499 frugalior
689 466 695 487 z
714 453 882 493 convivae,
908 452 1065 486 homines
1096 451 1169 486 fere
1186 463 1205 486 e
1229 451 1396 486 coenobiis
1418 454 1478 484 aut
1497 450 1709 484 nosocomiis
1730 462 1736 484 ε
1761 461 1873 485 sermo
1894 462 1964 485 non
1982 450 2050 485 nisi

433 516 475 550 de
494 515 596 550 rebus
615 514 754 555 divinis,
776 515 812 548 in
830 514 949 560 primis
969 525 1047 558 quae
1069 513 1160 548 lecta
1175 516 1293 547 essent
1312 524 1373 558 per
1387 515 1622 557 anagnosten.

263 579 388 647 ἒὲἓζῗξζίᾶ
483 577 593 623 Caput
608 576 719 611 omnis
745 575 882 622 prandii
902 586 1079 620 coenaeque
1099 575 1231 610 cineres
1250 576 1287 609 in
1305 575 1440 621 quadra
1459 587 1464 608 :
1488 574 1555 615 his,
1581 585 1642 620 per
1673 574 1857 620 ephebum,
1881 574 1938 608 ubi
1969 586 2049 609 con-

266 661 348 686 etiam
376 657 410 684 ad
437 650 583 679 sessum,
621 637 727 672 illatis
746 637 875 683 primos
902 636 967 670 sibi
998 636 1168 671 Nicolaus
1187 637 1441 683 perspergebat
1471 635 1582 676 bolos,
1615 647 1681 682 quo
1701 636 1770 670 ritu
1807 647 2051 682 supremorum

264 700 709 765 l{109211i1t831513·cinerum,lethi
738 699 869 734 scilicet
901 698 1112 732 imminentis
1144 698 1297 733 animum
1319 710 1419 732 suum
1449 698 1602 744 prudens
1620 697 1843 732 admonebat.
1878 698 1964 736 Quae
1996 709 2052 732 res

265 776 412 804 habitantis
435 762 632 797 amantibus
646 761 848 807 principem,
866 760 1023 805 beneque
1052 760 1143 794 bono
1179 760 1409 806 cupientibus,
1437 760 1611 807 lacrymas
1631 760 1813 795 electabat.
1833 759 1925 794 Illud
1939 763 2054 794 autem

267 818 390 885 ῑοῗὶξξῗῶ·
437 824 594 859 acerbius
619 823 722 857 etiam
737 827 824 862 erat,
854 833 973 856 carum
1001 822 1194 868 principem
1206 823 1281 868 jam
1305 834 1368 857 sua
1387 822 1564 857 voluntate
1587 834 1676 868 pene
1703 821 1877 867 sepultum
1892 832 1981 862 esse;
2005 821 2055 856 ita

437 886 495 921 ille
515 886 551 920 in
574 886 712 920 condito
735 897 756 919 a
783 896 818 919 se
837 884 904 918 sibi
927 884 1111 930 sepulchro
1127 885 1247 919 subter
1265 884 1431 930 templum
1446 884 1684 919 Nesvisiensis
1703 883 1842 929 collegii
1856 883 2051 924 habitabat,

438 947 591 994 quotidie
605 947 710 981 certis
730 946 825 980 horis
840 946 994 980 animum
1013 957 1113 979 suum
1128 957 1329 992 praeparans
1349 947 1394 980 ad
1417 950 1553 992 tempus
1568 946 1648 980 vitae
1667 945 1824 980 mortalis
1839 956 2052 991 supremum.

440 1010 481 1043 In
511 1020 551 1043 eo
588 1020 651 1043 suo
684 1008 785 1042 bonae
814 1007 935 1042 mortis
956 1007 1153 1053 gymnasio,
1185 1007 1233 1041 uti
1271 1007 1374 1042 certis
1395 1007 1517 1043 diebus
1545 1008 1722 1043 coelestem
1737 1007 1910 1041 immolari
1938 1006 2060 1042 liceret

440 1071 602 1110 hostiam,
624 1082 645 1103 a
660 1069 830 1104 Pontifice
846 1068 1006 1103 Romano
1023 1069 1233 1114 impetravit.
1253 1069 1355 1104 Omni
1368 1070 1455 1104 feria
1471 1073 1569 1105 sexta
1588 1070 1635 1104 ibi
1649 1069 1725 1104 fieri
1740 1069 1948 1104 sacrificium
1962 1080 2059 1104 cura—

440 1135 524 1175 bat;
546 1134 600 1168 cui
620 1134 694 1179 ipse
723 1133 901 1173 intererat,
924 1132 1151 1177 operantique
1183 1130 1355 1165 sacerdoti
1374 1131 1607 1165 ministrabat.
1646 1130 1747 1176 Saepe
1775 1129 1883 1171 solus,
1911 1129 2059 1176 pomeri-

442 1196 554 1231 dianis
586 1195 735 1229 maxime
765 1194 873 1235 horis,
909 1193 1036 1228 ibidem
1065 1204 1158 1227 nunc
1196 1192 1426 1233 inambulans,
1464 1192 1675 1237 versansque
1710 1196 1855 1225 mortem
1882 1191 1997 1225 animo
2027 1194 2061 1226 et

442 1257 664 1298 immortalia,
683 1268 773 1291 nunc
791 1256 889 1291 flexis
909 1255 1078 1290 connixus
1097 1254 1258 1300 genibus,
1281 1254 1476 1300 complures
1498 1254 1603 1288 horas
1623 1253 1844 1300 perdurabat.
1867 1253 1922 1288 Ad
1947 1253 2060 1299 sepul-

443 1321 515 1356 chri
534 1319 714 1355 introitum
728 1319 806 1353 haec
825 1318 903 1358 sibi,
921 1329 999 1363 quae
1017 1317 1091 1363 ipse
1109 1316 1293 1356 lectitaret,
1311 1316 1414 1349 incidi
1443 1316 1477 1349 iu
1507 1327 1657 1350 marmor
1666 1315 1773 1361 jussit
1793 1315 1923 1349 monita
1946 1327 1952 1348 :
1972 1318 2060 1348 Pec-

441 1388 575 1417 cantem
594 1394 648 1416 me
662 1383 813 1425 quotidie
831 1385 861 1414 et
878 1391 946 1414 non
962 1381 1199 1423 poenitentem,
1218 1380 1325 1411 timor
1340 1380 1462 1412 mortis
1477 1379 1657 1411 conturbat
1681 1389 1778 1411 me...
1810 1380 1956 1411 Etiamsi
1974 1379 2058 1410 occi-

443 1447 534 1479 derit
548 1457 614 1485 me,
635 1446 670 1477 z'n
689 1446 763 1486 ipso
776 1444 934 1486 sperabo.
958 1443 1101 1475 Aduena
1120 1452 1180 1484 990
1213 1445 1244 1473 et
1268 1444 1481 1483 pereyrmus
1507 1442 1601 1482 apud
1615 1445 1658 1479 te,
1687 1442 1774 1474 sicut
1806 1451 1923 1473 omnes
1941 1444 2064 1482 patres

441 1509 554 1541 mei...
575 1508 682 1541 Credo
700 1507 817 1539 carnis
840 1506 1131 1538 resurrectionem
1146 1507 1176 1536 et
1194 1504 1298 1536 vitam
1313 1500 1527 1536 aeternam.ss.
1544 1505 1640 1542 Jesa,
1659 1507 1791 1536 aeterna
1812 1503 1880 1535 vica
1910 1502 2061 1535 morien-

443 1571 541 1603 tium.
558 1567 590 1602 N
594 1567 725 1602 icolaus
744 1565 1015 1611 Christophorus
1032 1563 1232 1604 Radziwill‚
1247 1564 1385 1598 Nicolai
1400 1567 1433 1598 et
1449 1563 1660 1598 Elisabethae
1676 1564 1718 1598 de
1734 1563 1936 1610 Szydloviec
1954 1562 2059 1602 filius,

443 1630 591 1666 Joannis
610 1640 730 1675 ηεροδ,
752 1627 890 1662 Nicolai
908 1627 1011 1673 primi
1031 1637 1214 1673 pronepos
1231 1625 1327 1659 Sacri
1345 1624 1527 1671 Sepulchri
1547 1636 1665 1670 eques,
1691 1625 1911 1659 etr...sciens
1932 1636 1968 1659 se
1983 1635 2061 1659 esse

444 1705 558 1728 escam
576 1691 757 1731 vermium,
783 1690 817 1722 in
836 1689 902 1723 hac
928 1688 1161 1734 lacrymarum
1180 1687 1284 1728 valle,
1306 1699 1448 1727 vovens,
1471 1688 1536 1722 sibi
1570 1688 1683 1733 posuit
1702 1692 1962 1721 monumentum
1986 1687 2062 1733 (hoc

451 1767 617 1802 corpus...
638 1753 766 1788 coelum
794 1753 989 1787 animam...
1022 1753 1208 1798 posteritas
1237 1752 1439 1787 memoriam
1467 1751 1501 1784 in
1534 1749 1774 1784 benedictione
1802 1748 1927 1793 servet)
1963 1748 2057 1782 obiit.

492 1817 610 1862 Itaque
624 1815 708 1849 lethi
728 1826 992 1855 memor,rerum
1014 1818 1186 1859 pertaesus
1208 1811 1634 1855 mortalium,aeternitatis
1651 1811 1764 1845 beatae
1783 1811 1941 1856 cupidus,
1955 1810 2063 1844 numi-

449 1879 503 1912 nis
518 1877 626 1912 divini
641 1888 761 1910 amans
784 1877 883 1910 unice
911 1887 950 1909 ac
978 1887 1155 1916 reverens,
1173 1876 1206 1910 in
1234 1876 1300 1910 hoc
1328 1875 1470 1913 mundo,
1494 1873 1591 1919 quasi
1610 1873 1779 1918 hospitem
1800 1873 1835 1906 in
1855 1872 2060 1912 diversorio,

451 1937 650 1984 propediem
669 1949 705 1972 se
724 1937 968 1983 migraturum,
991 1936 1189 1981 cogitabat;
1214 1938 1316 1984 idque
1335 1937 1512 1984 praeclaris
1532 1936 1613 1970 vitae
1632 1934 1831 1970 christianae
1850 1935 2064 1970 documentis

452 2000 687 2035 confirmabat.
709 2000 789 2034 Non
816 2000 952 2035 curiose
970 2000 1058 2039 haec,
1092 2004 1240 2045 oportet,
1267 2000 1470 2034 observasse
1502 1997 1613 2036 illum,
1642 1997 1697 2042 qui
1731 1997 1871 2031 Nicolai
1891 1997 2060 2036 animum,

453 2076 568 2099 rerum
588 2067 859 2109 contemptorem
874 2062 1096 2102 caducarum,
1114 2061 1215 2096 aliter
1246 2073 1283 2096 ac
1320 2061 1434 2096 vereri
1456 2053 1623 2094 debuerat
1641 2061 1699 2092 aut
1722 2058 1883 2105 experiri,
1901 2062 2063 2104 expertus

454 2130 558 2161 esset.
581 2126 697 2160 Hicin
722 2125 835 2160 officio
855 2129 1014 2160 versatus
1033 2124 1157 2164 aulico,
1181 2135 1222 2158 ex
1249 2123 1373 2157 aerario
1398 2122 1560 2168 principis
1583 2120 1692 2155 multa
1707 2132 1927 2154 nummorum
1942 2131 2065 2155 aureo-

454 2200 529 2223 rum
545 2187 653 2222 millia
676 2187 888 2233 sublegerat,
911 2187 1068 2232 subjecta
1090 2185 1332 2231 abligurierat.
1358 2184 1423 2222 Qui
1449 2182 1605 2216 ablatum
1624 2180 1834 2220 restitueret,
1853 2179 1952 2225 inops
1988 2190 2068 2213 con-

456 2249 536 2290 silii,
554 2253 731 2295 peccatum
747 2261 847 2283 suum
862 2252 896 2283 et
910 2248 1063 2294 inopiam
1079 2247 1113 2281 in
1129 2259 1227 2282 sacro
1250 2246 1466 2293 poenitentiae
1478 2245 1552 2279 foro
1570 2244 1765 2279 confitetur.
1786 2243 1885 2282 Quod
1901 2243 2069 2288 reliquum

451 2314 521 2351 est,
544 2311 663 2345 eodem
677 2311 794 2356 judice
814 2322 875 2344 suo
908 2310 1091 2344 sacerdote
1120 2310 1212 2356 apud
1232 2309 1420 2356 principem
1449 2308 1674 2354 deprecatore
1694 2307 1814 2342 utitur.
1837 2307 1913 2345 Qua
1932 2306 2067 2340 ratione

457 2374 567 2415 licuit,
590 2385 645 2408 res
662 2374 807 2408 Nicolao
823 2373 1012 2420 proposita.

287 2423 398 2450 Animus

287 2471 365 2496 opum
374 2469 432 2489 con—

288 2504 411 2536 temptor.
460 2498 533 2543 ipse
552 2497 700 2531 Domino
730 2509 816 2537 mec,
838 2497 1009 2531 bonorum
1036 2496 1197 2541 largitori
1227 2494 1391 2534 omnium,
1414 2493 1582 2528 debeam?
1602 2493 1807 2532 Meministi,
1826 2503 1926 2538 quam
1944 2495 2068 2537 argute

508 2435 569 2470 Ille
588 2435 631 2469 ad
651 2435 727 2469 haec
742 2436 856 2469 animo
877 2435 1026 2475 excelso,
1049 2433 1136 2468 nihil
1151 2436 1332 2467 cunctatus
1350 2444 1356 2465 t
1375 2431 1497 2477 ecquid
1514 2436 1593 2465 sunt
1612 2432 1691 2471 ista,
1715 2430 1838 2476 inquit,
1858 2429 1903 2464 ad
1922 2441 1974 2469 ea,
1994 2441 2071 2475 quae
