2184 2953
256 408 319 436 1616

311 446 343 473 22

254 487 377 517 Benedic-

253 531 298 555 tus
324 527 403 560 Woy-

254 577 289 595 na
319 568 398 602 Epis-

252 617 340 643 copus.

301 1248 332 1275 23

250 1288 345 1315 Nesvi-

252 1329 347 1355 siensis

250 1368 374 1396 Condito-

249 1408 285 1433 ris
299 1408 377 1433 Radi-

249 1445 307 1471 villi
320 1445 380 1472 felix

248 1484 344 1511 obitus.

248 1776 322 1803 Unde
339 1776 393 1802 Sie-

247 1816 324 1842 rotka
338 1815 391 1842 dic-

248 1857 299 1881 tus

425 302 486 333 240
807 302 1079 331 LITUANICARUM
1102 302 1313 331 SOCIETATls
1332 302 1417 331 JESU
1442 302 1692 332 HISTORIARUM

428 393 581 435 refectis,
601 392 686 427 alibi
698 393 803 428 etiam
823 394 986 435 conditis,
1010 394 1159 429 decessit
1174 404 1268 427 anno
1289 393 1403 427 aetatis
1423 404 1496 427 suae
1515 398 1613 428 sexto
1645 405 1752 440 supra
1777 396 2046 441 sexagesimum.

478 455 561 489 Pari
580 454 822 490 benevolentia
841 455 1136 500 complectebatur
1167 454 1374 489 Societatem
1410 454 1557 489 antistes
1576 455 1795 490 Vilnensium
1816 456 2040 498 Benedictus,

429 517 463 551 in
483 517 645 551 Romano
674 516 755 551 olim
776 516 931 561 Collegio
951 516 1045 557 felix,
1067 520 1102 551 et
1126 527 1148 550 a
1162 528 1222 550 suo
1251 519 1465 561 praeceptore
1484 515 1610 550 litteris
1630 517 1735 551 etiam
1766 518 2041 560 commendatus,

426 578 547 624 inclyti
566 578 640 624 ejus
658 577 815 623 theologi
840 578 987 612 Roberti
1019 578 1225 613 Bellarmini
1258 579 1472 625 discipulus,
1506 591 1548 613 ex
1580 591 1674 619 vere,
1705 581 1842 625 qualem
1862 581 1953 615 hunc
1972 594 2046 628 per-

425 652 527 686 quam
551 639 720 680 eruditus,
748 639 970 685 prudensque
997 640 1200 680 aestimator,
1234 641 1371 686 Gaspar
1395 640 1601 674 Cichockius
1622 641 1657 674 in
1681 642 1752 675 suis
1779 641 2046 677 allocutionibus

427 701 673 736 Osiecensibus
685 704 872 746 nuncupa&
890 700 1134 735 haereticorum
1150 707 1275 742 terror,
1291 703 1473 737 catholica»
1487 703 1667 749 religionis
1690 715 1929 751 propugnator
1952 719 2046 741 acer—

424 764 532 798 rimus
553 776 559 798 :
581 763 671 797 adde
686 767 853 808 patronus
882 762 1067 797 Societatis
1087 774 1127 796 ac
1148 768 1241 797 tutor
1272 764 1545 798 amantissimus.
1571 766 1749 799 Summam
1774 767 1877 812 hujus
1904 768 2044 803 laudum

425 825 614 860 Vilnenses
633 823 793 858 canonici
816 823 933 856 hocin
970 834 1032 857 suo
1068 824 1197 869 templo
1227 837 1334 871 supra
1361 826 1545 861 Benedicti
1578 827 1800 872 sepulchrum
1820 812 1932 875 posito
1956 842 2046 865 coin-

423 888 517 935 plexi
537 892 618 922 sunt
632 886 747 931 elogio
770 898 775 919 :
798 896 1030 920 BENEDICTUS.
1052 897 1200 921 WOYNA.
1225 899 1300 922 ETc.
1320 899 1607 924 ECCLEsr-xsTICAE.
1628 901 1799 924 PARITER.
1822 903 1875 926 Ac.
1899 904 2047 929 sENATo-

424 962 513 985 RIAE.
535 959 752 984 DleNiTATls.
776 958 965 982 ILLUSTRE.
989 958 1197 982 EXEMPLUM.
1227 960 1402 984 PRAEFmT.
1434 962 1622 985 ECCLESIAE.
1644 964 1821 987 VILNENSI.
1843 965 1961 989 ANNis.
1984 967 2044 990 xv.

424 1022 578 1047 MULTAS.
598 1021 712 1044 AEDEs.
735 1020 882 1044 SACRAS.
904 1020 937 1043 E.
960 1020 1131 1044 MANIBUS.
1151 1022 1434 1046 HAERETicoRUM.
1460 1024 1617 1048 ΕΗΙΡΗΙΤ.
1644 1025 1729 1048 Divi.
1752 1026 1919 1050 CAsiissm.
1939 1028 2047 1051 PRIN-

423 1085 522 1109 CIPIS.
546 1082 993 1107 HONORES.1NSTAURAV1T.
1016 1082 1158 1106 SACRAS.
1186 1084 1276 1108 Eitis,
1301 1085 1502 1112 RELIQUIAS.
1534 1087 1775 1111 HoNEsTIORE.
1810 1089 1907 1113 Loco.
1929 1090 2044 1114 'rumu-

423 1147 540 1172 LAVIT.
556 1146 729 1170 PATRIAM.
743 1144 914 1168 CONSILIO.
934 1145 1398 1171 0?E.V1G1LANT1A.SUMMA.
1418 1149 2044 1178 DEFENDIT.CUM.1TAL1AE.THERMAS.

423 1209 711 1234 RESTAURANDAE.
735 1206 982 1230 VALETUDINis.
1000 1207 1304 1233 ciiusAffanssn'r.
1328 1210 1484 1235 PATAVH.
1505 1212 1683 1236 Excessm.
1707 1214 1814 1236 ANNO.
1841 1203 2044 1240 MDCXVI.

472 1259 558 1304 Ejus
578 1258 700 1292 mortis
732 1257 874 1291 nuntius
907 1256 1052 1291 offendit
1073 1258 1209 1300 Socios,
1235 1260 1310 1306 jam
1337 1260 1432 1294 luctu
1459 1268 1644 1308 occupatos
1666 1263 1698 1296 in
1719 1265 1833 1309 patria
1865 1276 1905 1299 ex
1926 1265 2046 1301 funere

424 1323 548 1370 capitis
566 1322 670 1366 longe
694 1320 877 1359 carissimi,
897 1320 1095 1354 Conditoris
1127 1322 1181 1356 sui
1214 1322 1249 1355 in
1274 1323 1449 1358 domicilio
1478 1325 1708 1365 Nesvisiensi,
1732 1326 1870 1361 Nicolai
1898 1328 2050 1364 Christo-

424 1387 525 1434 phori
544 1384 727 1423 Radivilli,
751 1384 847 1418 Sacri
867 1384 1019 1419 Romani
1052 1384 1191 1429 Imperii
1213 1384 1397 1430 Principis,
1422 1385 1518 1421 ducis
1550 1388 1585 1421 in
1614 1387 1728 1433 Olyka
1747 1393 1780 1422 et
1800 1389 1953 1430 Niesvi2‚
1976 1391 2048 1426 Vil-

422 1449 538 1484 nensis
566 1447 724 1493 palatini,
760 1446 1074 1492 Hierosolymitani
1109 1445 1246 1491 equitis.
1280 1447 1362 1480 anni
1402 1447 1518 1493 hujus,
1552 1460 1670 1483 mense
1706 1450 1897 1490 februario,
1931 1452 2043 1497 pridie

422 1510 593 1546 kalendas
625 1509 768 1543 martias
804 1508 848 1542 ad
875 1508 1019 1554 praemia
1053 1507 1254 1542 meritorum
1286 1520 1329 1542 ex
1365 1509 1430 1544 hac
1464 1522 1579 1544 rerum
1616 1511 1815 1545 mortalium
1848 1511 2042 1549 colluvione

421 1574 596 1611 translati.
615 1573 719 1608 Multi
739 1573 876 1618 quidem
892 1573 933 1607 de
953 1573 1018 1607 hoc
1033 1572 1189 1618 principe
1210 1572 1373 1605 memoria
1393 1572 1546 1605 omnium
1573 1572 1780 1606 swculorum
1803 1573 1922 1619 digno,
1954 1586 2041 1619 prae-

420 1639 516 1674 clara
535 1637 606 1672 suis
632 1636 864 1670 monumentis
895 1636 1148 1680 consignarunt
1175 1633 1296 1673 multa,
1324 1633 1386 1668 sed
1408 1634 1537 1680 singuli
1561 1634 1633 1669 sere
1663 1635 1820 1680 singula,
1854 1648 1964 1681 neque
1980 1636 2044 1671 fuit

422 1701 549 1740 adhuc,
572 1699 629 1745 qui
658 1709 799 1744 sparsas
830 1699 957 1744 passim
979 1709 1039 1744 per
1073 1696 1181 1730 libros
1207 1696 1329 1730 laudes
1358 1696 1436 1735 viri,
1470 1696 1666 1741 prrecipuas
1703 1697 1834 1742 utique,
1868 1697 1904 1731 in
1939 1710 2043 1732 unum

422 1764 615 1809 collegerit.
635 1762 749 1796 Natus
775 1762 831 1796 hic
861 1762 909 1795 IV
935 1773 1041 1795 nonas
1083 1760 1225 1795 sextiles
1250 1761 1341 1795 1549
1360 1759 1508 1794 Nicolao
1528 1759 1641 1804 Nigro
1662 1758 1816 1805 palatino
1836 1760 1996 1796 Vilnensi
2011 1765 2045 1796 et

422 1825 628 1862 Elisabetha
645 1824 686 1858 de
701 1823 984 1870 Szydlovieckiis,
1007 1822 1190 1857 castellani
1207 1821 1444 1856 Cracoviensis
1468 1820 1549 1860 filia,
1572 1822 1777 1866 parentibus
1797 1822 1910 1857 adhuc
1925 1824 2044 1858 catho-

421 1888 510 1928 licis,
529 1891 675 1932 paterna
692 1897 734 1920 ex
749 1885 891 1930 antiqua
909 1884 1132 1924 Narimundi,
1149 1884 1246 1918 ducis
1267 1883 1441 1918 Lituanize
1457 1886 1491 1917 et
1510 1883 1631 1928 stirpe.
1660 1883 1844 1928 Agnomen
1865 1885 2040 1925 Sierotka,

422 1964 488 1998 quo
504 1951 559 1985 hic
578 1951 613 1984 iu
628 1961 691 1983 sua
721 1948 851 1983 saniilia
869 1947 1112 1993 distinguitur,
1140 1957 1215 1980 sors
1236 1945 1302 1979 sibi
1323 1944 1458 1978 indidit.
1492 1943 1758 1978 Celebrantibus
1778 1945 1812 1978 in
1836 1945 1917 1979 aula
1934 1946 2042 1991 Sigis-

422 2013 542 2048 mundi
568 2011 719 2058 Augusti
738 2011 843 2058 regia·
864 2009 1078 2056 proceribus,
1108 2007 1226 2041 nescio
1251 2006 1361 2051 cujus,
1396 2005 1535 2050 nuptias
1560 2006 1696 2051 (quibus
1725 2007 1893 2042 Nicolaus
1921 2008 2037 2049 etiam,

420 2079 493 2109 tuin
511 2073 698 2108 admodum
713 2084 811 2119 puer,
842 2084 918 2107 cum
939 2071 1010 2106 suis
1030 2071 1198 2104 intererat
1213 2067 1429 2114 parentibus)
1443 2067 1709 2112 conviviumque
1724 2067 1759 2101 in
1775 2080 1886 2102 seram
1906 2075 2041 2103 noctem

420 2140 455 2171 et
472 2136 617 2170 choreas
635 2134 863 2181 agitantibus,
879 2134 1022 2180 jejunus
1037 2134 1123 2179 ipse,
1141 2143 1162 2165 a
1174 2131 1245 2166 suis
1266 2130 1370 2165 etiam
1382 2128 1524 2164 relictus
1540 2129 1697 2175 ephebis,
1716 2131 1938 2166 solitudinem
1957 2144 2042 2178 puer

419 2197 514 2233 solus
533 2209 631 2231 suam
650 2197 684 2231 in
704 2196 861 2231 conclavi
880 2196 1045 2230 interiore
1060 2193 1225 2240 lacrymis
1244 2192 1435 2226 solabatur.
1460 2191 1585 2225 Indicit
1603 2191 1692 2226 forte
1709 2192 1743 2226 in
1762 2205 1904 2238 puerum
1921 2195 2038 2228 convi-

421 2263 521 2293 vator
556 2269 629 2299 reX,
657 2258 911 2302 miseratusque
933 2267 1009 2290 eam
1045 2255 1183 2290 Nicolai
1217 2254 1413 2294 orbitatem,
1445 2253 1608 2299 produxit
1650 2256 1783 2290 tristem
1823 2257 1858 2291 in
1894 2258 2038 2292 chorum

420 2318 754 2366 complaudentium,
776 2324 893 2363 atque,
932 2328 975 2352 en
1011 2317 1121 2358 vobis,
1159 2316 1272 2362 patria
1291 2315 1414 2360 lingua
1442 2315 1565 2362 inquit,
1595 2319 1772 2358 Βίενοίῖῑω
1805 2331 1871 2364 quo
1891 2320 2037 2354 nomine

421 2382 538 2417 Latini
557 2381 660 2415 orbos
675 2380 892 2426 pupillosque
911 2378 1100 2425 appellant.
1122 2378 1314 2423 Exceptum
1330 2376 1576 2413 blandimentis
1591 2379 1814 2414 convivarum
1836 2381 2042 2415 vocabulum

420 2444 501 2479 inde
516 2442 661 2478 Nicolao
683 2453 855 2487 agnomen
875 2453 939 2476 usu
953 2439 1205 2487 appellantium
1220 2439 1360 2473 factum.

475 2505 670 2551 Magistros
686 2503 883 2538 litterarum
904 2514 922 2537 e
941 2507 1036 2537 secta
1056 2501 1190 2536 Calx‘ini
1213 2501 1249 2535 in
1263 2500 1345 2535 aula
1359 2505 1507 2546 paterna
1525 2503 1616 2538 male
1631 2508 1768 2543 nactus,
1794 2507 1914 2550 captus
1931 2503 2041 2539 homi-
