2184 2953
270 401 332 428 1581

267 581 388 608 Convivi-

268 629 311 646 um
325 622 352 647 et
364 629 418 647 mo-

268 668 308 684 res
322 660 400 692 prisci

266 698 355 730 gentis

270 737 403 765 mossiacae.

445 303 485 335 96
815 309 1090 339 LITUANICARUM
1114 309 1326 338 SOCIETATIS
1349 309 1432 339 JESU
1457 309 1707 339 HISTORIARUM

447 400 481 431 et
506 399 792 444 responsionibus
820 401 870 436 uti
889 406 965 437 erat
983 401 1149 436 solemne.
1172 401 1258 439 Quae
1275 412 1363 446 gens
1390 400 1494 435 hodie
1520 412 1623 446 quam
1650 400 1695 435 sit
1712 401 1863 442 exculta,
1874 402 1948 447 jam
1967 414 2067 438 nemo

448 458 601 504 ignorat.
624 461 765 497 Tertius
783 467 861 508 post
879 467 913 498 et
927 463 1052 498 deinde
1071 465 1215 508 quartus
1235 461 1373 508 praefati
1391 463 1526 503 eadem,
1544 463 1600 498 hic
1618 475 1695 499 sese
1718 464 1762 498 ad
1789 464 1940 499 officium
1968 476 2068 501 omne

446 519 575 566 legato,
605 523 664 558 ille
694 535 820 570 equum
849 525 966 566 etiam,
1000 525 1084 559 luxu
1118 522 1564 571 phaleratum'barbariCQ
1595 538 1661 572 quo
1694 527 1727 560 in
1767 527 1888 562 urbem
1923 528 2069 563 vehatur

448 583 644 628 magnifice,
662 586 800 621 nomine
820 587 926 621 Ducis
942 587 1066 633 Magni
1085 588 1248 623 offerunt.
1277 588 1416 633 Majore
1443 589 1569 625 deinde
1596 601 1700 636 quam
1727 590 1934 632 Smolensci‚
1958 592 2068 626 Anto-

445 645 524 681 nius
551 647 754 684 celebritate
780 654 942 696 acceptus
973 654 1007 685 et
1034 663 1172 697 pompa,
1207 663 1285 685 cum
1321 650 1392 685 suis
1427 655 1577 698 quatuor
1608 664 1627 687 e
1662 652 1834 688 Societate
1869 654 2066 695 comitibus,

444 708 644 758 Starzyciae‚
663 712 766 747 biduo
795 717 873 758 post
900 714 945 748 ad
967 718 1190 760 conspectum
1218 715 1269 749 M.
1299 714 1405 749 Ducis
1432 714 1638 749 admittitur.
1662 714 1832 760 Cupiebat
1858 715 2008 762 quidem,
2031 720 2069 751 ut

440 784 544 818 quam
575 775 717 809 minima
748 787 875 821 pompa
904 776 1134 812 deduceretur
1160 779 1204 813 ad
1244 779 1457 825 principem;
1494 778 1555 813 sed
1592 778 1836 814 consuetudini
1871 780 2066 825 parendum

438 836 502 871 fuit
523 849 529 872 :
551 849 608 879 ne,
627 838 657 872 si
683 838 834 872 officium
862 839 1103 880 detrectasset,
1126 841 1262 876 animus
1292 841 1529 876 offenderetur
1556 840 1742 886 principis;
1764 840 1823 886 qui
1850 852 1929 876 eum
1956 841 2067 877 hono-

437 910 509 934 rem
542 900 577 934 in
603 900 722 946 legato
749 900 822 935 ibat
851 901 1011 936 Pontifici
1040 903 1191 937 maximo
1223 902 1430 938 exhibitum.
1454 903 1575 947 Itaque
1601 901 1748 948 pannosi
1775 902 1929 948 quinque
1956 914 1975 938 e
2003 903 2067 938 So-

437 960 559 996 cietate
577 962 598 996 J
602 973 663 997 esu
686 963 858 1004 homines,
879 963 970 998 inter
995 969 1262 1010 purpuratorum
1285 964 1441 1011 agmina,
1461 967 1531 998 tota
1554 963 1640 999 urbe
1659 975 1721 1010 per
1742 964 1914 999 instructa
1933 965 2065 999 ordini-

436 1024 500 1060 bus
519 1025 645 1060 civium
666 1026 883 1072 militumque
911 1028 1028 1062 omnia
1050 1028 1094 1062 ad
1122 1026 1351 1061 diversorium
1380 1026 1599 1061 deducuntur
1626 1025 1856 1072 peramplum.
1891 1027 2063 1062 Ornatum

437 1097 478 1121 eo
505 1087 561 1122 die
587 1090 866 1134 apparatumque
893 1089 1092 1123 convivium
1121 1102 1127 1123 :
1156 1090 1223 1129 cui,
1257 1093 1385 1135 praeter
1411 1099 1484 1129 008,
1515 1100 1536 1122 a
1563 1088 1689 1134 quibus
1714 1088 1852 1134 legatus
1881 1093 2059 1136 exceptus,

435 1159 598 1194 proceres
625 1160 666 1184 ac
693 1150 880 1195 sexaginta
918 1151 1056 1185 circiter
1093 1150 1264 1185 minorum
1296 1151 1453 1196 gentium
1487 1151 1593 1192 viros,
1625 1151 1826 1198 praenobilis
1857 1152 2062 1188 adolescens

435 1208 605 1250 interfuit,
640 1211 767 1246 missus
804 1223 826 1246 a
859 1212 1030 1258 principe,
1060 1217 1226 1257 tanquam
1262 1223 1345 1246 suus
1384 1213 1428 1247 ad
1465 1213 1616 1248 officium
1652 1213 1815 1248 vicarius.
1851 1214 1994 1250 Assedit
2031 1215 2061 1250 is

433 1270 566 1318 legato,
596 1273 640 1308 ad
672 1286 787 1315 omne,
819 1275 910 1320 quod
949 1279 1197 1321 apponeretur,
1231 1275 1401 1310 ferculum
1435 1275 1645 1321 assurgebat
1677 1276 1823 1322 primus,
1857 1280 1904 1317 et,
1939 1280 2060 1322 aperto

432 1334 560 1379 capite,
581 1335 690 1370 titulis
718 1336 884 1382 principis
912 1337 966 1371 sui
998 1337 1152 1372 recitatis
1179 1337 1352 1377 omnibus,
1385 1336 1485 1378 illud,
1503 1337 1603 1382 quasi
1630 1337 1785 1372 solemne
1811 1337 2060 1383 hospitalitatis

432 1407 584 1440 carmen,
615 1399 772 1433 convivae
798 1398 997 1434 inculcabat
1028 1411 1034 1433 :
1070 1410 1219 1444 magnus
1246 1399 1316 1433 dux
1342 1399 1411 1433 hac
1437 1398 1500 1432 tibi
1528 1399 1614 1444 dape
1639 1397 1831 1444 gratificari
1868 1399 1974 1444 cupit.
2004 1398 2059 1433 Ad

433 1458 572 1494 ultimos
605 1460 753 1507 denique
781 1461 921 1502 missus,
951 1472 1014 1506 pro
1049 1460 1221 1495 colutheis
1256 1460 1384 1500 illatos,
1416 1461 1461 1494 ad
1489 1471 1614 1506 panem
1647 1472 1837 1495 conversus
1864 1464 1899 1495 et
1930 1460 2053 1501 salem,

432 1521 518 1553 Kleb
543 1522 589 1554 da
616 1522 684 1562 Sol,
714 1520 829 1566 patria
854 1520 977 1566 lingua
999 1519 1111 1557 hilare
1134 1523 1338 1569 pronuntiat
1360 1534 1366 1555 :
1391 1533 1458 1568 quo
1481 1523 1574 1568 apud
1595 1534 1671 1557 eam
1693 1526 1835 1567 gentem
1859 1522 2058 1567 significare

432 1585 676 1621 convivatores
704 1585 882 1627 volebant,
914 1597 1040 1632 panem
1071 1591 1105 1622 et
1132 1587 1241 1621 salem
1268 1596 1427 1632 suprema
1455 1594 1531 1619 esse
1561 1584 1712 1618 convivii
1739 1584 1793 1618 sui
1820 1578 1950 1618 edulia.
1982 1585 2054 1618 Ista

432 1654 505 1685 tum
532 1651 617 1697 ipsis
636 1655 712 1686 erat
731 1651 895 1687 solemnis
914 1652 978 1686 sub
996 1652 1100 1688 finem
1119 1651 1345 1698 phiditiorum
1363 1660 1505 1684 suorum
1523 1648 1694 1689 formula3
1717 1659 1876 1694 eamque,
1897 1648 2052 1694 ajebant,

433 1713 634 1758 superiores
661 1724 743 1747 suos
771 1724 788 1747 a
816 1713 940 1759 Sergio
968 1714 1138 1749 monacho
1166 1712 1365 1757 accepisse:
1396 1722 1497 1756 quem
1528 1715 1609 1745 ante
1645 1710 1712 1745 190
1739 1721 1851 1744 annos
1878 1714 2053 1745 mortuum

431 1785 495 1820 pro
523 1775 612 1809 Divo
641 1776 819 1822 praecipua
846 1776 1007 1811 colebant
1037 1777 1179 1821 pietate.
1210 1775 1346 1820 Nempe
1383 1773 1453 1813 ille,
1484 1774 1565 1808 dum
1600 1774 1693 1820 apud
1729 1784 1766 1808 se
1803 1784 1952 1818 magnus
1984 1773 2055 1807 dux

430 1836 628 1872 Russorum
656 1838 855 1873 Demetrius
882 1838 1114 1878 accumberet,
1145 1837 1187 1871 iis
1214 1836 1330 1871 verbis
1361 1835 1552 1870 daemonem
1580 1847 1598 1870 e
1625 1835 1714 1870 cella
1740 1835 1887 1881 fugasse
1913 1835 2048 1870 dicitur.

433 1899 612 1935 Putabant
626 1901 745 1946 itaque
772 1904 907 1935 veteres
924 1900 974 1934 illi
995 1901 1125 1935 eisdem
1143 1898 1273 1934 malum
1288 1908 1388 1932 omne
1411 1895 1633 1930 averruncari
1652 1906 1765 1940 posse.
1787 1895 1931 1929 Decimo
1946 1894 2050 1928 tertio

432 1962 504 1997 kal.
546 1974 617 2009 sep.
659 1963 847 1997 secundum
887 1974 960 1997 rem
993 1962 1167 2002 divinam,
1201 1961 1361 2007 privatim
1395 1959 1430 1993 in
1468 1957 1603 1991 aedibus
1638 1960 1838 2003 peractam,
1873 1967 2049 2002 proceres,

433 2025 542 2060 multo
570 2025 821 2071 splendidoque
849 2024 966 2070 stipati
998 2024 1176 2063 comitatu,
1195 2023 1352 2057 revisunt
1371 2020 1539 2065 legatum,
1556 2022 1780 2064 monentque,
1798 2029 1923 2052 vacare
1951 2029 2051 2052 suum

434 2087 639 2133 principem.
671 2087 870 2133 expeditum
897 2086 941 2120 ad
968 2085 1161 2120 faciendam
1187 2084 1316 2130 hospiti
1341 2080 1576 2122 audientiam3
1607 2081 1693 2121 sive,
1725 2085 1761 2115 ut
1787 2080 1908 2127 phrasi
1930 2091 2051 2115 eorum

434 2147 557 2192 gentili
592 2152 743 2187 utamur,
772 2151 981 2193 potestatem
1016 2147 1134 2193 legato
1170 2147 1259 2187 fieri,
1290 2144 1451 2180 veniendi
1486 2144 1531 2178 ad
1566 2143 1868 2179 serenissimorum
1907 2154 2050 2177 suorum

431 2211 537 2245 Ducis
565 2211 742 2245 oculorum
772 2215 1008 2256 conspectum.
1044 2211 1175 2245 Omitto
1201 2208 1351 2244 civitatis
1379 2218 1419 2241 00
1447 2207 1503 2240 die
1538 2206 1789 2245 celebritatem,
1817 2208 2048 2250 ornatumque

431 2272 611 2307 visendum
640 2283 789 2306 omnem.
825 2273 902 2318 Ipse
930 2283 994 2306 sua
1020 2273 1057 2306 in
1086 2272 1165 2306 aula
1193 2271 1272 2305 Dux
1298 2268 1496 2314 magnifice,
1524 2279 1566 2303 ac
1593 2279 1677 2302 sane
1712 2278 1774 2313 pro
1809 2277 1870 2300 sua
1893 2270 1927 2301 et
1961 2277 2045 2312 pon-

430 2336 539 2371 tificia
567 2336 729 2381 Gregorii
756 2340 790 2371 et
826 2336 925 2382 regia
957 2335 1127 2382 Stephani
1161 2333 1332 2379 dignitate
1359 2330 1584 2378 spectabilem
1611 2340 1648 2364 se
1674 2327 1808 2368 obtulit,
1841 2338 1882 2362 ac
1906 2339 2045 2363 sereno—

432 2410 508 2434 rum
528 2398 588 2432 illo
607 2402 793 2443 conspectu
821 2398 1001 2432 oculorum
1028 2398 1193 2443 dignatus
1211 2399 1264 2430 est
1290 2398 1465 2429 oratorem
1488 2394 1524 2428 111
1551 2396 1675 2428 senatu
1700 2391 1992 2438 frequentissimo.

480 2462 546 2496 Hic
560 2461 604 2496 ad
624 2464 846 2506 conspectum
860 2460 969 2505 legati
984 2460 1139 2505 assurgit
1157 2462 1357 2494 senatorum
1384 2457 1528 2503 primus,
1551 2454 1764 2499 solemnique
1781 2453 1817 2487 in
1835 2453 2043 2499 accipiendis

427 2525 559 2572 legatis
586 2525 667 2563 ritu,
685 2523 901 2559 contentiore
925 2524 1029 2569 paulo
1049 2534 1156 2558 voce:
1182 2521 1331 2557 maxime
1359 2520 1532 2566 princeps,
1562 2517 1686 2562 inquit,
1715 2515 1889 2550 Antonius
1916 2515 2053 2550 Posse-²
