2184 2953
398 286 436 316 82
766 287 1039 317 LITUANICARUM
1064 288 1276 317 SOCIETATIS
1297 289 1383 317 JESU
1406 287 1658 317 HISTORIARUM

305 379 369 406 1579
398 393 413 408 ι
436 377 708 425 lustrandasque
736 380 875 415 Svirum
903 378 1144 421 discessimus3
1175 391 1242 425 quo
1260 379 1399 425 quidem
1416 380 1451 414 111
1476 379 1552 415 1000
1572 379 1678 414 multa
1708 391 1772 414 nos
1795 379 2015 425 diligensque

398 454 413 469 κ
437 440 643 476 deliberatio
677 443 801 483 tenuit,
823 454 987 488 quorsum
1018 453 1081 476 nos
1112 442 1328 487 potissimum
1348 453 1424 475 cum
1451 442 1660 476 exercitibus
1679 442 1808 476 nostris
1827 442 1861 475 in
1881 442 2018 477 hostem

398 518 413 532 a
436 503 686 546 conferremus,
708 505 858 550 quidque
891 504 1096 544 rectissime,
1125 508 1159 539 et
1190 516 1292 549 quam
1324 504 1478 539 maxima
1509 517 1585 539 cum
1616 505 1766 539 utilitate
1798 504 2017 550 Reipublicae

396 580 411 594 ει
433 566 535 601 nobis
550 571 631 602 ante
652 568 770 602 onmia
788 567 879 602 bello
898 566 1177 612 aggrediendum
1193 570 1294 601 esset.
1319 567 1439 601 Rebus
1466 578 1548 601 vero
1576 567 1735 601 omnibus
1755 568 1789 601 in
1818 572 2016 602 accuratam

396 643 411 656 a
440 629 756 665 considerationem
771 629 917 670 vocatis,
935 640 978 663 ex
990 628 1123 674 judicio
1153 632 1187 663 et
1215 632 1415 663 senatorum
1434 633 1634 663 nostrorum
1660 633 1693 663 et
1723 628 1872 663 aliorum
1892 628 2015 663 milita-

396 705 410 718 «
434 690 523 725 rium
551 692 719 732 virorum,
743 692 800 737 qui
828 692 929 726 nobis
948 691 1109 731 aderant,
1131 702 1209 726 eam
1238 691 1379 725 tandein
1400 691 1434 725 in
1454 691 1664 726 sententiam
1697 691 1953 732 descendimus,
1981 695 2018 725 ut

395 767 409 781 α
433 753 580 799 primam
595 765 772 789 armorum
792 758 992 788 nostrorum
1019 752 1089 787 vim
1107 752 1152 787 ad
1180 752 1357 787 Polociam
1373 753 1641 799 oppugnandam
1676 754 1828 788 conferri
1856 756 2017 799 oportere

395 829 410 843 ιε
433 815 717 850 concluderemus
749 827 755 849 :
786 815 878 860 quod
909 815 1047 860 quidem
1080 826 1121 849 ea
1144 826 1208 848 arx
1239 815 1431 849 cervicibus
1454 815 1503 849 M.
1528 815 1674 849 ducatus
1706 815 1817 850 nostri
1844 815 2018 850 Lituaniae

395 891 409 905 α
432 880 535 922 atque
551 877 638 913 adeo
658 878 725 923 ipsi
740 877 872 912 civitati
892 881 1022 912 nostrae
1036 876 1212 917 Vilnensi,
1236 876 1332 911 nulla
1351 877 1421 911 alia
1436 877 1590 912 firmiore
1609 877 1801 912 munitione
1816 877 2014 923 interjecta,

394 955 408 969 u
431 940 649 981 immineret3
694 952 737 975 ex
768 952 833 986 qua
861 941 962 975 nobis
993 941 1029 974 in
1047 940 1125 974 aliis
1156 940 1401 974 remotioribus
1433 941 1533 986 regni
1564 940 1650 975 locis
1681 941 1872 987 occupatis,
1894 941 2012 975 oblata

393 1017 408 1031 «ι
432 1003 628 1043 occasione,
646 1014 814 1037 summam
829 1014 900 1037 non
914 1002 1017 1037 modo
1033 1002 1208 1036 Lituaniae
1223 1001 1441 1047 diripiendae,
1464 1002 1525 1037 sed
1541 1002 1657 1037 Vilnae
1680 1003 1785 1037 etiam
1800 1003 2015 1043 adoriendae,

393 1079 407 1093 α
430 1064 628 1099 facultatem
661 1064 773 1099 hostis
804 1064 988 1099 habiturus
1020 1064 1210 1098 videretur.
1243 1064 1458 1099 Faciendum
1486 1068 1658 1110 praeterea
1688 1065 1886 1099 necessario
1915 1064 2016 1099 nobis

393 1142 407 1155 α
429 1127 541 1161 visum
561 1130 628 1168 est,
655 1130 704 1167 ut,
726 1138 804 1161 cum
822 1126 951 1161 bellum
969 1126 1035 1160 hoc
1066 1136 1136 1159 non
1167 1125 1268 1159 modo
1287 1137 1405 1160 rerum
1424 1126 1615 1160 communis
1636 1125 1855 1172 Reipublicae
1874 1137 2016 1172 recupe-

394 1204 408 1218 ει
430 1188 620 1223 randarum
652 1199 767 1230 causa,
803 1188 866 1223 sed
896 1187 1006 1222 hostis
1039 1187 1145 1222 etiam
1182 1198 1284 1232 quam
1316 1187 1521 1233 longissime
1553 1188 1768 1228 removendi,
1803 1188 2015 1234 graviusque

395 1266 409 1279 α
432 1251 614 1286 coercendi
646 1251 760 1297 gratia
778 1254 976 1296 susceptum
994 1249 1202 1290 habea11ms;
1225 1249 1503 1295 expeditionibus
1518 1251 1660 1291 nostris,
1677 1251 1712 1284 in
1727 1250 1782 1285 his
1798 1251 2017 1296 potissimum

392 1328 406 1341 a<
429 1313 645 1359 regionibus,
664 1313 816 1347 maxima
830 1312 913 1347 anni
932 1316 1044 1358 parte,
1062 1317 1123 1348 aut
1136 1313 1326 1359 frigoribus
1346 1313 1564 1359 gravissimis
1584 1317 1645 1348 aut
1662 1314 1829 1348 imbribus
1849 1314 2013 1355 assiduis,

390 1391 405 1404 a
428 1376 563 1412 militiae
582 1376 731 1417 infestis,
752 1380 826 1411 tum
845 1388 982 1422 quoque
1014 1376 1057 1411 ob
1082 1376 1282 1411 vastitatem
1302 1376 1525 1418 difficillimis,
1547 1377 1831 1423 propinquiorem
1862 1376 2015 1422 aliquam

391 1453 406 1467 α
429 1437 559 1479 sedem,
582 1442 616 1474 et
635 1438 734 1484 quasi
754 1438 940 1480 officinam,
963 1450 1065 1484 quam
1084 1439 1162 1484 ipsa
1181 1438 1284 1472 Vilna
1310 1442 1413 1479 esset,
1436 1450 1699 1484 comparemus;
1721 1450 1764 1473 ex
1784 1449 1853 1484 qua
1876 1439 2015 1484 quidem

390 1516 404 1529 ιι
427 1500 566 1536 officina
593 1512 697 1547 quam
721 1500 871 1536 maxime
901 1500 1080 1547 integrum
1099 1504 1344 1547 recentemque
1375 1501 1514 1547 penitus
1540 1501 1576 1535 in
1599 1501 1712 1535 solum
1743 1501 1870 1536 hostile
1890 1501 2016 1536 ducere

390 1578 405 1592 κ
427 1563 571 1599 militem
593 1567 627 1598 et
655 1563 739 1598 belli
758 1564 993 1598 instrumenta
1023 1563 1342 1610 impedimentaque
1370 1563 1505 1598 minore
1525 1575 1602 1598 cum
1621 1564 1763 1609 negotio
1787 1564 1832 1598 ad
1863 1575 1918 1598 res
1938 1576 2015 1599 cum

390 1640 404 1654 α
427 1625 608 1661 celeritate
622 1625 857 1671 felicitateque
877 1625 1052 1671 gerendas
1071 1625 1263 1661 transferre
1282 1636 1477 1671 possemus.
1499 1626 1637 1664 Quanta
1655 1626 1748 1661 enim
1773 1637 1850 1660 cum
1869 1625 2014 1660 difficul-

391 1703 405 1717 κ
426 1691 498 1722 tate
517 1698 558 1722 ac
576 1686 785 1722 detrimento
805 1687 911 1722 Vilna
930 1686 1016 1721 illud
1031 1687 1157 1721 facturi
1174 1699 1342 1728 essemus,
1365 1687 1461 1722 brevi
1481 1687 1545 1722 hoc
1564 1688 1702 1728 itinere,
1726 1699 1792 1733 quo
1812 1699 1891 1722 cum
1913 1699 2014 1722 exer-

390 1765 404 1779 α
427 1750 497 1784 citu
516 1754 634 1785 nostro
650 1750 830 1796 progressi
852 1762 985 1789 sumus,
1004 1760 1130 1795 magna
1150 1760 1226 1783 cum
1242 1749 1402 1784 molestia
1414 1753 1532 1784 nostra
1551 1750 1790 1795 cognovimus.
1814 1749 1960 1784 Accedit
1979 1753 2013 1784 et

390 1827 405 1841 ee
427 1812 526 1852 illud,
541 1812 633 1858 quod
647 1811 714 1846 hac
729 1823 822 1853 arce,
841 1823 909 1858 qua
923 1811 1112 1846 firmiorem
1129 1807 1366 1857 majoremque
1383 1812 1493 1847 hostis
1524 1811 1657 1846 nullam
1670 1812 1786 1852 habet,
1800 1815 2012 1858 expugnata,

391 1888 405 1902 α
428 1874 470 1909 de
485 1874 563 1909 aliis
577 1873 770 1909 retinendis
789 1873 925 1907 hostem
942 1872 1055 1918 magis
1075 1872 1245 1913 diffidere,
1263 1876 1297 1907 et
1311 1873 1520 1919 occupandis
1535 1873 1679 1908 militem
1699 1878 1857 1908 nostrum
1872 1884 2014 1919 sperare

393 1950 407 1964 α
430 1935 647 1970 doceremus.
672 1935 825 1969 Tantum
840 1946 923 1970 vero
943 1934 1064 1975 abfuit,
1088 1938 1125 1969 ut
1143 1946 1207 1968 nos
1227 1945 1268 1969 eo
1288 1933 1457 1969 deterreri
1476 1937 1637 1979 oportere
1652 1934 1905 1979 judicaremus,
1923 1933 2016 1979 quod

392 2012 406 2026 α
428 1996 525 2031 100118
543 1996 608 2044 {ille
639 1997 683 2032 ab
711 1997 805 2032 omni
825 2008 929 2043 opere
948 1997 1099 2044 bellique
1127 2000 1299 2043 apparatu
1316 1995 1536 2031 firmissimus
1555 2006 1632 2030 esse
1656 1995 1871 2041 perhibetur,
1893 1999 1931 2029 ut
1949 1995 2015 2030 hoc

392 2072 406 2096 ᾳ
430 2059 544 2104 potius
563 2059 606 2094 de
630 2059 799 2105 principio
815 2059 927 2100 nobis,
946 2059 1142 2094 recentibus
1158 2059 1307 2094 militum
1326 2062 1523 2093 nostrorum
1539 2058 1670 2092 viribus
1685 2058 1893 2103 animisque,
1911 2069 2014 2104 quam

392 2135 406 2149 ει
428 2120 471 2154 118
498 2120 632 2155 militiae
653 2121 879 2156 diuturnitate
909 2121 1060 2161 afflictis,
1082 2121 1286 2156 tentandum
1317 2120 1647 2155 existimaverimus.
1679 2120 1764 2155 Cum
1789 2120 1898 2166 igitur
1925 2120 2014 2154 nihil

391 2196 405 2210 a
428 2182 521 2216 factu
544 2183 658 2228 potius
686 2183 874 2229 utiliusque
896 2183 1095 2228 judicatum
1119 2186 1224 2223 esset,
1246 2194 1323 2223 nos,
1344 2182 1444 2216 factis
1472 2182 1513 2216 ab
1541 2181 1759 2216 invocatione
1791 2181 1866 2227 opis
1885 2181 2013 2215 divinae

390 2258 405 2272 κ
428 2243 604 2290 auspiciis,
627 2244 727 2279 Sviro
759 2245 908 2291 primum
935 2244 1107 2280 illustrem
1139 2245 1324 2279 Nicolaum
1358 2244 1543 2279 Radziwill
1577 2244 1777 2278 Palatinum
1805 2243 2011 2278 Vilnensem

390 2321 405 2335 <c
427 2318 505 2340 cum
536 2306 709 2352 aliquibus
737 2307 891 2352 equitum
921 2307 1144 2353 peditumque
1172 2307 1401 2342 Lituanorum
1426 2306 1534 2352 copiis
1560 2310 1594 2340 et
1626 2310 1720 2340 certo
1755 2306 2005 2351 Hungarorum

390 2381 404 2395 α
427 2378 587 2408 numero,
609 2379 687 2402 cum
706 2379 877 2413 generoso
898 2368 1060 2414 Gasparo
1080 2368 1227 2402 Bekiesz
1256 2367 1433 2402 Polociam
1458 2367 1703 2412 praemisimus,
1733 2367 1895 2402 itinerum
1915 2367 2009 2401 clau-

390 2443 404 2457 κ
427 2428 620 2463 dendorum
640 2440 768 2470 causa;
795 2441 837 2464 ne
856 2429 938 2475 quid
956 2442 976 2464 a
991 2430 1195 2464 Moscorum
1214 2429 1300 2463 duce
1329 2428 1482 2474 praesidii
1509 2429 1710 2470 accederet;
1733 2440 1798 2474 quo
1819 2429 1883 2463 etsi
1902 2429 2010 2475 maj0-

390 2505 405 2519 a
427 2490 523 2526 ribus
544 2491 577 2525 in
598 2503 725 2537 magna
744 2491 847 2526 etiam
868 2492 936 2526 vire
960 2492 1162 2527 difficultate
1192 2491 1374 2526 itineribus
1402 2491 1619 2536 pervenisset
1641 2503 1646 2524 z
1677 2495 1806 2531 tamen,
1829 2503 1905 2525 cum
1931 2490 2008 2536 jam
