2184 2953
396 284 458 317 404
1097 283 1330 314 APPENDICES.

395 401 433 424 se
450 389 539 425 febri
551 390 693 436 Jactari,
712 401 824 436 neque
844 401 947 436 posse
973 392 1107 436 partem
1134 388 1241 423 ullam
1269 390 1395 435 quietis
1422 391 1594 438 accipere.
1617 392 1764 433 Quaerit,
1793 403 1876 426 num
1896 391 2025 426 saltem

394 445 540 481 fallendi
558 447 725 492 temporis
743 446 859 492 gratia
880 446 1052 491 elegantis
1071 445 1260 491 cujuspiam
1288 446 1399 481 libelli
1417 458 1454 482 se
1472 447 1622 482 lectione
1642 446 1793 482 oblectet
1810 460 1818 488 ;
1846 450 1881 483 et
1899 446 2024 482 eadem

396 513 505 548 opera
523 501 663 548 inspicit
676 502 712 536 in
739 501 903 537 cervicali
928 501 1085 536 libellum
1104 513 1111 535 ι
1143 502 1260 544 sumit,
1282 504 1405 549 aperit,
1424 503 1523 549 legit,
1545 507 1650 549 atque
1669 503 1818 538 eundem
1849 503 2025 550 flagitiose

397 568 439 592 ac
457 557 619 604 nequiter
653 558 819 603 scriptum
850 557 1001 597 invenit;
1031 559 1104 591 tum
1128 557 1163 592 in
1183 569 1261 592 cum
1290 559 1428 594 intuens
1449 572 1455 594 :
1478 559 1560 606 quid
1592 559 1717 593 mirum
1745 562 1809 600 est,
1831 559 1893 600 ait,
1915 559 1945 593 si
1962 558 2025 593 tibi

397 612 563 648 valetudo
583 613 764 654 decrescit,
787 616 821 647 et
842 612 984 647 morbus
1003 611 1042 646 fit
1060 613 1221 658 amplior,
1244 614 1302 660 qui
1329 614 1396 649 hoc
1426 615 1634 661 scriptorum
1655 626 1785 661 genere
1810 614 2024 650 delecteris?

399 669 436 704 Si
453 669 550 704 aliud
565 669 654 704 nihil
670 670 706 703 in
726 669 798 703 vita
816 668 1097 709 commeruisses‚
1120 669 1233 704 solum
1252 670 1318 705 hoc
1336 670 1524 716 flagitium,
1547 671 1703 717 gravius,
1726 682 1828 716 quam
1847 682 1938 705 nunc
1958 674 2023 711 est,

399 729 491 760 esset
510 724 873 760 animadvertendum.
909 724 1066 759 Remove
1092 728 1126 759 te
1154 725 1197 760 ab
1223 725 1279 760 his
1307 726 1443 765 studiis,
1463 731 1593 762 etcum
1624 727 1666 761 iis
1687 726 1786 761 libris
1815 730 1850 762 te
1878 726 2028 761 libenter

399 780 548 822 oblecta,
569 781 662 816 unde
681 780 803 815 melior
833 791 875 814 ac
894 780 1027 814 doctior
1053 781 1194 815 evadas.
1225 781 1281 815 Ad
1308 781 1385 816 haec
1411 782 1481 817 alia
1510 783 1615 818 etiam
1633 795 1703 817 non
1724 793 1835 828 pauca
1866 781 2025 822 addidit3

399 836 523 882 quibus
542 836 697 882 impuros
721 836 752 871 ei
771 835 880 870 libros
900 835 934 869 in
950 835 1067 870 odium
1087 839 1121 871 et
1140 837 1434 883 contemptionem
1454 838 1646 873 adduceret
1664 852 1670 880 ;
1696 838 1782 873 illud
1802 838 1912 884 magis
1931 837 2028 872 labo-

398 902 495 931 rans,
513 895 551 926 ut
570 891 746 927 hominem
773 891 935 933 amicum,
958 891 1065 926 animi
1084 903 1187 938 quam
1216 893 1374 939 corporis
1402 894 1522 928 morbo
1549 893 1696 929 levaret.
1730 894 1855 940 Neque
1885 904 2029 940 operam

398 947 549 993 perdidit
579 960 586 982 z
612 959 694 983 nam
729 948 870 989 amicus,
908 959 950 983 ea
976 948 1220 994 objurgatione
1248 948 1376 984 acriter
1412 950 1632 990 verberatus,
1664 950 1899 996 perniciosum
1930 949 2029 983 illum

396 1002 552 1038 libellum
573 1003 731 1038 Vulcano
758 1004 948 1043 mandavit,
967 1007 1072 1050 atque
1100 1005 1222 1040 eodem
1241 1009 1369 1050 puncto
1390 1005 1568 1052 temporis,
1591 1010 1758 1052 tanquam
1787 1006 1815 1041 si
1846 1005 2028 1040 materiam

398 1059 509 1094 morbi
529 1059 704 1105 ejecisset,
726 1071 747 1094 a
766 1071 803 1094 se
822 1059 945 1095 febrim
965 1071 1035 1094 una
1053 1059 1227 1096 discussit.
1252 1079 1266 1093 n

447 1114 581 1161 Corpus
614 1115 782 1151 Stanislai
801 1115 989 1151 cardinalis
1008 1116 1186 1151 conditum
1206 1117 1240 1151 in
1259 1116 1388 1163 templo
1417 1118 1452 1153 S.
1476 1117 1604 1152 Marias
1631 1122 1730 1152 trans
1763 1116 1939 1158 Tiberim;
1968 1116 2032 1151 ibi-

400 1170 479 1205 dem
494 1171 647 1217 elogium
662 1172 766 1218 hujus
781 1172 907 1207 recitat
920 1171 1081 1206 Andreas
1098 1171 1143 1207 du
1159 1173 1296 1219 Sausay
1308 1173 1490 1209 Parisinus
1507 1175 1691 1221 episcopus
1706 1174 1741 1210 in
1756 1185 1820 1209 suo
1848 1173 2029 1220 opusculo,

401 1226 567 1273 inscripto
587 1227 637 1262 sic
655 1240 661 1262 :
685 1228 839 1274 Insignis
859 1228 902 1262 de
922 1228 1159 1274 Scriptoribus
1179 1229 1437 1264 Ecclesiasticis
1457 1229 1572 1264 Emin.
1604 1229 1794 1264 cardinalis
1821 1229 2028 1265 Bellarmini

404 1283 630 1325 continuatio,
653 1284 782 1331 pagina
799 1285 848 1320 28
866 1295 873 1319 ε

1148 1338 1187 1370 D.
1213 1339 1247 1371 Ο.
1272 1339 1316 1370 M.

1085 1386 1241 1418 Stanislao
1269 1386 1365 1418 Hosio

1167 1434 1281 1466 Polono

1065 1483 1094 1514 S.
1110 1482 1146 1514 R.
1166 1482 1200 1513 E.
1216 1482 1379 1520 cardinali,

1039 1530 1216 1561 Varmiensi
1239 1531 1390 1571 episcopo,

1026 1578 1136 1619 majori
1149 1578 1394 1616 Poenitentiario‚

809 1626 881 1658 vitre
897 1625 1083 1662 sanctitatis,
1102 1626 1284 1658 eruditionis
1301 1627 1332 1658 et
1352 1627 1532 1668 eloquentiae
1547 1627 1645 1669 gloria

1106 1673 1317 1709 celeberrimo,

876 1720 1042 1753 Catholicze
1059 1721 1131 1752 fidei
1147 1721 1296 1753 acerrimo
1311 1722 1549 1764 propugnatori;

1157 1769 1294 1808 quicum

1078 1816 1214 1856 antiquae
1227 1817 1391 1857 probitatis

1040 1863 1072 1894 et
1085 1863 1226 1903 Episcopi
1254 1864 1427 1904 vigilantiae

1114 1911 1328 1951 praestantiam

953 1957 984 1989 in
998 1957 1190 1993 humilitate,
1209 1959 1371 1997 charitate,
1388 1960 1535 1992 castitate

996 2007 1026 2037 et
1037 2006 1241 2037 beneficentia
1253 2006 1465 2046 expressisset,

899 2053 1060 2085 haereticas
1084 2054 1183 2084 sectas
1201 2053 1325 2093 scriptis
1352 2054 1384 2084 et
1410 2054 1550 2085 consiliis

900 2102 1143 2143 sapientissime,
1155 2101 1309 2133 ferventer
1333 2103 1550 2142 oppugnasset,

953 2150 1067 2181 multos
1080 2150 1118 2180 ab
1135 2149 1290 2181 erroribus
1310 2150 1494 2186 revocasset,

988 2197 1243 2238 gravissimisque
1260 2196 1472 2237 legationibus

1021 2254 1074 2284 pro
1093 2254 1166 2285 pace
1192 2245 1339 2277 Ecclesiae
1356 2244 1424 2281 Dei,

758 2293 825 2324 tum
837 2292 918 2333 apud
936 2292 1081 2324 Carolum
1098 2291 1124 2323 V
1140 2294 1171 2323 et
1186 2292 1275 2323 Ferd.
1304 2292 1425 2329 Caesar„
1443 2296 1509 2323 tum
1526 2292 1680 2333 praecipue

994 2339 1026 2370 in
1042 2339 1073 2372 S.
1097 2339 1236 2371 Concilio
1252 2339 1444 2376 Tridentino,

1005 2388 1059 2418 Pie
1075 2387 1119 2418 IV
1135 2387 1289 2428 pontificis
1306 2387 1443 2424 nomine,

1052 2435 1181 2466 feliciss.
1205 2434 1397 2474 perfunctus,

1023 2482 1206 2514 Christianae
1221 2481 1412 2522 Reipublicae

1035 2530 1209 2570 plurimum
1221 2529 1387 2569 profuisset
1401 2540 1407 2559 :
