<?xml version="1.0" encoding="UTF-8"?>
<!DOCTYPE html PUBLIC "-//W3C//DTD XHTML 1.0 Transitional//EN"
    "http://www.w3.org/TR/xhtml1/DTD/xhtml1-transitional.dtd">
<html xmlns="http://www.w3.org/1999/xhtml" xml:lang="en" lang="en">
 <head>
  <title>
</title>
<meta http-equiv="Content-Type" content="text/html;charset=utf-8" />
  <meta name='ocr-system' content='tesseract 3.04.00' />
  <meta name='ocr-capabilities' content='ocr_page ocr_carea ocr_par ocr_line ocrx_word'/>
</head>
<body>
  <div class='ocr_page' id='page_1' title='image "./lituanicarumsoci00rost_0233.png"; bbox 0 0 2184 2953; ppageno 0'>
   <div class='ocr_carea' id='block_1_1' title="bbox 621 292 1703 332">
    <p class='ocr_par' dir='ltr' id='par_1_1' title="bbox 621 292 1703 332">
     <span class='ocr_line' id='line_1_1' title="bbox 621 292 1703 332; baseline -0.001 -8"><span class='ocrx_word' id='word_1_1' title='bbox 621 297 726 325; x_wconf 82' lang='lat' dir='ltr'>LIBER</span> <span class='ocrx_word' id='word_1_2' title='bbox 750 297 909 330; x_wconf 80' lang='lat' dir='ltr'>QUINTUs</span> <span class='ocrx_word' id='word_1_3' title='bbox 931 296 1138 332; x_wconf 74' lang='lat'>(1600-1610).</span> <span class='ocrx_word' id='word_1_4' title='bbox 1644 292 1703 323; x_wconf 77' lang='grc'>209</span> 
     </span>
    </p>
   </div>
   <div class='ocr_carea' id='block_1_2' title="bbox 91 395 1724 2587">
    <p class='ocr_par' dir='ltr' id='par_1_2' title="bbox 91 395 1724 2587">
     <span class='ocr_line' id='line_1_2' title="bbox 91 395 1704 441; baseline -0.002 -8"><span class='ocrx_word' id='word_1_5' title='bbox 91 398 270 433; x_wconf 87' lang='lat' dir='ltr'>fraudibus</span> <span class='ocrx_word' id='word_1_6' title='bbox 288 398 456 433; x_wconf 76' lang='lat' dir='ltr'>Demetrii</span> <span class='ocrx_word' id='word_1_7' title='bbox 475 398 643 433; x_wconf 87' lang='lat' dir='ltr'>adversus</span> <span class='ocrx_word' id='word_1_8' title='bbox 673 399 827 434; x_wconf 86' lang='lat' dir='ltr'>Polonos</span> <span class='ocrx_word' id='word_1_9' title='bbox 855 399 1009 438; x_wconf 85' lang='lat' dir='ltr'>incitata,</span> <span class='ocrx_word' id='word_1_10' title='bbox 1034 396 1181 432; x_wconf 80' lang='lat' dir='ltr'>Carolus</span> <span class='ocrx_word' id='word_1_11' title='bbox 1208 397 1276 430; x_wconf 83' lang='lat' dir='ltr'>dux</span> <span class='ocrx_word' id='word_1_12' title='bbox 1301 395 1562 430; x_wconf 88' lang='lat' dir='ltr'>Sudermannus</span> <span class='ocrx_word' id='word_1_13' title='bbox 1586 396 1704 441; x_wconf 89' lang='lat' dir='ltr'>copias</span> 
     </span>
     <span class='ocr_line' id='line_1_3' title="bbox 92 457 1628 506; baseline -0.002 -11"><span class='ocrx_word' id='word_1_14' title='bbox 92 471 172 495; x_wconf 85' lang='lat' dir='ltr'>suas</span> <span class='ocrx_word' id='word_1_15' title='bbox 186 459 322 494; x_wconf 88' lang='lat' dir='ltr'>Baltico</span> <span class='ocrx_word' id='word_1_16' title='bbox 342 460 429 494; x_wconf 89' lang='lat' dir='ltr'>mari</span> <span class='ocrx_word' id='word_1_17' title='bbox 448 460 484 494; x_wconf 91' lang='lat' dir='ltr'>in</span> <span class='ocrx_word' id='word_1_18' title='bbox 499 460 681 495; x_wconf 88' lang='lat' dir='ltr'>Livoniam</span> <span class='ocrx_word' id='word_1_19' title='bbox 696 461 824 501; x_wconf 89' lang='lat' dir='ltr'>intulit,</span> <span class='ocrx_word' id='word_1_20' title='bbox 855 464 1005 506; x_wconf 88' lang='lat' dir='ltr'>quatuor</span> <span class='ocrx_word' id='word_1_21' title='bbox 1020 470 1126 504; x_wconf 87' lang='lat' dir='ltr'>supra</span> <span class='ocrx_word' id='word_1_22' title='bbox 1141 458 1260 492; x_wconf 89' lang='lat' dir='ltr'>decem</span> <span class='ocrx_word' id='word_1_23' title='bbox 1275 457 1383 491; x_wconf 91' lang='lat' dir='ltr'>millia</span> <span class='ocrx_word' id='word_1_24' title='bbox 1401 461 1628 492; x_wconf 89' lang='lat' dir='ltr'>armatorum.</span> 
     </span>
     <span class='ocr_line' id='line_1_4' title="bbox 141 519 1705 568; baseline -0.001 -12"><span class='ocrx_word' id='word_1_25' title='bbox 141 523 234 561; x_wconf 87' lang='lat' dir='ltr'>Quos</span> <span class='ocrx_word' id='word_1_26' title='bbox 258 522 313 556; x_wconf 91' lang='lat' dir='ltr'>hic</span> <span class='ocrx_word' id='word_1_27' title='bbox 340 522 555 568; x_wconf 82' lang='lat' dir='ltr'>gubernator</span> <span class='ocrx_word' id='word_1_28' title='bbox 583 523 740 558; x_wconf 84' lang='lat' dir='ltr'>Livoniae</span> <span class='ocrx_word' id='word_1_29' title='bbox 768 522 913 557; x_wconf 78' lang='lat' dir='ltr'>Carolus</span> <span class='ocrx_word' id='word_1_30' title='bbox 936 520 1176 556; x_wconf 81' lang='lat' dir='ltr'>Chodkiewicz</span> <span class='ocrx_word' id='word_1_31' title='bbox 1196 519 1364 565; x_wconf 86' lang='lat' dir='ltr'>objiceret</span> <span class='ocrx_word' id='word_1_32' title='bbox 1381 519 1527 560; x_wconf 81' lang='lat' dir='ltr'>infestis,</span> <span class='ocrx_word' id='word_1_33' title='bbox 1555 520 1619 554; x_wconf 83' lang='lat' dir='ltr'>tria</span> <span class='ocrx_word' id='word_1_34' title='bbox 1642 531 1705 565; x_wconf 90' lang='lat' dir='ltr'>per</span> 
     </span>
     <span class='ocr_line' id='line_1_5' title="bbox 92 581 1705 630; baseline -0.002 -11"><span class='ocrx_word' id='word_1_35' title='bbox 92 584 285 619; x_wconf 78' lang='lat' dir='ltr'>exinanitos</span> <span class='ocrx_word' id='word_1_36' title='bbox 303 595 372 629; x_wconf 87' lang='lat' dir='ltr'>qua</span> <span class='ocrx_word' id='word_1_37' title='bbox 396 585 678 630; x_wconf 78' lang='lat' dir='ltr'>populationibus</span> <span class='ocrx_word' id='word_1_38' title='bbox 710 585 856 620; x_wconf 81' lang='lat' dir='ltr'>Sueticis</span> <span class='ocrx_word' id='word_1_39' title='bbox 872 595 940 629; x_wconf 89' lang='lat' dir='ltr'>qua</span> <span class='ocrx_word' id='word_1_40' title='bbox 957 583 1047 616; x_wconf 89' lang='lat' dir='ltr'>fame</span> <span class='ocrx_word' id='word_1_41' title='bbox 1078 586 1111 616; x_wconf 91' lang='lat' dir='ltr'>et</span> <span class='ocrx_word' id='word_1_42' title='bbox 1129 581 1330 627; x_wconf 79' lang='lat' dir='ltr'>pestilentia</span> <span class='ocrx_word' id='word_1_43' title='bbox 1353 592 1457 626; x_wconf 81' lang='lat' dir='ltr'>agros</span> <span class='ocrx_word' id='word_1_44' title='bbox 1477 581 1705 616; x_wconf 90' lang='lat' dir='ltr'>Lituanorum</span> 
     </span>
     <span class='ocr_line' id='line_1_6' title="bbox 92 643 1704 692; baseline -0.002 -11"><span class='ocrx_word' id='word_1_45' title='bbox 92 645 213 687; x_wconf 89' lang='lat' dir='ltr'>millia,</span> <span class='ocrx_word' id='word_1_46' title='bbox 248 650 281 681; x_wconf 90' lang='lat' dir='ltr'>et</span> <span class='ocrx_word' id='word_1_47' title='bbox 299 646 509 692; x_wconf 78' lang='lat' dir='ltr'>quingentos</span> <span class='ocrx_word' id='word_1_48' title='bbox 543 647 676 692; x_wconf 78' lang='lat' dir='ltr'>equites</span> <span class='ocrx_word' id='word_1_49' title='bbox 708 645 948 686; x_wconf 82' lang='lat' dir='ltr'>subsidiarios,</span> <span class='ocrx_word' id='word_1_50' title='bbox 983 656 1004 678; x_wconf 88' lang='lat' dir='ltr'>a</span> <span class='ocrx_word' id='word_1_51' title='bbox 1035 644 1190 690; x_wconf 76' lang='lat' dir='ltr'>principe</span> <span class='ocrx_word' id='word_1_52' title='bbox 1205 643 1406 678; x_wconf 69' lang='lat' dir='ltr'>Curlandiae</span> <span class='ocrx_word' id='word_1_53' title='bbox 1426 643 1606 677; x_wconf 85' lang='lat' dir='ltr'>Friderico</span> <span class='ocrx_word' id='word_1_54' title='bbox 1625 644 1704 677; x_wconf 92' lang='lat' dir='ltr'>sub-</span> 
     </span>
     <span class='ocr_line' id='line_1_7' title="bbox 94 705 1706 755; baseline -0.003 -12"><span class='ocrx_word' id='word_1_55' title='bbox 94 709 229 749; x_wconf 84' lang='lat' dir='ltr'>missos,</span> <span class='ocrx_word' id='word_1_56' title='bbox 252 708 428 743; x_wconf 88' lang='lat' dir='ltr'>ductabat.</span> <span class='ocrx_word' id='word_1_57' title='bbox 460 709 591 755; x_wconf 79' lang='lat' dir='ltr'>Rigam</span> <span class='ocrx_word' id='word_1_58' title='bbox 623 710 755 744; x_wconf 86' lang='lat' dir='ltr'>Suecus</span> <span class='ocrx_word' id='word_1_59' title='bbox 775 708 927 755; x_wconf 80' lang='lat' dir='ltr'>perrexit</span> <span class='ocrx_word' id='word_1_60' title='bbox 945 711 1064 747; x_wconf 88' lang='lat' dir='ltr'>recta;</span> <span class='ocrx_word' id='word_1_61' title='bbox 1087 705 1168 740; x_wconf 90' lang='lat' dir='ltr'>inde</span> <span class='ocrx_word' id='word_1_62' title='bbox 1187 705 1251 739; x_wconf 87' lang='lat' dir='ltr'>sibi</span> <span class='ocrx_word' id='word_1_63' title='bbox 1271 716 1292 739; x_wconf 88' lang='lat' dir='ltr'>a</span> <span class='ocrx_word' id='word_1_64' title='bbox 1310 708 1411 750; x_wconf 82' lang='lat' dir='ltr'>tergo</span> <span class='ocrx_word' id='word_1_65' title='bbox 1430 708 1600 745; x_wconf 86' lang='lat' dir='ltr'>metuens,</span> <span class='ocrx_word' id='word_1_66' title='bbox 1626 705 1706 738; x_wconf 86' lang='lat' dir='ltr'>Kir-</span> 
     </span>
     <span class='ocr_line' id='line_1_8' title="bbox 95 767 1707 813; baseline -0.002 -8"><span class='ocrx_word' id='word_1_67' title='bbox 95 771 280 812; x_wconf 88' lang='lat' dir='ltr'>cholmum,</span> <span class='ocrx_word' id='word_1_68' title='bbox 294 771 352 805; x_wconf 90' lang='lat' dir='ltr'>ubi</span> <span class='ocrx_word' id='word_1_69' title='bbox 368 771 508 806; x_wconf 87' lang='lat' dir='ltr'>Lituani</span> <span class='ocrx_word' id='word_1_70' title='bbox 525 775 637 806; x_wconf 84' lang='lat' dir='ltr'>castra</span> <span class='ocrx_word' id='word_1_71' title='bbox 652 771 884 811; x_wconf 86' lang='lat' dir='ltr'>metabantur,</span> <span class='ocrx_word' id='word_1_72' title='bbox 907 769 1096 804; x_wconf 79' lang='lat' dir='ltr'>exercitum</span> <span class='ocrx_word' id='word_1_73' title='bbox 1117 767 1298 802; x_wconf 79' lang='lat' dir='ltr'>convertit.</span> <span class='ocrx_word' id='word_1_74' title='bbox 1312 767 1370 801; x_wconf 88' lang='lat' dir='ltr'>Fit</span> <span class='ocrx_word' id='word_1_75' title='bbox 1380 767 1551 813; x_wconf 73' lang='lat' dir='ltr'>praelium,</span> <span class='ocrx_word' id='word_1_76' title='bbox 1569 767 1707 801; x_wconf 82' lang='lat' dir='ltr'>caedun-</span> 
     </span>
     <span class='ocr_line' id='line_1_9' title="bbox 95 828 1706 878; baseline -0.003 -11"><span class='ocrx_word' id='word_1_77' title='bbox 95 836 150 867; x_wconf 91' lang='lat' dir='ltr'>tur</span> <span class='ocrx_word' id='word_1_78' title='bbox 175 833 303 867; x_wconf 86' lang='lat' dir='ltr'>hostes.</span> <span class='ocrx_word' id='word_1_79' title='bbox 328 832 591 867; x_wconf 84' lang='lat' dir='ltr'>Sudermannus</span> <span class='ocrx_word' id='word_1_80' title='bbox 615 832 697 873; x_wconf 76' lang='lat' dir='ltr'>dux,</span> <span class='ocrx_word' id='word_1_81' title='bbox 719 836 752 867; x_wconf 90' lang='lat' dir='ltr'>et</span> <span class='ocrx_word' id='word_1_82' title='bbox 783 832 857 878; x_wconf 86' lang='lat' dir='ltr'>ipse</span> <span class='ocrx_word' id='word_1_83' title='bbox 888 831 1039 871; x_wconf 85' lang='lat' dir='ltr'>saucius,</span> <span class='ocrx_word' id='word_1_84' title='bbox 1060 829 1199 864; x_wconf 85' lang='lat' dir='ltr'>amissis</span> <span class='ocrx_word' id='word_1_85' title='bbox 1231 828 1350 863; x_wconf 89' lang='lat' dir='ltr'>decem</span> <span class='ocrx_word' id='word_1_86' title='bbox 1381 840 1523 863; x_wconf 87' lang='lat' dir='ltr'>suorum</span> <span class='ocrx_word' id='word_1_87' title='bbox 1541 828 1706 868; x_wconf 85' lang='lat' dir='ltr'>millibus,</span> 
     </span>
     <span class='ocr_line' id='line_1_10' title="bbox 95 890 1706 940; baseline -0.002 -11"><span class='ocrx_word' id='word_1_88' title='bbox 95 895 185 929; x_wconf 91' lang='lat' dir='ltr'>inter</span> <span class='ocrx_word' id='word_1_89' title='bbox 212 906 270 929; x_wconf 90' lang='lat' dir='ltr'>eos</span> <span class='ocrx_word' id='word_1_90' title='bbox 290 894 537 929; x_wconf 87' lang='lat' dir='ltr'>Brunsvicensi</span> <span class='ocrx_word' id='word_1_91' title='bbox 558 899 592 929; x_wconf 86' lang='lat' dir='ltr'>et</span> <span class='ocrx_word' id='word_1_92' title='bbox 610 894 877 940; x_wconf 78' lang='lat' dir='ltr'>Luneburgcnsi</span> <span class='ocrx_word' id='word_1_93' title='bbox 905 893 1062 933; x_wconf 87' lang='lat' dir='ltr'>ducibus,</span> <span class='ocrx_word' id='word_1_94' title='bbox 1082 891 1348 937; x_wconf 70' lang='lat' dir='ltr'>quadringentis</span> <span class='ocrx_word' id='word_1_95' title='bbox 1367 890 1401 924; x_wconf 93' lang='lat' dir='ltr'>in</span> <span class='ocrx_word' id='word_1_96' title='bbox 1422 890 1540 936; x_wconf 82' lang='lat' dir='ltr'>fugam</span> <span class='ocrx_word' id='word_1_97' title='bbox 1559 891 1706 931; x_wconf 84' lang='lat' dir='ltr'>aversis,</span> 
     </span>
     <span class='ocr_line' id='line_1_11' title="bbox 96 953 1710 1003; baseline -0.002 -12"><span class='ocrx_word' id='word_1_98' title='bbox 96 957 189 991; x_wconf 90' lang='lat' dir='ltr'>solus</span> <span class='ocrx_word' id='word_1_99' title='bbox 208 968 246 991; x_wconf 88' lang='lat' dir='ltr'>se</span> <span class='ocrx_word' id='word_1_100' title='bbox 263 957 308 991; x_wconf 86' lang='lat' dir='ltr'>ad</span> <span class='ocrx_word' id='word_1_101' title='bbox 327 969 407 992; x_wconf 86' lang='lat' dir='ltr'>suas</span> <span class='ocrx_word' id='word_1_102' title='bbox 422 969 529 992; x_wconf 86' lang='lat' dir='ltr'>naves</span> <span class='ocrx_word' id='word_1_103' title='bbox 549 957 623 1002; x_wconf 77' lang='lat' dir='ltr'>agit</span> <span class='ocrx_word' id='word_1_104' title='bbox 641 957 865 1003; x_wconf 79' lang='lat' dir='ltr'>praecipitem.</span> <span class='ocrx_word' id='word_1_105' title='bbox 885 954 1100 990; x_wconf 87' lang='lat' dir='ltr'>Admirando</span> <span class='ocrx_word' id='word_1_106' title='bbox 1121 953 1224 1000; x_wconf 87' lang='lat' dir='ltr'>plane</span> <span class='ocrx_word' id='word_1_107' title='bbox 1243 953 1308 988; x_wconf 90' lang='lat' dir='ltr'>Dei</span> <span class='ocrx_word' id='word_1_108' title='bbox 1326 953 1495 988; x_wconf 88' lang='lat' dir='ltr'>beneficio</span> <span class='ocrx_word' id='word_1_109' title='bbox 1516 965 1558 988; x_wconf 87' lang='lat' dir='ltr'>ea</span> <span class='ocrx_word' id='word_1_110' title='bbox 1576 958 1710 988; x_wconf 82' lang='lat' dir='ltr'>nostra-</span> 
     </span>
     <span class='ocr_line' id='line_1_12' title="bbox 95 1014 1710 1057; baseline -0.002 -4"><span class='ocrx_word' id='word_1_111' title='bbox 95 1018 188 1053; x_wconf 86' lang='lat' dir='ltr'>tibus</span> <span class='ocrx_word' id='word_1_112' title='bbox 211 1019 356 1053; x_wconf 87' lang='lat' dir='ltr'>victoria</span> <span class='ocrx_word' id='word_1_113' title='bbox 375 1019 469 1053; x_wconf 83' lang='lat' dir='ltr'>stetit</span> <span class='ocrx_word' id='word_1_114' title='bbox 500 1019 531 1052; x_wconf 90' lang='lat' dir='ltr'>V</span> <span class='ocrx_word' id='word_1_115' title='bbox 550 1018 721 1053; x_wconf 75' lang='lat' dir='ltr'>kalendas</span> <span class='ocrx_word' id='word_1_116' title='bbox 740 1019 912 1057; x_wconf 82' lang='lat' dir='ltr'>octobres,</span> <span class='ocrx_word' id='word_1_117' title='bbox 934 1018 989 1052; x_wconf 89' lang='lat' dir='ltr'>die</span> <span class='ocrx_word' id='word_1_118' title='bbox 1004 1015 1243 1052; x_wconf 87' lang='lat' dir='ltr'>anniversario</span> <span class='ocrx_word' id='word_1_119' title='bbox 1262 1014 1503 1049; x_wconf 77' lang='lat' dir='ltr'>translationis</span> <span class='ocrx_word' id='word_1_120' title='bbox 1521 1014 1615 1049; x_wconf 89' lang='lat' dir='ltr'>beati</span> <span class='ocrx_word' id='word_1_121' title='bbox 1634 1015 1710 1049; x_wconf 86' lang='lat' dir='ltr'>Sta-</span> 
     </span>
     <span class='ocr_line' id='line_1_13' title="bbox 97 1075 1712 1126; baseline -0.002 -13"><span class='ocrx_word' id='word_1_122' title='bbox 97 1079 199 1113; x_wconf 86' lang='lat' dir='ltr'>nislai</span> <span class='ocrx_word' id='word_1_123' title='bbox 214 1079 397 1126; x_wconf 85' lang='lat' dir='ltr'>Martyris,</span> <span class='ocrx_word' id='word_1_124' title='bbox 419 1080 556 1125; x_wconf 87' lang='lat' dir='ltr'>patroni</span> <span class='ocrx_word' id='word_1_125' title='bbox 577 1080 677 1125; x_wconf 78' lang='lat' dir='ltr'>regni</span> <span class='ocrx_word' id='word_1_126' title='bbox 705 1080 873 1114; x_wconf 73' lang='lat' dir='ltr'>Poloniae.</span> <span class='ocrx_word' id='word_1_127' title='bbox 898 1080 951 1113; x_wconf 85' lang='lat' dir='ltr'>Ex</span> <span class='ocrx_word' id='word_1_128' title='bbox 974 1079 1046 1113; x_wconf 81' lang='lat' dir='ltr'>acie</span> <span class='ocrx_word' id='word_1_129' title='bbox 1070 1077 1254 1122; x_wconf 76' lang='lat' dir='ltr'>sexaginta</span> <span class='ocrx_word' id='word_1_130' title='bbox 1277 1075 1405 1111; x_wconf 78' lang='lat' dir='ltr'>vexilla</span> <span class='ocrx_word' id='word_1_131' title='bbox 1425 1076 1564 1111; x_wconf 83' lang='lat' dir='ltr'>Suotica</span> <span class='ocrx_word' id='word_1_132' title='bbox 1583 1076 1712 1121; x_wconf 78' lang='lat' dir='ltr'>Rigam</span> 
     </span>
     <span class='ocr_line' id='line_1_14' title="bbox 98 1138 1713 1188; baseline -0.002 -12"><span class='ocrx_word' id='word_1_133' title='bbox 98 1153 116 1176; x_wconf 82' lang='lat' dir='ltr'>a</span> <span class='ocrx_word' id='word_1_134' title='bbox 135 1142 296 1176; x_wconf 89' lang='lat' dir='ltr'>Lituanis</span> <span class='ocrx_word' id='word_1_135' title='bbox 314 1142 610 1187; x_wconf 81' lang='lat' dir='ltr'>triumphantibus</span> <span class='ocrx_word' id='word_1_136' title='bbox 645 1142 764 1182; x_wconf 83' lang='lat' dir='ltr'>illata;</span> <span class='ocrx_word' id='word_1_137' title='bbox 795 1142 886 1188; x_wconf 84' lang='lat' dir='ltr'>capti</span> <span class='ocrx_word' id='word_1_138' title='bbox 919 1141 1072 1176; x_wconf 90' lang='lat' dir='ltr'>hostium</span> <span class='ocrx_word' id='word_1_139' title='bbox 1099 1139 1366 1186; x_wconf 78' lang='lat' dir='ltr'>quadringenti3</span> <span class='ocrx_word' id='word_1_140' title='bbox 1400 1138 1608 1173; x_wconf 77' lang='lat' dir='ltr'>nostratium</span> <span class='ocrx_word' id='word_1_141' title='bbox 1632 1139 1713 1173; x_wconf 77' lang='lat' dir='ltr'>caesi</span> 
     </span>
     <span class='ocr_line' id='line_1_15' title="bbox 96 1202 1712 1249; baseline -0.001 -12"><span class='ocrx_word' id='word_1_142' title='bbox 96 1203 349 1249; x_wconf 79' lang='lat' dir='ltr'>quinquaginta</span> <span class='ocrx_word' id='word_1_143' title='bbox 376 1215 445 1238; x_wconf 94' lang='lat' dir='ltr'>non</span> <span class='ocrx_word' id='word_1_144' title='bbox 466 1203 629 1249; x_wconf 90' lang='lat' dir='ltr'>amplius,</span> <span class='ocrx_word' id='word_1_145' title='bbox 656 1203 831 1238; x_wconf 85' lang='lat' dir='ltr'>vulnerati</span> <span class='ocrx_word' id='word_1_146' title='bbox 863 1203 1108 1249; x_wconf 82' lang='lat' dir='ltr'>quadraginta.</span> <span class='ocrx_word' id='word_1_147' title='bbox 1133 1202 1334 1237; x_wconf 90' lang='lat' dir='ltr'>Occisorum</span> <span class='ocrx_word' id='word_1_148' title='bbox 1365 1213 1525 1247; x_wconf 83' lang='lat' dir='ltr'>corpora,</span> <span class='ocrx_word' id='word_1_149' title='bbox 1560 1213 1640 1247; x_wconf 86' lang='lat' dir='ltr'>pars</span> <span class='ocrx_word' id='word_1_150' title='bbox 1677 1202 1712 1236; x_wconf 91' lang='lat' dir='ltr'>in</span> 
     </span>
     <span class='ocr_line' id='line_1_16' title="bbox 98 1263 1708 1311; baseline -0.001 -12"><span class='ocrx_word' id='word_1_151' title='bbox 98 1265 330 1306; x_wconf 82' lang='lat' dir='ltr'>coemeteriis,</span> <span class='ocrx_word' id='word_1_152' title='bbox 357 1277 439 1311; x_wconf 87' lang='lat' dir='ltr'>pars</span> <span class='ocrx_word' id='word_1_153' title='bbox 471 1265 506 1299; x_wconf 92' lang='lat' dir='ltr'>in</span> <span class='ocrx_word' id='word_1_154' title='bbox 538 1265 706 1311; x_wconf 78' lang='lat' dir='ltr'>sepulcris</span> <span class='ocrx_word' id='word_1_155' title='bbox 733 1266 892 1306; x_wconf 74' lang='lat' dir='ltr'>condita3</span> <span class='ocrx_word' id='word_1_156' title='bbox 926 1265 999 1310; x_wconf 84' lang='lat' dir='ltr'>ipso</span> <span class='ocrx_word' id='word_1_157' title='bbox 1033 1264 1118 1299; x_wconf 90' lang='lat' dir='ltr'>duce</span> <span class='ocrx_word' id='word_1_158' title='bbox 1145 1264 1310 1309; x_wconf 74' lang='lat' dir='ltr'>exequias</span> <span class='ocrx_word' id='word_1_159' title='bbox 1329 1275 1470 1298; x_wconf 90' lang='lat' dir='ltr'>suorum</span> <span class='ocrx_word' id='word_1_160' title='bbox 1489 1263 1708 1298; x_wconf 88' lang='lat' dir='ltr'>honestante.</span> 
     </span>
     <span class='ocr_line' id='line_1_17' title="bbox 99 1325 1711 1373; baseline -0.001 -12"><span class='ocrx_word' id='word_1_161' title='bbox 99 1326 230 1361; x_wconf 80' lang='lat' dir='ltr'>Gratiae</span> <span class='ocrx_word' id='word_1_162' title='bbox 254 1327 327 1362; x_wconf 92' lang='lat' dir='ltr'>Deo</span> <span class='ocrx_word' id='word_1_163' title='bbox 347 1338 409 1373; x_wconf 92' lang='lat' dir='ltr'>pro</span> <span class='ocrx_word' id='word_1_164' title='bbox 429 1327 574 1361; x_wconf 88' lang='lat' dir='ltr'>victoria</span> <span class='ocrx_word' id='word_1_165' title='bbox 592 1328 720 1373; x_wconf 84' lang='lat' dir='ltr'>hymno</span> <span class='ocrx_word' id='word_1_166' title='bbox 739 1327 970 1361; x_wconf 87' lang='lat' dir='ltr'>Ambrosiano</span> <span class='ocrx_word' id='word_1_167' title='bbox 986 1326 1020 1360; x_wconf 91' lang='lat' dir='ltr'>in</span> <span class='ocrx_word' id='word_1_168' title='bbox 1038 1326 1166 1371; x_wconf 88' lang='lat' dir='ltr'>templo</span> <span class='ocrx_word' id='word_1_169' title='bbox 1190 1325 1335 1371; x_wconf 80' lang='lat' dir='ltr'>Collegii</span> <span class='ocrx_word' id='word_1_170' title='bbox 1351 1325 1560 1360; x_wconf 78' lang='lat' dir='ltr'>decantatae.</span> <span class='ocrx_word' id='word_1_171' title='bbox 1582 1325 1711 1360; x_wconf 90' lang='lat' dir='ltr'>Ducem</span> 
     </span>
     <span class='ocr_line' id='line_1_18' title="bbox 100 1386 1712 1433; baseline 0.001 -12"><span class='ocrx_word' id='word_1_172' title='bbox 100 1391 214 1422; x_wconf 87' lang='lat' dir='ltr'>rector</span> <span class='ocrx_word' id='word_1_173' title='bbox 232 1387 509 1433; x_wconf 80' lang='lat' dir='ltr'>gratulabundus</span> <span class='ocrx_word' id='word_1_174' title='bbox 539 1388 716 1422; x_wconf 79' lang='lat' dir='ltr'>salutavit.</span> <span class='ocrx_word' id='word_1_175' title='bbox 748 1387 901 1432; x_wconf 76' lang='lat' dir='ltr'>Insignis</span> <span class='ocrx_word' id='word_1_176' title='bbox 926 1387 1000 1432; x_wconf 77' lang='lat' dir='ltr'>ejus</span> <span class='ocrx_word' id='word_1_177' title='bbox 1016 1387 1149 1422; x_wconf 79' lang='lat' dir='ltr'>laetitiae</span> <span class='ocrx_word' id='word_1_178' title='bbox 1174 1399 1255 1433; x_wconf 84' lang='lat' dir='ltr'>pars</span> <span class='ocrx_word' id='word_1_179' title='bbox 1278 1387 1322 1421; x_wconf 90' lang='lat' dir='ltr'>ad</span> <span class='ocrx_word' id='word_1_180' title='bbox 1342 1386 1535 1432; x_wconf 81' lang='lat' dir='ltr'>Collegium</span> <span class='ocrx_word' id='word_1_181' title='bbox 1556 1387 1712 1433; x_wconf 81' lang='lat' dir='ltr'>Rigense</span> 
     </span>
     <span class='ocr_line' id='line_1_19' title="bbox 100 1449 1714 1496; baseline 0.001 -13"><span class='ocrx_word' id='word_1_182' title='bbox 100 1449 287 1494; x_wconf 88' lang='lat' dir='ltr'>pertinuit;</span> <span class='ocrx_word' id='word_1_183' title='bbox 328 1450 426 1496; x_wconf 84' lang='lat' dir='ltr'>cujus</span> <span class='ocrx_word' id='word_1_184' title='bbox 458 1449 668 1484; x_wconf 79' lang='lat' dir='ltr'>domicilium</span> <span class='ocrx_word' id='word_1_185' title='bbox 686 1478 692 1489; x_wconf 87' lang='lat'>,</span> <span class='ocrx_word' id='word_1_186' title='bbox 727 1449 893 1494; x_wconf 90' lang='lat' dir='ltr'>templum</span> <span class='ocrx_word' id='word_1_187' title='bbox 911 1476 918 1488; x_wconf 87' lang='lat'>‚</span> <span class='ocrx_word' id='word_1_188' title='bbox 958 1452 991 1483; x_wconf 92' lang='lat' dir='ltr'>et</span> <span class='ocrx_word' id='word_1_189' title='bbox 1031 1449 1165 1494; x_wconf 71' lang='lat' dir='ltr'>praedia</span> <span class='ocrx_word' id='word_1_190' title='bbox 1202 1449 1465 1484; x_wconf 85' lang='lat' dir='ltr'>Sudermannus</span> <span class='ocrx_word' id='word_1_191' title='bbox 1483 1477 1490 1489; x_wconf 89' lang='lat'>,</span> <span class='ocrx_word' id='word_1_192' title='bbox 1529 1449 1714 1485; x_wconf 66' lang='lat' dir='ltr'>haereticos</span> 
     </span>
     <span class='ocr_line' id='line_1_20' title="bbox 102 1509 1514 1557; baseline 0.001 -13"><span class='ocrx_word' id='word_1_193' title='bbox 102 1509 278 1555; x_wconf 86' lang='lat' dir='ltr'>Rigenses</span> <span class='ocrx_word' id='word_1_194' title='bbox 296 1510 342 1545; x_wconf 88' lang='lat' dir='ltr'>ad</span> <span class='ocrx_word' id='word_1_195' title='bbox 364 1510 573 1546; x_wconf 90' lang='lat' dir='ltr'>deditionem</span> <span class='ocrx_word' id='word_1_196' title='bbox 593 1511 758 1550; x_wconf 77' lang='lat' dir='ltr'>invitans,</span> <span class='ocrx_word' id='word_1_197' title='bbox 780 1511 986 1544; x_wconf 87' lang='lat' dir='ltr'>donaturum</span> <span class='ocrx_word' id='word_1_198' title='bbox 1008 1522 1044 1545; x_wconf 87' lang='lat' dir='ltr'>se</span> <span class='ocrx_word' id='word_1_199' title='bbox 1065 1511 1277 1546; x_wconf 85' lang='lat' dir='ltr'>Lutheranis</span> <span class='ocrx_word' id='word_1_200' title='bbox 1296 1511 1514 1557; x_wconf 87' lang='lat' dir='ltr'>promiserat.</span> 
     </span>
     <span class='ocr_line' id='line_1_21' title="bbox 148 1571 1714 1619; baseline 0.002 -14"><span class='ocrx_word' id='word_1_201' title='bbox 148 1571 411 1617; x_wconf 80' lang='lat' dir='ltr'>Brunsbergam</span> <span class='ocrx_word' id='word_1_202' title='bbox 430 1584 500 1607; x_wconf 89' lang='lat' dir='ltr'>non</span> <span class='ocrx_word' id='word_1_203' title='bbox 519 1584 537 1607; x_wconf 95' lang='lat' dir='ltr'>e</span> <span class='ocrx_word' id='word_1_204' title='bbox 557 1573 701 1606; x_wconf 86' lang='lat' dir='ltr'>Prnssia</span> <span class='ocrx_word' id='word_1_205' title='bbox 729 1576 874 1613; x_wconf 78' lang='lat' dir='ltr'>tantum,</span> <span class='ocrx_word' id='word_1_206' title='bbox 906 1571 968 1606; x_wconf 86' lang='lat' dir='ltr'>sed</span> <span class='ocrx_word' id='word_1_207' title='bbox 986 1583 1004 1606; x_wconf 92' lang='lat' dir='ltr'>e</span> <span class='ocrx_word' id='word_1_208' title='bbox 1025 1573 1150 1613; x_wconf 86' lang='lat' dir='ltr'>Dania,</span> <span class='ocrx_word' id='word_1_209' title='bbox 1183 1573 1376 1618; x_wconf 63' lang='lat' dir='ltr'>Noroegia,</span> <span class='ocrx_word' id='word_1_210' title='bbox 1405 1573 1552 1618; x_wconf 86' lang='lat' dir='ltr'>aliisque</span> <span class='ocrx_word' id='word_1_211' title='bbox 1577 1573 1714 1619; x_wconf 79' lang='lat' dir='ltr'>longin-</span> 
     </span>
     <span class='ocr_line' id='line_1_22' title="bbox 103 1632 1716 1680; baseline 0.002 -14"><span class='ocrx_word' id='word_1_212' title='bbox 103 1632 280 1678; x_wconf 87' lang='lat' dir='ltr'>quioribus</span> <span class='ocrx_word' id='word_1_213' title='bbox 310 1634 497 1680; x_wconf 87' lang='lat' dir='ltr'>provinciis</span> <span class='ocrx_word' id='word_1_214' title='bbox 528 1634 724 1668; x_wconf 86' lang='lat' dir='ltr'>litterarum</span> <span class='ocrx_word' id='word_1_215' title='bbox 763 1645 869 1668; x_wconf 87' lang='lat' dir='ltr'>causa</span> <span class='ocrx_word' id='word_1_216' title='bbox 905 1633 1146 1669; x_wconf 76' lang='lat' dir='ltr'>adolescentes</span> <span class='ocrx_word' id='word_1_217' title='bbox 1184 1634 1462 1679; x_wconf 83' lang='lat' dir='ltr'>frenquentiores</span> <span class='ocrx_word' id='word_1_218' title='bbox 1495 1635 1529 1668; x_wconf 93' lang='lat' dir='ltr'>in</span> <span class='ocrx_word' id='word_1_219' title='bbox 1562 1635 1636 1670; x_wconf 89' lang='lat' dir='ltr'>dies</span> <span class='ocrx_word' id='word_1_220' title='bbox 1671 1636 1716 1670; x_wconf 87' lang='lat' dir='ltr'>ad</span> 
     </span>
     <span class='ocr_line' id='line_1_23' title="bbox 103 1694 1717 1742; baseline 0.002 -14"><span class='ocrx_word' id='word_1_221' title='bbox 103 1694 286 1729; x_wconf 86' lang='lat' dir='ltr'>Societatis</span> <span class='ocrx_word' id='word_1_222' title='bbox 316 1695 536 1741; x_wconf 82' lang='lat' dir='ltr'>gymnasium</span> <span class='ocrx_word' id='word_1_223' title='bbox 557 1695 788 1730; x_wconf 83' lang='lat' dir='ltr'>confluebant.</span> <span class='ocrx_word' id='word_1_224' title='bbox 826 1695 862 1728; x_wconf 79' lang='lat' dir='ltr'>Id</span> <span class='ocrx_word' id='word_1_225' title='bbox 894 1695 1079 1740; x_wconf 86' lang='lat' dir='ltr'>populares</span> <span class='ocrx_word' id='word_1_226' title='bbox 1111 1707 1192 1730; x_wconf 89' lang='lat' dir='ltr'>suos</span> <span class='ocrx_word' id='word_1_227' title='bbox 1220 1695 1382 1742; x_wconf 87' lang='lat' dir='ltr'>deinceps</span> <span class='ocrx_word' id='word_1_228' title='bbox 1413 1696 1527 1730; x_wconf 87' lang='lat' dir='ltr'>facere</span> <span class='ocrx_word' id='word_1_229' title='bbox 1558 1696 1717 1732; x_wconf 78' lang='lat' dir='ltr'>haeretici</span> 
     </span>
     <span class='ocr_line' id='line_1_24' title="bbox 103 1756 1717 1804; baseline 0.002 -14"><span class='ocrx_word' id='word_1_230' title='bbox 103 1757 328 1802; x_wconf 80' lang='lat' dir='ltr'>magistratus</span> <span class='ocrx_word' id='word_1_231' title='bbox 347 1756 468 1791; x_wconf 87' lang='lat' dir='ltr'>edictis</span> <span class='ocrx_word' id='word_1_232' title='bbox 499 1757 665 1802; x_wconf 75' lang='lat' dir='ltr'>gravibus</span> <span class='ocrx_word' id='word_1_233' title='bbox 696 1761 858 1797; x_wconf 67' lang='lat' dir='ltr'>vetuere3</span> <span class='ocrx_word' id='word_1_234' title='bbox 888 1757 986 1791; x_wconf 75' lang='lat' dir='ltr'>inviti</span> <span class='ocrx_word' id='word_1_235' title='bbox 1017 1757 1135 1803; x_wconf 84' lang='lat' dir='ltr'>itaque</span> <span class='ocrx_word' id='word_1_236' title='bbox 1170 1763 1334 1804; x_wconf 87' lang='lat' dir='ltr'>parentes</span> <span class='ocrx_word' id='word_1_237' title='bbox 1366 1758 1595 1804; x_wconf 82' lang='lat' dir='ltr'>Brunsberga</span> <span class='ocrx_word' id='word_1_238' title='bbox 1627 1759 1717 1794; x_wconf 87' lang='lat' dir='ltr'>filios</span> 
     </span>
     <span class='ocr_line' id='line_1_25' title="bbox 104 1819 1714 1867; baseline 0.002 -15"><span class='ocrx_word' id='word_1_239' title='bbox 104 1819 330 1853; x_wconf 84' lang='lat' dir='ltr'>revocabant.</span> <span class='ocrx_word' id='word_1_240' title='bbox 365 1819 454 1854; x_wconf 91' lang='lat' dir='ltr'>Eam</span> <span class='ocrx_word' id='word_1_241' title='bbox 486 1819 731 1853; x_wconf 57' lang='lat' dir='ltr'>haereticorum</span> <span class='ocrx_word' id='word_1_242' title='bbox 755 1819 1035 1853; x_wconf 72' lang='lat' dir='ltr'>malevolentiam</span> <span class='ocrx_word' id='word_1_243' title='bbox 1067 1820 1198 1865; x_wconf 76' lang='lat' dir='ltr'>insigni</span> <span class='ocrx_word' id='word_1_244' title='bbox 1229 1821 1388 1866; x_wconf 78' lang='lat' dir='ltr'>prodigio</span> <span class='ocrx_word' id='word_1_245' title='bbox 1416 1821 1510 1855; x_wconf 89' lang='lat' dir='ltr'>Deus</span> <span class='ocrx_word' id='word_1_246' title='bbox 1542 1821 1714 1867; x_wconf 78' lang='lat' dir='ltr'>coarguit,</span> 
     </span>
     <span class='ocr_line' id='line_1_26' title="bbox 105 1880 1718 1928; baseline 0.001 -13"><span class='ocrx_word' id='word_1_247' title='bbox 105 1891 238 1926; x_wconf 81' lang='lat' dir='ltr'>unaque</span> <span class='ocrx_word' id='word_1_248' title='bbox 271 1880 614 1926; x_wconf 77' lang='lat' dir='ltr'>Brunsbergensium</span> <span class='ocrx_word' id='word_1_249' title='bbox 646 1880 748 1915; x_wconf 83' lang='lat' dir='ltr'>fidem</span> <span class='ocrx_word' id='word_1_250' title='bbox 781 1881 1012 1915; x_wconf 73' lang='lat' dir='ltr'>confirmavit.</span> <span class='ocrx_word' id='word_1_251' title='bbox 1047 1881 1123 1915; x_wconf 90' lang='lat' dir='ltr'>Duo</span> <span class='ocrx_word' id='word_1_252' title='bbox 1143 1894 1182 1916; x_wconf 91' lang='lat' dir='ltr'>eo</span> <span class='ocrx_word' id='word_1_253' title='bbox 1215 1882 1249 1915; x_wconf 89' lang='lat' dir='ltr'>in</span> <span class='ocrx_word' id='word_1_254' title='bbox 1289 1882 1427 1928; x_wconf 83' lang='lat' dir='ltr'>oppido,</span> <span class='ocrx_word' id='word_1_255' title='bbox 1462 1882 1634 1916; x_wconf 83' lang='lat' dir='ltr'>mercibus</span> <span class='ocrx_word' id='word_1_256' title='bbox 1658 1883 1718 1917; x_wconf 83' lang='lat' dir='ltr'>illa</span> 
     </span>
     <span class='ocr_line' id='line_1_27' title="bbox 105 1942 1714 1990; baseline 0.001 -14"><span class='ocrx_word' id='word_1_257' title='bbox 105 1942 252 1977; x_wconf 86' lang='lat' dir='ltr'>maxime</span> <span class='ocrx_word' id='word_1_258' title='bbox 283 1946 490 1988; x_wconf 82' lang='lat' dir='ltr'>tempestate</span> <span class='ocrx_word' id='word_1_259' title='bbox 510 1943 653 1989; x_wconf 83' lang='lat' dir='ltr'>inclyto,</span> <span class='ocrx_word' id='word_1_260' title='bbox 677 1943 844 1977; x_wconf 85' lang='lat' dir='ltr'>suburbia</span> <span class='ocrx_word' id='word_1_261' title='bbox 863 1947 975 1984; x_wconf 83' lang='lat' dir='ltr'>erant,</span> <span class='ocrx_word' id='word_1_262' title='bbox 1000 1942 1115 1988; x_wconf 89' lang='lat' dir='ltr'>ampla</span> <span class='ocrx_word' id='word_1_263' title='bbox 1135 1943 1215 1977; x_wconf 89' lang='lat' dir='ltr'>olim</span> <span class='ocrx_word' id='word_1_264' title='bbox 1236 1943 1511 1989; x_wconf 78' lang='lat' dir='ltr'>negotiatoribus</span> <span class='ocrx_word' id='word_1_265' title='bbox 1531 1945 1685 1990; x_wconf 86' lang='lat' dir='ltr'>emporia</span> <span class='ocrx_word' id='word_1_266' title='bbox 1708 1957 1714 1978; x_wconf 74' lang='grc' dir='ltr'>ε</span> 
     </span>
     <span class='ocr_line' id='line_1_28' title="bbox 106 2003 1719 2051; baseline 0.002 -13"><span class='ocrx_word' id='word_1_267' title='bbox 106 2003 265 2045; x_wconf 87' lang='lat' dir='ltr'>alterum,</span> <span class='ocrx_word' id='word_1_268' title='bbox 290 2008 439 2050; x_wconf 85' lang='lat' dir='ltr'>quatuor</span> <span class='ocrx_word' id='word_1_269' title='bbox 466 2005 567 2039; x_wconf 92' lang='lat' dir='ltr'>simul</span> <span class='ocrx_word' id='word_1_270' title='bbox 587 2005 789 2051; x_wconf 75' lang='lat' dir='ltr'>regionibus</span> <span class='ocrx_word' id='word_1_271' title='bbox 807 2005 988 2039; x_wconf 85' lang='lat' dir='ltr'>incensum</span> <span class='ocrx_word' id='word_1_272' title='bbox 1007 2004 1162 2045; x_wconf 83' lang='lat' dir='ltr'>fulmine,</span> <span class='ocrx_word' id='word_1_273' title='bbox 1184 2005 1391 2050; x_wconf 80' lang='lat' dir='ltr'>deflagravit</span> <span class='ocrx_word' id='word_1_274' title='bbox 1415 2018 1421 2040; x_wconf 87' lang='lat'>:</span> <span class='ocrx_word' id='word_1_275' title='bbox 1444 2005 1555 2047; x_wconf 82' lang='lat' dir='ltr'>alteri,</span> <span class='ocrx_word' id='word_1_276' title='bbox 1575 2009 1719 2042; x_wconf 86' lang='lat' dir='ltr'>tonante</span> 
     </span>
     <span class='ocr_line' id='line_1_29' title="bbox 106 2065 1719 2112; baseline 0.002 -13"><span class='ocrx_word' id='word_1_277' title='bbox 106 2065 324 2100; x_wconf 84' lang='lat' dir='ltr'>continenter</span> <span class='ocrx_word' id='word_1_278' title='bbox 338 2077 379 2100; x_wconf 89' lang='lat' dir='ltr'>ac</span> <span class='ocrx_word' id='word_1_279' title='bbox 392 2066 597 2101; x_wconf 87' lang='lat' dir='ltr'>fulminante</span> <span class='ocrx_word' id='word_1_280' title='bbox 612 2066 712 2107; x_wconf 80' lang='lat' dir='ltr'>coelo,</span> <span class='ocrx_word' id='word_1_281' title='bbox 732 2066 975 2111; x_wconf 56' lang='lat' dir='ltr'>universz‘oque</span> <span class='ocrx_word' id='word_1_282' title='bbox 990 2066 1067 2099; x_wconf 85' lang='lat' dir='ltr'>urbi</span> <span class='ocrx_word' id='word_1_283' title='bbox 1083 2066 1225 2100; x_wconf 79' lang='lat' dir='ltr'>exitium</span> <span class='ocrx_word' id='word_1_284' title='bbox 1244 2078 1306 2111; x_wconf 86' lang='lat' dir='ltr'>par</span> <span class='ocrx_word' id='word_1_285' title='bbox 1322 2067 1555 2112; x_wconf 83' lang='lat' dir='ltr'>impendebat.</span> <span class='ocrx_word' id='word_1_286' title='bbox 1574 2068 1719 2103; x_wconf 89' lang='lat' dir='ltr'>Nullum</span> 
     </span>
     <span class='ocr_line' id='line_1_30' title="bbox 107 2126 1721 2173; baseline 0.002 -12"><span class='ocrx_word' id='word_1_287' title='bbox 107 2126 230 2162; x_wconf 88' lang='lat' dir='ltr'>incolis</span> <span class='ocrx_word' id='word_1_288' title='bbox 249 2129 500 2163; x_wconf 81' lang='lat' dir='ltr'>servandarum</span> <span class='ocrx_word' id='word_1_289' title='bbox 522 2140 637 2163; x_wconf 90' lang='lat' dir='ltr'>rerum</span> <span class='ocrx_word' id='word_1_290' title='bbox 656 2140 798 2163; x_wconf 88' lang='lat' dir='ltr'>suarum</span> <span class='ocrx_word' id='word_1_291' title='bbox 813 2132 995 2173; x_wconf 81' lang='lat' dir='ltr'>supererat</span> <span class='ocrx_word' id='word_1_292' title='bbox 1009 2128 1213 2169; x_wconf 89' lang='lat' dir='ltr'>consilium;</span> <span class='ocrx_word' id='word_1_293' title='bbox 1235 2133 1338 2162; x_wconf 80' lang='lat' dir='ltr'>vento</span> <span class='ocrx_word' id='word_1_294' title='bbox 1360 2129 1508 2163; x_wconf 78' lang='lat' dir='ltr'>maxime</span> <span class='ocrx_word' id='word_1_295' title='bbox 1524 2130 1721 2165; x_wconf 89' lang='lat' dir='ltr'>vehementi</span> 
     </span>
     <span class='ocr_line' id='line_1_31' title="bbox 110 2189 1719 2238; baseline 0.004 -16"><span class='ocrx_word' id='word_1_296' title='bbox 110 2199 151 2223; x_wconf 86' lang='lat' dir='ltr'>ac</span> <span class='ocrx_word' id='word_1_297' title='bbox 173 2189 343 2235; x_wconf 86' lang='lat' dir='ltr'>pertinaci</span> <span class='ocrx_word' id='word_1_298' title='bbox 360 2194 494 2236; x_wconf 88' lang='lat' dir='ltr'>pestem</span> <span class='ocrx_word' id='word_1_299' title='bbox 512 2190 652 2236; x_wconf 81' lang='lat' dir='ltr'>igneam</span> <span class='ocrx_word' id='word_1_300' title='bbox 672 2190 756 2224; x_wconf 88' lang='lat' dir='ltr'>vicis</span> <span class='ocrx_word' id='word_1_301' title='bbox 772 2190 931 2224; x_wconf 87' lang='lat' dir='ltr'>omnibus</span> <span class='ocrx_word' id='word_1_302' title='bbox 951 2194 1177 2235; x_wconf 79' lang='lat' dir='ltr'>propagante.</span> <span class='ocrx_word' id='word_1_303' title='bbox 1200 2189 1256 2223; x_wconf 84' lang='lat' dir='ltr'>Ad</span> <span class='ocrx_word' id='word_1_304' title='bbox 1276 2190 1469 2236; x_wconf 77' lang='lat' dir='ltr'>Collegium</span> <span class='ocrx_word' id='word_1_305' title='bbox 1496 2192 1622 2238; x_wconf 88' lang='lat' dir='ltr'>trepidi</span> <span class='ocrx_word' id='word_1_306' title='bbox 1640 2205 1719 2228; x_wconf 88' lang='lat' dir='ltr'>con-</span> 
     </span>
     <span class='ocr_line' id='line_1_32' title="bbox 110 2251 1721 2300; baseline 0.003 -15"><span class='ocrx_word' id='word_1_307' title='bbox 110 2255 253 2286; x_wconf 88' lang='lat' dir='ltr'>currunt</span> <span class='ocrx_word' id='word_1_308' title='bbox 283 2252 388 2287; x_wconf 83' lang='lat' dir='ltr'>cives.</span> <span class='ocrx_word' id='word_1_309' title='bbox 423 2251 700 2286; x_wconf 86' lang='lat' dir='ltr'>Misericordiam</span> <span class='ocrx_word' id='word_1_310' title='bbox 732 2252 794 2286; x_wconf 91' lang='lat' dir='ltr'>Dei</span> <span class='ocrx_word' id='word_1_311' title='bbox 835 2251 1032 2297; x_wconf 85' lang='lat' dir='ltr'>implorant.</span> <span class='ocrx_word' id='word_1_312' title='bbox 1075 2253 1168 2286; x_wconf 81' lang='lat' dir='ltr'>Inter</span> <span class='ocrx_word' id='word_1_313' title='bbox 1198 2252 1440 2288; x_wconf 86' lang='lat' dir='ltr'>lamentabiles</span> <span class='ocrx_word' id='word_1_314' title='bbox 1471 2254 1588 2300; x_wconf 89' lang='lat' dir='ltr'>populi</span> <span class='ocrx_word' id='word_1_315' title='bbox 1619 2267 1721 2290; x_wconf 83' lang='lat' dir='ltr'>voces</span> 
     </span>
     <span class='ocr_line' id='line_1_33' title="bbox 110 2313 1722 2362; baseline 0.001 -14"><span class='ocrx_word' id='word_1_316' title='bbox 110 2313 263 2348; x_wconf 87' lang='lat' dir='ltr'>defertur</span> <span class='ocrx_word' id='word_1_317' title='bbox 282 2326 303 2348; x_wconf 90' lang='lat' dir='ltr'>a</span> <span class='ocrx_word' id='word_1_318' title='bbox 318 2314 498 2350; x_wconf 86' lang='lat' dir='ltr'>sacerdote</span> <span class='ocrx_word' id='word_1_319' title='bbox 516 2319 636 2349; x_wconf 86' lang='lat' dir='ltr'>nostro</span> <span class='ocrx_word' id='word_1_320' title='bbox 657 2326 757 2348; x_wconf 87' lang='lat' dir='ltr'>sacra</span> <span class='ocrx_word' id='word_1_321' title='bbox 777 2325 819 2349; x_wconf 78' lang='lat' dir='ltr'>ex</span> <span class='ocrx_word' id='word_1_322' title='bbox 835 2313 939 2347; x_wconf 83' lang='lat' dir='ltr'>altari</span> <span class='ocrx_word' id='word_1_323' title='bbox 962 2313 1077 2347; x_wconf 84' lang='lat' dir='ltr'>hostia</span> <span class='ocrx_word' id='word_1_324' title='bbox 1096 2313 1129 2346; x_wconf 90' lang='lat' dir='ltr'>in</span> <span class='ocrx_word' id='word_1_325' title='bbox 1145 2313 1342 2358; x_wconf 79' lang='lat' dir='ltr'>proximum</span> <span class='ocrx_word' id='word_1_326' title='bbox 1356 2314 1488 2349; x_wconf 86' lang='lat' dir='ltr'>flumini</span> <span class='ocrx_word' id='word_1_327' title='bbox 1508 2316 1633 2357; x_wconf 89' lang='lat' dir='ltr'>vicum,</span> <span class='ocrx_word' id='word_1_328' title='bbox 1664 2317 1722 2362; x_wconf 89' lang='lat' dir='ltr'>qui</span> 
     </span>
     <span class='ocr_line' id='line_1_34' title="bbox 113 2374 1724 2423; baseline 0.002 -14"><span class='ocrx_word' id='word_1_329' title='bbox 113 2375 287 2410; x_wconf 87' lang='lat' dir='ltr'>flammam</span> <span class='ocrx_word' id='word_1_330' title='bbox 308 2376 382 2421; x_wconf 84' lang='lat' dir='ltr'>jam</span> <span class='ocrx_word' id='word_1_331' title='bbox 409 2380 626 2422; x_wconf 88' lang='lat' dir='ltr'>conceperat.</span> <span class='ocrx_word' id='word_1_332' title='bbox 651 2376 724 2410; x_wconf 86' lang='lat' dir='ltr'>Res</span> <span class='ocrx_word' id='word_1_333' title='bbox 743 2376 831 2409; x_wconf 91' lang='lat' dir='ltr'>mira</span> <span class='ocrx_word' id='word_1_334' title='bbox 862 2388 868 2409; x_wconf 88' lang='lat'>:</span> <span class='ocrx_word' id='word_1_335' title='bbox 897 2375 999 2409; x_wconf 80' lang='lat' dir='ltr'>simul</span> <span class='ocrx_word' id='word_1_336' title='bbox 1018 2375 1173 2408; x_wconf 79' lang='lat' dir='ltr'>divinum</span> <span class='ocrx_word' id='word_1_337' title='bbox 1191 2374 1360 2409; x_wconf 87' lang='lat' dir='ltr'>ferculum</span> <span class='ocrx_word' id='word_1_338' title='bbox 1382 2376 1530 2411; x_wconf 85' lang='lat' dir='ltr'>flammis</span> <span class='ocrx_word' id='word_1_339' title='bbox 1552 2378 1724 2423; x_wconf 68' lang='lat' dir='ltr'>objectum</span> 
     </span>
     <span class='ocr_line' id='line_1_35' title="bbox 119 2437 1721 2484; baseline 0.002 -14"><span class='ocrx_word' id='word_1_340' title='bbox 119 2440 183 2477; x_wconf 84' lang='lat' dir='ltr'>est,</span> <span class='ocrx_word' id='word_1_341' title='bbox 206 2437 308 2471; x_wconf 89' lang='lat' dir='ltr'>simul</span> <span class='ocrx_word' id='word_1_342' title='bbox 326 2441 462 2478; x_wconf 85' lang='lat' dir='ltr'>ventus,</span> <span class='ocrx_word' id='word_1_343' title='bbox 484 2442 717 2483; x_wconf 90' lang='lat' dir='ltr'>contorquens</span> <span class='ocrx_word' id='word_1_344' title='bbox 736 2449 786 2478; x_wconf 82' lang='lat' dir='ltr'>se,</span> <span class='ocrx_word' id='word_1_345' title='bbox 809 2441 901 2471; x_wconf 86' lang='lat' dir='ltr'>retro</span> <span class='ocrx_word' id='word_1_346' title='bbox 922 2441 1052 2482; x_wconf 82' lang='lat' dir='ltr'>pestem</span> <span class='ocrx_word' id='word_1_347' title='bbox 1068 2447 1197 2475; x_wconf 83' lang='lat' dir='ltr'>secum,</span> <span class='ocrx_word' id='word_1_348' title='bbox 1222 2448 1366 2471; x_wconf 89' lang='lat' dir='ltr'>vacuam</span> <span class='ocrx_word' id='word_1_349' title='bbox 1390 2438 1568 2484; x_wconf 79' lang='lat' dir='ltr'>regionem</span> <span class='ocrx_word' id='word_1_350' title='bbox 1588 2451 1721 2480; x_wconf 81' lang='lat' dir='ltr'>versuS‚</span> 
     </span>
     <span class='ocr_line' id='line_1_36' title="bbox 119 2497 1723 2544; baseline 0.002 -12"><span class='ocrx_word' id='word_1_351' title='bbox 119 2498 296 2544; x_wconf 90' lang='lat' dir='ltr'>corripuit.</span> <span class='ocrx_word' id='word_1_352' title='bbox 314 2498 520 2534; x_wconf 82' lang='lat' dir='ltr'>Exclamare</span> <span class='ocrx_word' id='word_1_353' title='bbox 533 2499 577 2533; x_wconf 87' lang='lat' dir='ltr'>ad</span> <span class='ocrx_word' id='word_1_354' title='bbox 592 2499 670 2539; x_wconf 88' lang='lat' dir='ltr'>hoc,</span> <span class='ocrx_word' id='word_1_355' title='bbox 692 2498 875 2544; x_wconf 78' lang='lat' dir='ltr'>gratulari,</span> <span class='ocrx_word' id='word_1_356' title='bbox 897 2498 1048 2532; x_wconf 83' lang='lat' dir='ltr'>divinam</span> <span class='ocrx_word' id='word_1_357' title='bbox 1063 2497 1279 2532; x_wconf 85' lang='lat' dir='ltr'>clementiam</span> <span class='ocrx_word' id='word_1_358' title='bbox 1299 2499 1500 2536; x_wconf 88' lang='lat' dir='ltr'>collaudare</span> <span class='ocrx_word' id='word_1_359' title='bbox 1519 2501 1723 2537; x_wconf 85' lang='lat' dir='ltr'>incolumes.</span> 
     </span>
     <span class='ocr_line' id='line_1_37' title="bbox 1566 2562 1597 2587; baseline 0.032 -1"><span class='ocrx_word' id='word_1_360' title='bbox 1566 2562 1597 2587; x_wconf 74' lang='lat'>27</span> 
     </span>
    </p>
   </div>
   <div class='ocr_carea' id='block_1_3' title="bbox 1732 392 1878 612">
    <p class='ocr_par' dir='ltr' id='par_1_3' title="bbox 1734 392 1796 418">
     <span class='ocr_line' id='line_1_38' title="bbox 1734 392 1796 418; baseline 0 -1"><span class='ocrx_word' id='word_1_361' title='bbox 1734 392 1796 418; x_wconf 80' lang='lat'>1606</span> 
     </span>
    </p>

    <p class='ocr_par' dir='ltr' id='par_1_4' title="bbox 1732 429 1878 612">
     <span class='ocr_line' id='line_1_39' title="bbox 1781 429 1822 455; baseline 0 0"><span class='ocrx_word' id='word_1_362' title='bbox 1781 429 1822 455; x_wconf 83' lang='lat'>19.</span> 
     </span>
     <span class='ocr_line' id='line_1_40' title="bbox 1732 469 1839 495; baseline -0.009 0"><span class='ocrx_word' id='word_1_363' title='bbox 1732 469 1839 495; x_wconf 82' lang='lat' dir='ltr'>Lituani</span> 
     </span>
     <span class='ocr_line' id='line_1_41' title="bbox 1732 508 1845 534; baseline -0.009 0"><span class='ocrx_word' id='word_1_364' title='bbox 1732 508 1845 534; x_wconf 80' lang='lat' dir='ltr'>fundunt</span> 
     </span>
     <span class='ocr_line' id='line_1_42' title="bbox 1734 547 1865 573; baseline -0.015 0"><span class='ocrx_word' id='word_1_365' title='bbox 1734 547 1865 573; x_wconf 81' lang='lat' dir='ltr'>Sueticum</span> 
     </span>
     <span class='ocr_line' id='line_1_43' title="bbox 1732 586 1878 612; baseline -0.014 0"><span class='ocrx_word' id='word_1_366' title='bbox 1732 586 1878 612; x_wconf 76' lang='lat' dir='ltr'>exercitum.</span> 
     </span>
    </p>
   </div>
   <div class='ocr_carea' id='block_1_4' title="bbox 1744 1516 1888 1741">
    <p class='ocr_par' dir='ltr' id='par_1_5' title="bbox 1744 1516 1888 1741">
     <span class='ocr_line' id='line_1_44' title="bbox 1794 1516 1833 1540; baseline 0 0"><span class='ocrx_word' id='word_1_367' title='bbox 1794 1516 1833 1540; x_wconf 85' lang='lat'>20.</span> 
     </span>
     <span class='ocr_line' id='line_1_45' title="bbox 1744 1552 1887 1577; baseline 0 0"><span class='ocrx_word' id='word_1_368' title='bbox 1744 1552 1887 1577; x_wconf 86' lang='lat' dir='ltr'>Brunsber-</span> 
     </span>
     <span class='ocr_line' id='line_1_46' title="bbox 1744 1591 1888 1625; baseline 0 -9"><span class='ocrx_word' id='word_1_369' title='bbox 1744 1600 1782 1625; x_wconf 78' lang='lat' dir='ltr'>gae</span> <span class='ocrx_word' id='word_1_370' title='bbox 1800 1591 1888 1616; x_wconf 79' lang='lat' dir='ltr'>incen-</span> 
     </span>
     <span class='ocr_line' id='line_1_47' title="bbox 1744 1629 1888 1654; baseline 0 0"><span class='ocrx_word' id='word_1_371' title='bbox 1744 1629 1813 1654; x_wconf 86' lang='lat' dir='ltr'>dium</span> <span class='ocrx_word' id='word_1_372' title='bbox 1824 1629 1888 1654; x_wconf 87' lang='lat' dir='ltr'>miro</span> 
     </span>
     <span class='ocr_line' id='line_1_48' title="bbox 1745 1669 1871 1695; baseline -0.008 0"><span class='ocrx_word' id='word_1_373' title='bbox 1745 1669 1818 1695; x_wconf 84' lang='lat' dir='ltr'>modo</span> <span class='ocrx_word' id='word_1_374' title='bbox 1832 1678 1871 1695; x_wconf 78' lang='lat' dir='ltr'>ex-</span> 
     </span>
     <span class='ocr_line' id='line_1_49' title="bbox 1746 1709 1888 1741; baseline -0.007 -7"><span class='ocrx_word' id='word_1_375' title='bbox 1746 1709 1888 1741; x_wconf 81' lang='lat' dir='ltr'>tinguitur.</span> 
     </span>
    </p>
   </div>
  </div>
 </body>
</html>
