2184 2953
216 414 281 443 1651

220 551 345 580 1110860171-

220 593 267 619 tici
280 590 344 618 belli

220 630 368 660 difficultas.

285 772 301 799 2

218 815 326 844 Bobrui-

219 865 321 885 scenses

220 895 288 924 Socii
301 893 352 922 dis-

218 934 309 971 sipati.

218 1220 308 1248 Pinsei

219 1259 312 1286 funda-

218 1302 308 1328 menta

218 1341 310 1367 domus
323 1351 328 1372 ;

218 1388 353 1407 ornamen-

218 1421 247 1447 ta
262 1421 365 1454 templi.

218 1476 300 1509 Lapis
310 1484 355 1503 an-

218 1515 321 1548 gularis

221 1554 325 1582 domus.

222 1835 274 1863 PP.
288 1836 351 1863 'sko-

224 1875 308 1902 rulski
320 1877 348 1902 ct

224 1915 324 1949 Duczy-

223 1955 331 1987 minski,

224 1993 349 2022 Nesvisii.

392 313 451 346 358
776 306 1049 339 LlTUANICARUM
1072 305 1283 336 SOCIETATIS
1302 304 1391 336 JESU
1414 304 1669 336 HISTORIARUM

394 405 443 440 cis
474 400 730 450 Transylvania
751 415 758 437 :
786 401 873 436 irato
902 399 968 435 sibi
991 399 1202 446 imperatore
1222 397 1384 433 Romano
1409 410 1417 433 ε
1440 395 1729 433 succensentibus
1748 392 2018 441 Transylvanis‚

394 478 526 514 suaque
544 465 692 513 Ragocii
725 463 971 500 damnantibus
989 462 1148 503 consilia,
1182 465 1221 496 ut
1251 461 1309 507 qui
1335 459 1512 507 peregrini
1531 458 1719 494 ambitione
1749 457 1852 504 regni
1871 456 2022 503 patriam

392 531 552 568 barbaris
578 529 801 578 prodidisset.
815 527 973 574 Longior
990 526 1055 561 fuit
1070 528 1104 560 et
1120 523 1293 559 difficilior
1311 534 1391 559 cum
1407 521 1612 556 Moscovitis
1626 518 1835 559 colluctatio,
1850 518 2020 564 adjuvan-

393 595 485 631 tibus
499 595 619 630 hostes
646 592 788 629 Cosacis
807 595 842 627 et
859 589 1013 638 Scythis.
1035 588 1189 624 Hostilia
1207 587 1354 623 istorum
1371 587 1529 623 facinora
1553 586 1612 633 qui
1635 584 1783 621 maxime
1802 583 1837 617 in
1857 581 2023 618 Lituania

394 657 549 706 grassati
583 657 666 698 sint,
703 653 908 702 singulatim
948 652 1241 700 perstringemus,
1288 651 1450 687 restituto
1499 650 1664 697 deinceps
1687 647 1868 684 annalium
1903 646 2026 683 ordine

393 719 584 756 narraturi.

441 781 713 818 Moscovitarum
728 783 763 816 et
778 779 989 815 Cosacorum
1007 777 1043 812 in
1070 777 1270 824 provincias
1288 776 1430 813 Russiae
1457 779 1491 812 et
1519 774 1692 811 Lituaniae
1715 784 1844 820 magno
1871 782 2016 809 numero

391 847 598 882 irruentium
621 849 702 881 ante
721 845 809 880 alios
835 843 976 879 hostilis
1005 843 1155 889 impetus
1174 841 1321 889 perculit
1337 841 1456 877 Socios
1486 841 1523 876 in
1548 839 1723 875 domicilio
1739 838 1992 875 Bobruiscensi
2011 851 2018 881 ;

390 908 467 945 1000
486 909 546 944 illo
565 909 727 944 citeriore
754 907 881 942 finibus
907 905 1066 947 hosticis,
1096 905 1233 951 injuriis
1260 905 1378 951 itaque
1409 904 1566 951 proxime
1602 901 1766 937 obnoxio.
1793 901 1955 936 Caedibus
1986 905 2022 936 et

391 971 562 1007 incendiis
577 971 770 1006 vicinorum
789 969 983 1010 conterriti,
1005 968 1240 1015 profugerunt
1267 966 1445 1014 oppidani,
1466 970 1545 1013 post
1563 977 1623 1001 eos
1652 964 1779 1012 dilapsi
1799 964 1905 1006 Socii,
1928 963 2022 998 vasis

390 1034 510 1081 templi
525 1037 559 1068 et
577 1033 680 1069 rebus
706 1032 848 1079 majoris
863 1031 966 1079 pretii
986 1030 1043 1065 vel
1061 1029 1202 1071 abditis,
1219 1029 1276 1065 vel
1294 1041 1411 1064 secum
1425 1028 1560 1071 ablatis;
1582 1027 1655 1063 solo
1675 1027 1721 1062 ad
1740 1025 1934 1062 custodiam
1954 1025 2013 1061 do-

389 1108 466 1132 mus
481 1096 601 1132 relicto
621 1108 639 1131 e
658 1107 721 1130 8110
744 1094 902 1141 Collegio
921 1093 1117 1135 sacerdote,
1136 1104 1219 1128 sene
1238 1092 1311 1134 illo,
1330 1096 1363 1127 et
1384 1093 1460 1138 jam
1476 1091 1620 1126 dissolvi
1634 1090 1807 1137 cupiente.
1829 1089 1944 1136 Atque
1962 1089 2019 1125 hic

391 1159 541 1206 aliquem
556 1158 720 1194 desiderii
731 1161 765 1193 et
783 1157 992 1192 constantiae
1002 1155 1158 1203 percepit
1168 1154 1315 1190 fructum
1332 1155 1400 1202 (an.
1416 1155 1532 1200 1648);
1547 1165 1567 1189 a
1577 1152 1785 1193 latronibus,
1799 1151 1891 1198 quod
1899 1151 2019 1198 templi

392 1221 643 1268 supellectilem
657 1219 806 1267 prodere
821 1218 942 1259 nollet,
961 1222 1140 1259 contusus,
1157 1221 1362 1263 tantumque
1382 1228 1451 1251 non
1466 1216 1656 1251 confectus.
1669 1215 1811 1250 Exactis
1822 1213 2016 1249 Bobruisco

391 1288 425 1319 et
459 1288 534 1319 tota
565 1283 626 1318 illa
653 1283 831 1330 provincia
850 1281 1089 1329 praedonibus,
1111 1280 1206 1315 haud
1232 1279 1338 1326 longo
1358 1278 1541 1314 intervallo
1575 1277 1669 1314 Socii
1698 1278 1839 1312 domum
1857 1277 1902 1311 ad
1921 1288 2019 1311 suum

391 1350 584 1396 praestitem
603 1359 721 1384 senem
740 1347 929 1383 redierunt.
953 1346 1165 1381 Pinscenses
1185 1345 1221 1379 in
1241 1356 1302 1379 suo
1335 1343 1510 1379 domicilio
1536 1343 1706 1389 tantisper
1734 1341 1877 1387 integri,
1905 1339 2020 1387 depel-

390 1409 543 1446 lentibus
561 1411 780 1445 incursantes
796 1408 969 1450 Lituanis‚
992 1419 1124 1454 suaque
1142 1406 1334 1442 tuentibus.
1357 1407 1428 1441 Per
1449 1406 1484 1441 id
1499 1405 1560 1440 otii
1579 1404 1697 1440 domui
1716 1402 1864 1449 Collegii
1880 1402 2016 1437 ecoctis

391 1472 568 1520 lapidibus
587 1472 804 1508 aedificanclae
823 1471 910 1517 lapis
930 1470 1113 1517 angularis
1127 1481 1148 1504 a
1168 1469 1348 1505 conditore
1363 1469 1519 1516 principe
1535 1467 1711 1503 Stanislao
1727 1465 1905 1502 Radivillo
1925 1476 2016 1511 prae-

387 1537 515 1583 ι1661118,
549 1538 772 1571 consecratus
804 1534 942 1569 nomine
962 1533 1033 1568 divi
1069 1532 1249 1573 Stanislai,
1271 1532 1303 1567 V
1321 1531 1493 1567 kalendas
1508 1531 1668 1567 octobres
1688 1541 1755 1576 quo
1774 1529 1828 1564 die
1847 1527 2017 1563 memoria

392 1597 635 1634 translationis
660 1586 887 1642 beati'hujus
906 1595 1080 1642 pontificis
1099 1596 1136 1630 in
1155 1595 1304 1630 Polonia
1322 1594 1500 1630 recolitur.
1531 1593 1727 1640 Templum,
1743 1591 1819 1638 jam
1837 1594 1919 1626 ante
1934 1601 2015 1625 con-

394 1661 516 1702 ditum,
552 1661 623 1696 aris
657 1659 837 1706 signisque
869 1659 980 1694 sacris
1010 1659 1077 1694 hoc
1098 1669 1191 1693 anno
1223 1657 1367 1705 pulchre
1403 1659 1575 1696 ornatum,
1625 1657 1836 1702 procurante
1871 1652 2019 1698 Collegii

391 1728 528 1760 rectore
543 1752 550 1764 ,
572 1722 715 1759 Andrea
734 1722 912 1757 Volovicz.

440 1787 535 1822 Alibi
554 1785 716 1833 sepulcra
746 1784 864 1820 multis
884 1784 1021 1831 aperuit
1048 1783 1215 1830 temporis
1235 1782 1449 1830 pestilentia.
1480 1780 1669 1816 Subierunt
1690 1779 1750 1814 illa
1777 1782 1907 1825 prfeter
1925 1777 2014 1815 alios

394 1861 412 1885 e
431 1849 587 1895 Collegio
622 1848 843 1883 Nesvisiensi
863 1846 1063 1882 sacerdotes
1095 1847 1177 1887 duo,
1208 1846 1306 1892 digni
1337 1844 1534 1880 memoria:
1562 1842 1696 1878 Paulus
1724 1841 1953 1877 Skorulskius
1981 1846 2016 1877 et

393 1912 619 1948 Sebastianus
638 1909 931 1958 Duczyminskius
949 1922 956 1944 :
978 1910 1034 1944 hic
1052 1910 1087 1943 in
1102 1908 1277 1949 Masovia,
1300 1908 1358 1942 ille
1384 1908 1420 1942 in
1440 1906 1618 1946 Lituania,
1640 1905 1707 1940 orti
1726 1916 1856 1952 genere
1876 1916 2013 1952 praeno-

391 1974 465 2010 bili.
484 1976 525 2010 In
544 1973 656 2010 Paulo
676 1972 878 2020 spectabilia
896 1976 994 2008 erant
1026 1972 1176 2007 maxime
1200 1984 1206 2007 ι
1230 1971 1383 2007 8111(1111111
1399 1971 1528 2006 divinae
1544 1970 1668 2016 gloriae
1696 1973 1730 2005 et
1759 1981 1876 2004 rerum
1891 1969 2014 2004 huma-

393 2050 515 2074 narum
531 2038 652 2084 suique
671 2037 907 2084 despicientia.
927 2036 983 2071 Ad
1001 2036 1172 2082 praeclara
1198 2046 1345 2082 quaeque
1377 2037 1480 2068 natus
1498 2033 1737 2079 formatusque
1756 2042 1914 2073 munera,
1937 2030 2014 2066 nul-

391 2098 464 2134 lum
483 2110 525 2135 ex
544 2100 594 2135 eis
612 2098 754 2133 admisit
775 2111 782 2133 ε
805 2099 866 2134 sed
886 2111 928 2134 ex
946 2098 1124 2146 proposito
1143 2109 1299 2133 amorem
1317 2096 1381 2131 Dei
1400 2107 1500 2130 suum
1524 2095 1561 2129 in
1579 2094 1663 2140 ipsis
1682 2093 1871 2129 humilibus
1891 2092 2014 2128 officiis

392 2162 547 2198 exercuit
563 2175 570 2197 :
594 2161 788 2210 complures
807 2173 919 2197 annos
937 2162 1029 2197 idem
1049 2165 1083 2197 et
1101 2161 1271 2207 magister
1289 2171 1351 2206 per
1371 2158 1509 2193 scholas
1528 2157 1742 2199 catechismi,
1766 2160 1800 2193 et
1818 2168 2012 2203 pauperum

393 2225 428 2260 in
443 2225 616 2260 domicilio
635 2226 680 2260 ad
699 2225 809 2261 aedem
831 2225 869 2261 S.
905 2225 1065 2260 Casimiri
1084 2223 1243 2259 Vilnensi
1258 2234 1276 2258 e
1296 2221 1454 2269 precario
1471 2223 1606 2266 quaestu
1625 2220 1717 2254 altor
1730 2248 1738 2262 ‚
1774 2223 1808 2255 et
1837 2219 2012 2254 interdum

397 2288 633 2330 concionator,
662 2288 868 2330 industrius,
901 2288 1075 2329 incensus,
1095 2287 1230 2322 efficax.
1261 2285 1315 2320 Ad
1335 2284 1445 2319 ardua
1464 2283 1596 2329 quaevis
1621 2282 1750 2317 divinae
1769 2281 1892 2328 gloriae
1907 2291 2014 2316 causa

397 2351 579 2398 expeditus
598 2361 733 2397 semper
763 2354 798 2385 et
832 2350 963 2386 alacer.
986 2349 1124 2385 Relicto
1156 2349 1209 2383 8111
1230 2347 1404 2383 desiderio
1428 2345 1560 2388 multis,
1593 2345 1647 2379 vir
1673 2348 1817 2391 propter
1852 2342 2016 2390 egregias

395 2413 502 2448 animi
519 2412 642 2448 laudes
662 2416 695 2447 et
725 2412 851 2447 merita
869 2423 972 2448 carus
999 2411 1173 2452 011111111118,
1196 2410 1281 2446 obiit
1300 2421 1392 2444 anno
1420 2408 1534 2443 aetatis
1565 2407 1626 2450 68,
1647 2407 1821 2442 tricesimo
1853 2409 1976 2442 exacto
1995 2416 2017 2441 a

394 2477 507 2524 primo
525 2480 682 2523 tempore
700 2474 859 2521 religiosi
886 2475 922 2510 in
941 2475 1116 2510 Societate
1136 2472 1299 2509 tirocinii.
1321 2471 1498 2507 Minorem
1516 2474 1613 2512 natu,
1636 2473 1671 2505 et
1688 2473 1824 2506 tantum
1839 2480 1909 2504 non
1927 2468 2014 2504 ado-

395 2538 600 2579 lescentem,
634 2537 882 2574 Sebastianum
909 2537 1077 2584 corripuit
1107 2547 1211 2572 mors.
1245 2534 1392 2581 Ingenio
1411 2533 1476 2570 fuit
1495 2533 1637 2576 eximio,
1665 2535 1712 2574 et,
1748 2543 1826 2578 quae
1840 2530 1945 2577 hujus
1964 2534 2017 2567 est
