2184 2953
282 429 345 455 1586

276 1064 406 1091 Sociorum

275 1103 348 1129 labor
358 1112 409 1130 non

275 1146 384 1172 sterilis.

274 1528 355 1554 Poena

274 1566 403 1592 Schisma-

274 1607 321 1632 tici
336 1608 419 1633 Sociis

273 1645 420 1670 adversan-

272 1685 317 1711 tis.

455 336 513 368 146
836 340 1107 369 Ll'l‘UANICARUM
1131 340 1341 369 SOCIETA'l'ls
1360 341 1443 369 JESU
1471 341 1720 371 [llsTolzlARUM

454 430 575 464 urbem
602 442 679 465 cum
698 435 870 477 potestate
890 432 1062 467 Palatinis
1089 433 1222 479 primus
1242 433 1380 467 obviam
1408 433 1626 478 procederet,
1649 445 1711 468 suo
1732 433 1879 480 stipatus
1897 434 2074 477 sodalitio,

454 492 639 527 Photianae
675 498 778 528 sectae
814 495 974 535 antistes,
1011 495 1265 541 deductumque
1300 495 1380 529 inde
1410 495 1451 528 ad
1488 495 1606 530 sanum
1643 508 1743 530 suum
1778 496 1964 539 invitaret3
2003 498 2076 539 ubi,

453 554 642 589 secundum
657 555 904 601 jusjurandum
935 557 1134 591 ineuntibus
1155 568 1234 591 eum
1254 557 1496 602 magistratum
1516 557 1683 598 solemne,
1707 559 1819 593 crucis
1839 558 2076 600 simulacrum,

452 615 581 650 divinae
608 617 703 662 quasi
722 618 845 663 gratiae
877 630 939 665 per
964 631 1001 653 se
1035 619 1277 665 impertiendze
1308 631 1427 659 causa,
1455 619 1572 653 osculo
1592 619 1834 665 excipiendum
1855 619 2074 655 obtrudebat.

451 679 669 725 Aspernatus
688 684 725 714 ut
743 680 829 715 ritus
863 681 1129 720 Photianorum,
1152 681 1200 715 ita
1225 681 1316 726 juris
1344 681 1435 715 sacri
1467 682 1728 726 usurpationem
1760 681 1917 726 iniquam
1946 682 2079 717 Palati·
2106 693 2112 700 ·

450 753 528 783 nus,
559 742 735 777 subiturus
771 743 906 783 urbem,
935 747 1058 788 quarto
1085 743 1126 776 ab
1154 754 1195 777 ea
1227 742 1355 789 lapide,
1384 742 1533 789 Collegii
1562 748 1733 778 rectorem
1764 744 1874 777 nostri
1909 744 2078 787 advocat;

450 816 490 839 eo
523 805 720 845 comitante,
754 805 935 850 ingressus
966 804 1142 850 oppidum,
1165 813 1263 839 recta
1293 816 1330 839 se
1359 805 1403 839 ad
1431 805 1597 851 templum
1636 806 1817 840 Sociorum
1853 806 1999 847 confert,
2032 807 2080 842 ibi

448 867 514 902 rite
539 868 663 907 onmia,
683 879 761 912 qua.3
780 867 945 902 photiani
965 866 1010 901 ad
1030 879 1066 901 se
1086 867 1186 901 malis
1213 867 1328 903 adhuc
1347 867 1517 914 exemplis
1550 868 1723 902 detortum
1744 868 1854 905 ibant.
1876 870 2076 915 exequitur;
2112 894 2114 896 v

448 929 578 964 frustra
597 930 773 965 haereticis
798 941 819 964 a
848 929 993 964 consilio
1022 941 1058 964 se
1087 930 1342 964 revocantibus.
1375 930 1451 964 Hoc
1484 930 1646 976 Principe
1680 930 1875 976 Collegium
1906 932 2079 977 praesidiis

448 996 583 1026 tutante
603 992 687 1031 suis,
717 1003 758 1026 eo
779 992 952 1026 industria
980 991 1161 1026 Sociorum
1181 1003 1382 1037 processum
1414 996 1478 1032 est,
1503 998 1553 1031 ut,
1584 992 1810 1026 redeuntibus
1840 992 1884 1027 ad
1913 993 2081 1028 Ecclesia}

448 1055 692 1089 auctoritatem
710 1054 899 1093 haereticis⁷
928 1054 1023 1089 brevi
1042 1059 1200 1100 tempore
1219 1054 1411 1088 adversarii
1440 1055 1521 1089 fana
1549 1066 1611 1089 sua
1638 1055 1779 1089 omnino
1807 1056 1979 1090 exhausta
1998 1068 2079 1102 que-

448 1123 639 1151 rerentur:
672 1128 751 1150 curn
786 1116 891 1162 paulo
928 1120 1008 1151 ante
1051 1116 1086 1150 in
1118 1116 1280 1150 universa
1316 1116 1569 1151 Polocensium
1609 1117 1789 1162 provincia
1820 1117 2079 1152 Catholicorum

446 1179 696 1226 profiterentur
732 1178 905 1217 instituta,
928 1178 993 1212 viri
1020 1178 1153 1212 ordinis
1181 1179 1352 1223 equestris
1383 1190 1452 1213 non
1477 1179 1627 1225 amplius
1660 1179 1791 1220 decem,
1822 1180 2005 1226 pauciores
2023 1180 2079 1214 his

448 1242 485 1276 in
512 1241 640 1287 oppido
676 1241 801 1275 incolae
837 1244 1064 1275 censerentur
1099 1253 1104 1274 :
1146 1239 1249 1286 idque
1289 1244 1418 1286 praeter
1455 1240 1545 1275 alios
1583 1241 1779 1286 Stephanus
1826 1241 2077 1287 Tyszkiewicz,

444 1304 710 1350 provincialium
735 1303 950 1349 judiciorum
977 1314 1122 1348 praescs,
1154 1314 1195 1337 ex
1221 1303 1278 1348 pio
1305 1303 1412 1336 animi
1446 1314 1549 1337 seusu
1586 1303 1853 1350 collacrymans,
1883 1308 1985 1339 aetate
2004 1305 2079 1350 jam

445 1366 502 1402 ille
538 1371 676 1407 exacta,
714 1378 807 1412 saepe
846 1365 1073 1399 memorabat.
1120 1365 1161 1399 ln
1197 1376 1237 1399 eo
1274 1376 1390 1399 rerum
1427 1369 1626 1399 nostrarum
1667 1366 1735 1399 otio
1773 1377 1813 1400 ac
1849 1367 2081 1412 prosperitate

446 1428 610 1463 Photiani
635 1439 749 1474 popae,
771 1427 939 1462 exedente
958 1427 1114 1461 animum
1129 1426 1274 1466 invidia,
1297 1427 1476 1461 continere
1495 1438 1533 1461 se
1552 1427 1647 1461 haud
1671 1431 1845 1473 poterant,
1869 1428 1951 1474 quin
1969 1429 2078 1463 turbi-

446 1491 509 1525 dos
537 1491 572 1525 in
599 1490 699 1536 plebe
727 1494 842 1524 motus
870 1490 1038 1524 adversus
1056 1489 1212 1535 hospites
1232 1489 1351 1524 Socios
1371 1489 1599 1524 concitarent.
1624 1490 1692 1525 Sed
1712 1502 1753 1524 ne
1785 1490 1879 1525 ultra
1897 1491 2081 1527 maledicta

447 1560 481 1588 et
506 1553 656 1588 leviores
676 1553 822 1599 injurias
842 1552 1089 1587 malevolentia
1114 1551 1294 1586 hominum
1321 1564 1358 1587 se
1378 1551 1560 1598 proferret,
1584 1552 1696 1598 poenis
1728 1553 1773 1586 ad
1802 1558 1970 1589 terrorem
2000 1566 2080 1600 pro-

446 1616 580 1663 positis,
606 1615 697 1649 ultor
717 1615 811 1650 Deus
839 1614 1030 1661 prohibuit.
1062 1614 1196 1648 Horum
1229 1613 1351 1659 uliquis
1376 1614 1527 1659 quodam
1555 1615 1590 1648 in
1619 1615 1758 1661 oppido,
1780 1627 1848 1661 qua
1868 1616 1959 1651 Socii
1977 1615 2079 1651 sacie-

446 1679 530 1713 bant
557 1679 635 1719 iter,
667 1677 858 1712 obsistebat
889 1676 1127 1723 pertinaciter,
1149 1676 1333 1722 edictoque
1365 1677 1506 1711 vetabat
1539 1677 1583 1712 ad
1615 1677 1734 1712 Socios
1761 1678 1879 1712 afferri
1911 1678 2075 1720 infantes,

446 1743 647 1778 christianae
674 1741 855 1787 religionis
874 1739 1063 1774 initiandos
1091 1739 1278 1785 mysteriis.
1315 1739 1451 1773 Accidit
1483 1740 1611 1786 itaque,
1639 1741 1688 1774 uti
1716 1741 1784 1775 duo
1815 1741 1891 1776 sine
1922 1741 2076 1776 remedio

446 1806 592 1841 salutari
623 1804 831 1840 interierint.
856 1804 982 1839 Paucis
1014 1807 1091 1849 post
1123 1802 1258 1841 diebus,
1285 1813 1361 1836 cum
1395 1802 1486 1836 Socii
1513 1802 1592 1836 illac
1624 1806 1824 1848 pergerent.
1848 1802 2078 1837 deformatum

445 1868 593 1902 eundem
621 1866 829 1901 offendunt:
852 1866 955 1906 facie,
977 1869 1129 1912 pectore,
1152 1864 1310 1898 manibus
1340 1864 1465 1898 misere
1496 1864 1710 1905 ustulatum;
1745 1865 1835 1910 quod
1863 1864 1974 1911 pridie
2002 1865 2077 1911 ejus

445 1930 525 1971 diei⁷
547 1929 699 1964 incendii
728 1930 761 1963 in
793 1929 1009 1975 hypocausto
1041 1925 1195 1966 excitati,
1218 1937 1285 1971 quo
1317 1925 1395 1959 duee
1422 1925 1505 1959 filia}
1533 1937 1606 1960 suae
1638 1927 1846 1972 absumptae,
1877 1937 1975 1961 serus
2004 1926 2076 1972 jam

444 1993 489 2026 ad
525 2003 624 2038 opem
652 1992 687 2025 in
717 1991 875 2025 flammas
908 2002 944 2025 se
977 1989 1192 2035 conjecisset.
1234 1988 1316 2022 Non
1347 1987 1683 2033 praetermittendam
1717 1988 1767 2022 illi
1796 1992 1964 2034 putarunt
2000 1999 2076 2023 eam

445 2055 685 2090 commonendi
717 2053 1013 2100 opportunitatem
1041 2052 1207 2092 hominis;
1239 2052 1267 2085 si
1298 2052 1385 2085 forte
1414 2051 1549 2097 culpam
1588 2055 1797 2097 agnosceret
1824 2063 1935 2092 suam,
1958 2052 2076 2097 itaque

444 2123 547 2165 caput
582 2118 814 2163 gravioribus,
850 2116 974 2162 quibus
1005 2115 1151 2150 Jiistitia
1185 2114 1302 2148 divina
1334 2117 1488 2147 mactare
1521 2117 1650 2159 posset,
1681 2113 1894 2148 subduceret
1919 2112 2074 2159 prudens

445 2180 635 2226 suppliciis.
663 2196 678 2208 ει
697 2179 744 2214 At
772 2179 843 2219 ille,
865 2178 980 2224 plagis
1000 2176 1109 2211 nihilo
1131 2175 1267 2215 melior,
1289 2175 1372 2220 quin
1400 2176 1614 2220 pervicacior
1642 2177 1760 2216 etiam,
1783 2186 2019 2209 aerumnosum
2039 2188 2075 2211 se

448 2257 463 2270 κ
486 2242 642 2288 quidem.
665 2242 725 2276 sed
745 2241 891 2287 probum
918 2240 1029 2274 virum
1058 2239 1173 2273 dicere
1197 2251 1202 2272 :
1223 2248 1293 2272 non
1313 2236 1474 2272 dubitare
1503 2249 1552 2277 se,
1571 2238 1653 2283 quin
1674 2238 1761 2272 bene
1781 2241 1894 2271 actum
1926 2237 1972 2271 sit
1997 2250 2074 2272 cum

449 2320 463 2334 a
486 2305 584 2351 prole
604 2316 679 2345 sua⁷
702 2308 843 2350 propter
872 2315 969 2338 suam
997 2302 1125 2337 scilicet
1146 2300 1302 2347 parentis
1322 2300 1554 2334 sanctitatem.
1582 2317 1596 2329 n
1620 2298 1712 2337 Quid
1729 2298 1850 2344 pluralZ
1871 2299 2018 2333 alterum
2039 2311 2075 2334 se

446 2368 628 2414 impudens
664 2367 791 2401 Jobum
829 2366 1032 2412 praedicare.
1070 2365 1114 2399 Et
1147 2366 1259 2400 erant,
1296 2362 1324 2395 si
1355 2361 1519 2395 crederes
1559 2360 1701 2399 homiui,
1736 2371 1792 2394 res
1824 2371 1902 2394 suas
1933 2360 2074 2395 minime

446 2429 663 2470 extenuanti‚
685 2440 768 2474 opes
788 2439 894 2473 prope
926 2427 1028 2467 ‚J0bi;
1059 2427 1093 2460 in
1121 2436 1187 2470 quo
1206 2431 1321 2457 tamen
1351 2422 1482 2456 nullum
1511 2422 1626 2455 inerat
1645 2421 1832 2466 vestigium
1852 2431 1916 2455 nec
1943 2420 2073 2466 simpli-

444 2492 572 2533 citatis,
592 2502 655 2525 nec
669 2490 830 2536 justitiae,
852 2501 916 2523 nec
935 2488 1070 2522 timoris
1091 2486 1210 2521 divini.
1234 2486 1343 2519 Pares
1375 2484 1486 2519 eidem
1502 2484 1649 2529 justitiae
1669 2494 1791 2529 poenas
1811 2482 1906 2517 dedit
1925 2483 2073 2517 ministri

443 2565 530 2588 uxor
564 2552 697 2587 Ariani.
738 2551 824 2585 Hac
859 2562 935 2584 cum
980 2549 1034 2583 die
1074 2548 1237 2593 quodam,
1274 2550 1507 2591 opportunum
1545 2550 1648 2579 nacta
1678 2546 1721 2579 ad
1759 2545 1890 2579 crimen
1920 2548 2070 2591 tempus,
