2184 2953
620 306 724 334 LIBER
752 307 888 336 SEXTUS
909 307 1117 344 (11310-16020>.
1655 311 1711 342 241

108 417 189 439 num
203 405 393 445 fraudibus,
415 406 618 452 religionem
638 408 767 442 avitam
786 409 888 454 coepit
916 421 982 443 non
1003 413 1197 455 suspectam
1225 410 1352 445 habere
1367 415 1513 452 tantum,
1535 414 1594 447 sed
1609 415 1713 449 etiam
1737 413 1800 439 1616

108 466 277 505 fastidire,
300 471 403 512 atquo
422 468 510 502 adeo
537 480 578 502 ex
594 469 764 504 Romanae
783 469 906 504 ritibus
923 469 1091 505 Ecclesiae
1118 471 1218 506 ludos
1238 472 1303 506 sibi
1325 473 1465 518 suisque
1481 474 1615 516 facere;
1633 476 1712 510 111110
1737 460 1859 534 1),Ὁὲἓὲῑο

109 527 238 563 30111001
269 528 447 574 praeclaris
469 529 540 563 suis
571 532 855 578 praeceptoribus,
886 532 980 567 illinc
1012 533 1156 568 eruditis
1180 534 1225 568 ad
1255 535 1527 570 assentationem
1558 538 1709 579 asseclis,
1735 539 1881 587 insigniad

107 588 192 634 ipsis
219 589 366 634 denique
386 593 567 635 parentum
587 593 767 638 exemplis,
785 593 830 627 ad
850 593 885 627 id
899 593 1050 627 animum
1064 595 1203 640 juvenis
1219 595 1478 642 instigantibus.
1499 598 1713 634 Procedente
1738 580 1883 656 Ξᾏῖξζῖῗὶ

108 651 232 686 deinde
250 655 364 693 aetate,
386 653 534 688 maxime
550 665 570 688 a
589 656 740 700 parentis
761 660 872 691 morte
889 657 942 690 sui
962 657 1225 702 circumspicere
1250 669 1330 692 suos
1350 658 1407 692 ille
1426 670 1540 693 mores
1555 672 1711 695 suorum·
1740 664 1856 690 territus-

108 723 173 757 que
192 713 277 747 ritus
300 726 306 747 :
329 715 482 748 aversari
501 716 613 760 prima
644 718 789 752 consilia
815 730 856 753 ac
879 718 1044 752 damnare
1067 731 1073 752 ι
1098 719 1226 753 sensim
1250 720 1294 753 ad
1325 720 1490 765 pietatem
1518 725 1550 755 et
1570 723 1713 758 sincerae

108 775 258 810 studium
276 776 456 822 religionis
474 778 567 811 trahi
588 779 733 824 judicio.
771 780 818 814 Ut
837 791 879 814 ne
906 781 1201 826 tergiversaretur
1225 791 1341 826 porr0‚
1376 781 1493 816 divina
1520 783 1717 829 benignitas

108 838 174 871 vim
193 837 350 872 adhibuit
369 842 503 873 ostento
522 839 732 875 admirabili.
767 841 857 876 Rem
889 842 991 876 certis
1013 842 1209 888 posteritati
1240 841 1404 876 traditam
1435 846 1664 880 monumentis
1679 857 1719 880 ac

108 898 359 945 pervulgatam,
382 912 432 939 ea,
463 912 530 946 qua
560 902 627 937 fide
660 905 868 949 accepimus,
898 915 1089 938 narramus.
1113 903 1254 937 Vilnam
1274 904 1420 938 Nicolao
1449 906 1608 941 redeunti
1631 908 1718 941 Var-

107 961 217 1001 savia‚
253 966 355 1007 atque
386 962 419 995 in
454 963 647 998 diversorio
675 965 860 1010 prandenti
889 977 999 1000 sacrae
1037 964 1316 1011 quadragesimae
1346 970 1514 1012 tempore,
1540 967 1721 1003 Dominica

109 1022 299 1062 Passionis,
318 1022 361 1056 ad
380 1022 476 1057 cibos
500 1035 605 1069 capus
624 1036 724 1059 assus
749 1025 792 1059 ab
806 1027 1040 1073 archimagiro
1060 1026 1241 1061 calvinista
1261 1027 1449 1072 appositus.
1469 1028 1719 1064 Cavillantibus

108 1083 198 1118 inter
229 1095 265 1118 se
284 1085 561 1119 assentatoribus
594 1086 714 1120 aulicis
739 1086 903 1133 dogmata
930 1088 1180 1124 catholicorum
1204 1093 1238 1122 et
1267 1089 1414 1134 jejunia,
1449 1089 1552 1124 altius
1575 1091 1609 1124 in
1629 1091 1719 1135 jocis

108 1150 290 1192 provectus
314 1148 494 1193 princeps;
516 1153 550 1183 et
571 1150 645 1195 jain
664 1151 889 1196 pronuntiare
908 1163 976 1185 non
1008 1150 1155 1190 dubitat,
1174 1150 1207 1183 in
1228 1151 1290 1191 eis,
1314 1162 1391 1196 quae
1417 1151 1562 1186 maxime
1585 1153 1627 1187 de
1646 1165 1718 1199 my-

109 1208 213 1243 sterio
234 1208 350 1243 00011εο
365 1210 557 1244 Dominicae
577 1211 822 1256 profiterentur
840 1213 1014 1253 catholici,
1048 1216 1183 1248 tantum
1212 1212 1372 1247 veritatis
1398 1213 1524 1255 inesse,
1555 1219 1720 1259 quantum

109 1269 234 1304 animae
254 1271 290 1304 in
309 1270 375 1305 isto
401 1283 462 1306 suo
480 1276 572 1306 tosto
588 1278 679 1308 esset
694 1274 900 1319 gallinaceo.
919 1274 1029 1309 Simul
1054 1275 1088 1308 id
1103 1274 1273 1308 Nicolaus
1290 1278 1343 1308 est
1364 1275 1502 1315 effatus,
1524 1276 1639 1318 simul,
1665 1289 1720 1312 res

109 1331 208 1372 mira,
231 1343 309 1367 ecce
334 1333 395 1367 tibi
414 1345 520 1380 capus
541 1335 574 1368 in
594 1335 710 1371 triblio
723 1348 758 1371 se
774 1341 977 1378 commovet,
999 1336 1190 1381 consurgit,
1206 1341 1240 1371 et
1259 1348 1325 1381 quo
1356 1338 1537 1372 certiorem
1552 1342 1585 1372 te
1600 1338 1715 1378 saciat,

109 1406 146 1430 se
164 1395 343 1437 revixisse,
362 1396 507 1442 plaudit,
531 1399 760 1445 cucurritque.
784 1399 822 1432 Id
842 1402 975 1433 tantum
995 1402 1185 1432 monstrum
1200 1401 1271 1431 tam
1286 1397 1439 1432 insolens
1455 1402 1583 1444 quanto
1597 1400 1719 1434 timore

103 1458 337 1504 j0culatorum
356 1460 491 1494 animos
519 1463 746 1506 percusserit,
780 1461 947 1508 intelligis
976 1472 1100 1507 nempe
1119 1473 1125 1494 :
1155 1461 1316 1495 nimirum
1336 1462 1415 1496 irati
1433 1462 1583 1497 numinis
1602 1463 1712 1497 immi-

110 1520 292 1565 nentisque
311 1532 427 1566 poenae
451 1525 651 1566 portentum
687 1523 781 1557 visus
802 1528 853 1558 est
874 1527 1004 1559 certum
1024 1525 1167 1571 quisque
1195 1525 1261 1559 sibi
1284 1537 1437 1560 cernere.
1458 1525 1504 1560 At
1530 1526 1622 1560 istud
1641 1530 1716 1561 erat

109 1594 180 1617 non
194 1583 392 1618 ulciscentis
407 1584 537 1629 fulgur,
556 1584 617 1619 sed
631 1585 826 1619 miserentis
846 1590 879 1620 et
898 1586 1115 1621 admonentis
1140 1587 1204 1621 Dei
1228 1587 1425 1633 prodigium
1444 1591 1477 1622 et
1494 1587 1563 1621 lux.

158 1644 253 1690 Ergo
272 1645 454 1685 Nicolaus,
491 1646 549 1680 ubi
564 1657 600 1680 30
621 1658 662 1680 ex
680 1647 802 1682 timore
822 1648 975 1694 collegit,
1003 1648 1136 1690 dolens,
1158 1649 1383 1694 ultricemque
1419 1648 1565 1683 numinis
1599 1649 1717 1694 depre-

110 1717 193 1740 cans
223 1707 408 1753 justitiam,
439 1719 457 1742 e
482 1708 632 1753 vestigio
664 1720 787 1743 currus
815 1721 896 1744 suos
931 1710 1027 1756 jubet
1058 1711 1185 1745 reverti
1213 1711 1432 1750 Varsaviam,
1466 1715 1500 1745 et
1530 1723 1716 1756 properare

111 1766 268 1802 maximis
284 1767 477 1803 itineribus.
497 1769 682 1803 Varsaviae
698 1775 789 1804 recta
809 1771 866 1805 1110
882 1783 924 1806 ex
943 1776 1109 1817 carpento
1128 1771 1173 1805 ad
1191 1772 1301 1807 aedem
1323 1773 1425 1807 Beati
1438 1772 1598 1813 ι1031111113,
1617 1784 1716 1818 quam

111 1833 237 1864 vocant
256 1829 496 1875 Collegiatam‚
532 1832 742 1876 quaesiturus
777 1833 891 1867 animo
911 1833 1132 1868 medicinam.
1169 1834 1222 1868 Ita
1248 1834 1398 1873 saucius,
1425 1833 1546 1868 incidit
1564 1834 1651 1868 forte
1682 1835 1716 1868 in

113 1894 331 1936 perorantem
358 1891 433 1937 jam
465 1893 744 1927 concionatorem
776 1894 922 1939 regium,
959 1895 1102 1930 Petrum
1134 1896 1283 1942 Skarga.
1324 1898 1441 1932 Sensit
1463 1898 1621 1933 intimum
1646 1910 1717 1933 ver-

115 1951 223 1986 santis
245 1956 395 1987 mentem
411 1964 509 1987 suam
538 1955 602 1989 Dei
624 1956 816 1989 monitum:
843 1956 907 1990 hoc
940 1957 1133 1999 sacerdote,
1168 1959 1231 1993 sibi
1262 1959 1368 2004 probe
1404 1963 1499 1999 noto,
1533 1960 1566 1993 in
1599 1960 1721 1995 salutis

114 2014 253 2059 negotio
291 2026 363 2048 suae
390 2018 558 2050 uteretur.
582 2016 829 2062 Obtemperat;
852 2017 1119 2054 descendentem
1150 2021 1427 2055 concionatorem
1456 2022 1626 2067 sequitur;
1646 2026 1722 2056 orat

114 2076 268 2116 Patrem,
286 2087 451 2122 percusso
471 2077 537 2111 sibi
564 2079 755 2113 remedium
783 2079 937 2115 salutare
957 2084 993 2114 ut
1021 2081 1145 2116 afferat
1165 2095 1171 2115 ;
1191 2082 1282 2117 velle
1299 2094 1349 2122 se,
1379 2083 1556 2118 conciliari
1575 2085 1647 2119 Deo
1662 2097 1723 2130 per

117 2141 372 2172 sacramentum
394 2138 609 2184 poenitentiae
644 2140 713 2175 ritu
743 2141 926 2181 catholico,
963 2142 1140 2188 recipique
1164 2144 1238 2189 jam
1271 2155 1361 2178 nunc
1392 2145 1425 2178 in
1455 2146 1566 2180 sinum
1593 2151 1723 2181 sanctae

116 2198 235 2232 matris
262 2198 439 2233 Ecclesiae.
476 2200 615 2241 Petrus,
633 2202 691 2246 qui
711 2202 818 2247 probe
838 2207 955 2238 nosset
972 2204 1150 2249 ingenium
1166 2205 1330 2251 principis
1345 2210 1506 2252 artesque
1522 2207 1720 2248 cavillandi,

115 2263 210 2294 ratus
241 2260 440 2295 etiamnum
459 2261 493 2294 in
517 2273 553 2296 se
567 2262 678 2307 jocari
697 2264 902 2310 palatinum,
924 2265 1038 2300 fronte
1063 2270 1253 2308 contracta,
1281 2272 1396 2302 monet
1414 2269 1579 2308 severius,
1597 2269 1724 2303 faceret

116 2321 300 2366 aliquando
315 2322 419 2356 finem
445 2322 646 2358 ludificandi
661 2326 821 2371 princeps
841 2339 846 2360 :
869 2338 936 2360 non
957 2327 1022 2361 hoc
1040 2327 1115 2362 loco
1131 2328 1202 2362 suis
1217 2340 1292 2363 esse
1314 2329 1405 2363 ludis
1427 2331 1620 2372 theatrum;
1639 2332 1722 2366 satis

117 2382 241 2417 horum
255 2383 327 2428 jam
346 2394 422 2418 0330
441 2383 654 2427 factitatum
685 2387 847 2432 digniora
874 2388 1015 2423 tandem
1043 2400 1079 2423 se
1111 2389 1280 2435 palatino,
1317 2391 1479 2436 digniora
1505 2404 1633 2438 genere
1660 2404 1720 2427 suo

118 2444 323 2485 Radivillio,
339 2445 529 2492 susciperet
542 2448 700 2483 consilia.
722 2449 954 2484 Perseverarc
975 2450 1143 2485 Nicolaus
1163 2455 1196 2485 et
1215 2453 1374 2497 precibus
1401 2465 1525 2500 urgere
1564 2455 1719 2500 proposi-

118 2508 203 2540 tum.
222 2506 426 2542 Obluctatus
459 2508 670 2553 aliquamdiu
689 2511 829 2551 Petrus,
856 2511 1025 2546 intellexit
1057 2511 1204 2558 denique
1228 2525 1301 2548 rem
1319 2515 1375 2560 agi
1391 2527 1433 2551 ex
1452 2516 1579 2550 animo.
1601 2516 1718 2550 Laetus

1555 2576 1583 2601 31
