2184 2953
633 311 739 340 LIBER
763 309 941 339 SEPTIMUS
963 309 1174 347 (two-1630).
1667 308 1726 340 263

112 402 271 438 barbaris
289 401 494 447 intercepto.
518 402 593 436 Pax
621 414 704 448 ergo
737 402 845 448 eequis
864 402 1023 447 utrinque
1053 399 1307 435 conditionibus
1339 399 1519 434 conficitur
1546 400 1613 435 VII
1650 400 1726 435 idus
1753 405 1815 431 1621

112 464 291 504 octobres;
315 464 538 509 consequitur
557 464 648 499 inter
666 465 776 499 fessos
790 464 881 499 bello
907 463 1067 508 utrinque
1081 462 1285 507 gratulatio.
1306 462 1391 496 Erat
1405 474 1499 502 vero,
1522 463 1613 508 quod
1630 463 1726 498 desi-

112 527 250 562 deraret
267 536 349 572 pars
367 529 512 571 utraque
530 537 536 559 :
564 529 596 560 et
611 527 737 561 Turcae
762 527 899 571 quidem
914 529 1049 560 centum
1072 525 1221 569 amplius
1240 536 1382 558 suorum
1401 524 1530 565 millia;
1551 528 1726 560 nostrates

113 592 228 624 autem
243 587 420 634 suppetias
434 599 647 633 nervumque
662 588 744 622 belli
762 588 806 622 ad
821 587 1023 633 ampliorem
1038 586 1230 621 victoriam.
1250 587 1471 632 Quapropter
1486 587 1724 633 sigismundo,

113 649 330 697 praestolanti
347 649 460 683 adhuc
479 649 571 694 apud
602 649 782 695 Leopolim
802 649 932 684 relictis
962 652 1040 695 post
1057 652 1194 694 tergum
1214 648 1425 694 agminibus,
1457 660 1526 682 non
1552 649 1727 694 optatissi-

113 722 188 746 mus
207 711 376 745 accidisse
398 710 509 744 fertur
523 711 598 756 ejus
617 711 758 746 foederis
773 711 929 745 nuntius.
948 710 1073 745 Divino
1100 709 1159 744 ille
1179 709 1318 744 numine
1341 713 1376 744 et
1393 720 1509 744 causae
1528 721 1601 744 sure
1621 709 1726 755 aequi-

113 776 184 807 tate
208 772 329 813 fretus,
352 773 515 818 sperabat
545 773 619 806 fore
647 777 683 807 ut
715 777 775 807 aut
806 773 939 807 hostem
963 773 1102 807 omnino
1130 773 1372 813 contunderet,
1403 776 1475 813 aut,
1498 783 1583 818 quas
1610 773 1728 818 utique

114 833 220 869 vellet
243 834 330 880 ipse,
352 834 569 869 conditiones
586 835 680 880 pacis
695 846 716 869 a
734 835 883 869 barbaro
912 835 1082 869 seminece
1100 835 1322 880 exprimeret.
1345 834 1491 872 Quando
1518 838 1635 868 tamen
1655 834 1726 879 qui·

115 896 192 930 dem
205 896 304 942 jacta
316 896 391 941 jam
424 900 516 931 esset
542 896 578 930 in
606 897 730 931 castris
749 897 847 936 alea;
879 896 1173 942 supersedendum
1192 896 1296 937 bello,
1328 907 1438 942 neque
1456 900 1588 931 temere
1618 896 1728 931 laces-

116 957 258 991 sendam
276 957 367 991 ultra
381 957 554 992 fortunam
571 962 678 998 ratus,
700 957 893 1002 pactionem
908 957 1070 1003 utrinque
1089 957 1296 1003 propositam
1313 957 1448 1003 accipit,
1466 957 1726 1004 confirmatque.
1755 937 1902 1002 Effnsslffiss]

116 1019 292 1054 Postridie
317 1019 434 1053 statim
454 1020 528 1065 ejus
556 1019 623 1053 diei
643 1019 814 1065 recipiunt
834 1031 884 1059 sc,
918 1019 1138 1064 impatientes
1156 1020 1229 1065 ejus
1248 1019 1427 1054 dedecoris
1446 1020 1499 1054 sui
1522 1031 1563 1054 ac
1597 1020 1726 1061 damni,
1757 1016 1833 1043 tiani.

116 1081 323 1127 linguntque
343 1093 402 1115 sua
417 1081 563 1115 vulnera
587 1081 740 1115 barbari.
760 1081 893 1115 Horum
913 1081 1028 1127 plures
1052 1081 1172 1121 multo,
1194 1093 1296 1128 quam
1311 1082 1554 1117 occubuissent
1579 1083 1614 1117 in
1641 1083 1727 1123 acie,

116 1143 150 1176 in
169 1142 294 1182 reditu,
312 1142 450 1176 amissis
470 1142 594 1176 belluis
615 1142 720 1177 etiam
735 1142 937 1182 clitellariis,
956 1143 1063 1177 saucii
1083 1143 1324 1189 exhaustique,
1346 1144 1462 1189 pluvio
1482 1155 1522 1178 ac
1540 1143 1730 1189 perfrigido

113 1192 297 1242 autumno.
315 1205 349 1238 in
364 1205 495 1250 tesquis
511 1204 652 1250 passim,
671 1205 799 1249 passim
823 1205 857 1238 111
878 1205 1061 1250 uliginosis
1079 1205 1164 1239 locis
1190 1206 1377 1245 intereunt,
1399 1205 1571 1251 triploque
1591 1206 1731 1252 paucio-

117 1277 173 1301 res
194 1278 269 1300 suae
285 1267 395 1301 nuntii
411 1266 533 1307 cladis,
552 1266 777 1311 pollingenda
793 1266 937 1300 nuribus
957 1267 1029 1301 suis
1049 1271 1145 1313 terga
1164 1267 1321 1302 referunt
1348 1267 1568 1314 Byzantium.

166 1328 302 1369 Poloni‚
321 1328 437 1363 divino
457 1327 646 1362 incolumes
661 1327 838 1373 praesidio,
860 1328 1040 1362 tumulatis
1055 1340 1196 1363 suorum
1210 1329 1425 1375 corporibus,
1443 1330 1729 1375 interemptorum
1758 1329 1865 1355 Publica

120 1390 386 1436 quadringentis
401 1401 470 1424 non
485 1390 648 1435 plurium,
671 1390 781 1423 Deum
812 1389 898 1430 laeti,
926 1402 1031 1424 suum
1057 1391 1241 1426 Dominum
1258 1393 1485 1433 exercituum,
1502 1392 1600 1427 festis
1627 1393 1731 1427 etiam
1757 1369 1876 1433 {gatula-

118 1452 273 1498 epiniciis
289 1452 434 1487 reduces
454 1451 667 1486 collaudant.
688 1452 755 1485 Per
778 1451 868 1486 latus
887 1452 1004 1497 poloni
1032 1453 1126 1499 regis
1154 1454 1360 1499 petebantur
1373 1455 1490 1489 caeteri
1505 1455 1677 1500 principes
1696 1454 1732 1489 in

117 1514 259 1560 Europa
273 1514 453 1548 christiani
469 1526 475 1548 :
497 1514 539 1548 ad
558 1514 622 1548 hos
641 1524 776 1559 quoque
796 1525 914 1548 omnes
933 1515 1107 1560 pertinere
1126 1514 1244 1549 debuit
1262 1516 1418 1561 ejusdem
1436 1516 1593 1551 victoriae
1612 1520 1729 1561 gratu-

117 1576 216 1611 latio.
241 1577 430 1611 Enimvero
447 1577 512 1610 hoc
533 1576 653 1610 nuntio
673 1576 783 1610 laetati
800 1580 881 1610 sunt
896 1587 1034 1611 omnes:
1054 1577 1089 1611 in
1107 1577 1226 1623 primis
1244 1590 1408 1613 romanus
1423 1579 1583 1614 Pontifex
1599 1579 1732 1624 Grego-

117 1637 189 1672 rius
208 1638 287 1672 XV.
312 1638 380 1672 Pro
404 1649 444 1672 eo
470 1642 568 1672 tanto
589 1638 653 1672 Dei
674 1637 844 1672 beneficio
864 1641 897 1672 et
928 1638 1001 1683 ipse
1034 1639 1170 1685 publice
1189 1640 1231 1674 ad
1249 1651 1330 1675 aras
1354 1640 1428 1685 egit
1453 1639 1585 1685 gratias
1605 1639 1733 1685 suppli-

117 1700 252 1735 catione
284 1700 510 1736 celeberrima
527 1713 532 1734 ;
556 1704 590 1735 01
608 1701 699 1734 diem
719 1700 767 1734 VI
788 1701 865 1734 idus
893 1701 1066 1741 octobres,
1085 1713 1151 1747 quo
1171 1702 1282 1737 victus
1296 1703 1406 1737 hostis
1426 1702 1675 1747 submotusque
1694 1713 1736 1736 ex

117 1762 204 1802 acie,
227 1774 364 1797 sacrum
379 1763 527 1797 Domino
542 1763 770 1801 exercituum,
788 1762 981 1808 festumque
998 1763 1139 1798 Polonis
1159 1765 1249 1799 diem
1276 1768 1358 1810 quot
1376 1764 1477 1798 annis
1496 1776 1557 1810 per
1579 1764 1729 1799 officium

119 1824 273 1858 divinum
304 1824 479 1870 peculiare
499 1829 532 1858 et
563 1824 735 1859 sacrificia
766 1835 842 1859 esse
855 1824 981 1870 jussit,
1016 1826 1106 1870 quod
1137 1826 1263 1861 deinde
1302 1826 1467 1861 Urbanus
1485 1827 1571 1861 VIII
1604 1831 1729 1873 rogatu

118 1885 290 1920 Vladislai
311 1886 370 1926 IV,
389 1885 619 1920 confirmavit.
643 1886 822 1920 Hactenus
840 1886 882 1920 de
910 1897 947 1920 re
968 1887 1152 1921 communi.
1176 1888 1255 1921 Jam
1279 1888 1322 1923 de
1340 1888 1406 1928 his,
1429 1899 1507 1933 quae
1538 1888 1730 1934 peculiaria

118 1951 198 1981 sunt
216 1948 397 1993 magisque
412 1952 542 1982 nostra.
567 1948 694 1981 Divina
713 1947 807 1981 haud
822 1947 925 1982 dubie
944 1948 1083 1989 virtute,
1107 1961 1174 1983 non
1194 1949 1355 1984 humanis
1382 1950 1526 1989 viribus,
1548 1950 1641 1985 hosti
1659 1954 1730 1984 tam
1758 1966 1874 1992 Victoria

117 2009 249 2054 potenti
269 2013 405 2043 extorta
423 2013 475 2044 est
502 2009 646 2043 victoria
681 2023 686 2044 :
731 2009 819 2043 hanc
856 2009 943 2043 Divo
968 2009 1143 2045 Stanislao
1175 2011 1308 2051 deberi,
1343 2015 1377 2046 et
1407 2012 1556 2047 Polonia
1587 2012 1732 2058 agnovit
1756 2007 1905 2073 ἓῆῖὲῗὲζῑίῑὲ

118 2072 241 2113 omnis,
259 2075 293 2107 et
312 2072 405 2106 Deus
429 2071 533 2106 certis
553 2072 699 2106 ostentis
719 2071 919 2106 declaravit.
1757 2068 1903 2111 laiKostka

167 2134 259 2169 Sane
277 2145 318 2168 eo
338 2134 412 2179 ipso
433 2133 500 2174 die,
524 2138 621 2168 sexto
650 2134 783 2168 scilicet
806 2133 883 2167 idus
904 2134 1075 2174 octobres,
1097 2147 1163 2180 quo
1183 2135 1307 2169 Turcae
1326 2140 1574 2171 concesserunt
1592 2136 1731 2171 victori·
1758 2125 1844 2158 parta.

118 2193 195 2235 bus,
217 2195 349 2240 aliquot
379 2195 608 2240 prudentibus
629 2207 743 2229 rerum
776 2195 1060 2236 aestimatoribus,
1092 2197 1374 2242 sapientibusque
1397 2196 1528 2231 eisdem
1548 2201 1582 2232 et
1601 2197 1732 2232 sanctis

118 2256 215 2296 viris,
237 2268 326 2297 cum,
360 2256 454 2302 pleni
474 2257 712 2302 expectatione
744 2262 889 2293 eventus
924 2259 1051 2299 bellici,
1074 2271 1145 2294 rem
1165 2260 1390 2295 christianam
1408 2261 1444 2295 in
1471 2272 1512 2295 eo
1533 2260 1732 2296 discrimine

120 2329 260 2364 suaeque
291 2319 440 2353 salutem
470 2319 595 2364 patriae
622 2319 795 2364 supplices
815 2321 888 2355 Deo
916 2322 1211 2362 commendarent,
1233 2322 1276 2357 de
1304 2323 1444 2368 negotio
1477 2327 1656 2358 transacto
1686 2323 1732 2369 (id

121 2379 210 2424 quod
224 2379 333 2425 jurati
357 2380 617 2425 confirmarunt)
649 2380 814 2415 divinitus
842 2393 878 2416 se
897 2382 1046 2416 monitos
1081 2388 1301 2428 agnoverunt
1328 2385 1526 2430 spectaculo
1546 2385 1731 2431 ejusmodi.

121 2439 250 2476 Videre
268 2441 333 2476 sibi
351 2442 415 2475 visi
435 2446 515 2476 sunt
535 2442 709 2476 theatrum
729 2442 809 2476 belli
838 2443 873 2476 in
888 2444 1018 2489 campis
1038 2444 1338 2480 Chotimensibus:
1359 2446 1439 2481 hinc
1458 2459 1479 2481 a
1498 2447 1594 2494 Tyra
1611 2447 1731 2481 imma-

121 2513 199 2537 nem
219 2503 446 2539 barbarorum
473 2504 663 2539 exercitum
691 2504 802 2550 signis
821 2505 1010 2541 irruentem
1029 2506 1176 2548 infestis,
1212 2506 1306 2542 illinc
1323 2508 1367 2543 ab
1387 2509 1513 2555 oppido
1533 2508 1667 2544 intenta
1698 2509 1732 2544 in
