2184 2953
420 295 478 326 142
808 297 1081 327 LITUANICARUM
1107 298 1318 327 SOCIETATls
1340 298 1422 327 JEsu
1449 297 1695 326 HlSTORlARUM

247 393 310 420 1586
417 389 482 423 mis
512 393 695 429 rectorem,
727 390 879 425 interdiu
915 394 1086 436 noctuque
1115 391 1289 425 observet.
1324 390 1377 424 Ex
1406 400 1448 424 ea
1474 388 1632 423 custodia
1662 389 1832 424 Rubenus
1864 389 1909 424 ad
1937 400 2039 424 sena-

418 455 491 486 tum
520 456 554 486 et
585 451 745 487 tribunos
773 452 900 498 plebis,
936 456 1058 487 octavo
1091 452 1169 487 idus
1198 451 1406 493 februarias,
1428 451 1461 485 in
1484 451 1575 486 hanc
1595 452 1817 493 sententiam,
1840 452 2040 498 germanice

416 514 564 560 scriptas
580 542 588 555 ,
610 514 670 550 dat
687 514 824 550 litteras
847 527 853 549 :

246 574 351 601 Litterae
382 615 388 620 q
467 590 483 605 α
504 575 627 622 Angor
645 577 774 617 animo,
797 576 876 610 dum
893 574 1065 609 civitatem
1081 575 1319 620 perturbatam
1340 577 1373 608 et
1388 575 1543 619 graviter
1562 576 1742 610 sollicitam
1770 576 1883 614 video,
1905 576 2038 611 littera—

245 615 389 680 {disthg-xn
415 649 492 672 rum
514 650 634 679 causa,
652 650 730 684 quae
748 650 769 673 a
788 650 841 672 me
857 637 1055 683 exiguntur.
1079 636 1183 682 Rogo
1198 636 1315 682 itaque
1334 647 1395 682 per
1427 636 1552 677 Deum,
1576 641 1613 672 ut
1639 637 1780 672 inanem
1807 637 2039 683 suspicionem

245 693 311 719 tum.
415 700 565 746 ponatis,
584 712 624 735 ac
644 701 812 736 desinatis
828 700 959 734 frustra
969 699 1170 745 inquietari,
1188 710 1257 733 neu
1272 698 1402 733 diutius
1417 710 1493 733 cum
1509 700 1646 746 publico
1665 701 1883 735 incommodo
1900 700 2039 734 clausas

416 774 492 798 esse
506 763 602 798 urbis
622 768 741 809 portas
760 763 888 803 velitis,
911 766 945 796 et
963 772 1105 796 causam
1131 761 1222 796 hanc
1249 760 1384 795 secetis.
1412 760 1464 795 De
1494 760 1632 802 litteris,
1665 775 1742 808 quac
1767 766 1946 809 petuntur,
1972 763 2039 809 ajo,

393 821 396 824 ⁴
415 828 603 871 sancteque
634 824 800 859 confirmo
820 836 826 858 1
862 824 950 858 nihil
978 823 1062 857 mihi
1089 826 1264 863 constare,
1299 824 1346 858 ita
1372 835 1466 865 vere,
1505 829 1542 859 ut
1573 837 1689 860 coram
1722 826 1887 861 tribunali
1923 826 2038 861 divino

414 886 604 933 apparebo.
640 886 730 925 Quin
762 886 879 926 etiam,
914 890 951 920 ut
980 885 1084 931 plane
1115 885 1238 920 civitas
1265 885 1339 920 sine
1370 890 1463 921 metu
1490 890 1523 922 et
1558 888 1791 923 sollicitudine
1816 889 1872 927 sit,
1908 889 2038 935 recipio

413 949 648 994 spondeoque,
666 949 695 983 si
714 961 792 994 quaa
810 960 963 994 unquam
977 948 1107 983 litterae
1134 947 1223 982 tales
1253 948 1483 994 apparebunt,
1515 960 1574 984 eas
1597 950 1727 985 nullius
1750 952 1840 997 juris
1866 951 2038 997 planeque

412 1011 530 1045 irritas
544 1011 631 1046 fore.
654 1011 754 1050 Quod
774 1011 801 1045 si
820 1011 885 1046 hoc
909 1010 1107 1046 testimonio
1123 1010 1220 1044 vobis
1244 1010 1406 1045 satisfieri
1423 1022 1492 1045 non
1509 1015 1637 1057 potest,
1659 1017 1764 1058 atque
1783 1014 1920 1048 duobus
1940 1014 2037 1048 testi-

413 1074 490 1113 bus,
508 1086 653 1119 quorum
673 1073 763 1108 alter
794 1073 902 1108 latine
920 1073 1063 1119 ignorat
1081 1072 1170 1107 alter
1207 1072 1292 1106 satis
1325 1073 1567 1108 inconstanter
1596 1074 1733 1109 locutus
1758 1080 1822 1116 est,
1849 1076 1927 1121 plus
1954 1076 2038 1111 fidei

414 1136 634 1170 tribuendum
653 1135 856 1170 censueritis
876 1147 978 1181 quam
1007 1135 1143 1169 senatui
1164 1138 1197 1169 et
1216 1134 1315 1169 nobis
1334 1147 1339 1168 :
1362 1146 1426 1169 nos
1441 1135 1580 1181 quidem
1607 1137 1694 1171 nihil
1725 1142 1898 1184 praeterea
1919 1149 2037 1172 coram

413 1209 547 1232 summa
565 1197 726 1238 veritate,
748 1209 826 1243 quae
841 1197 955 1231 omnia
973 1197 1093 1236 vincit,
1116 1197 1231 1231 dicere
1254 1208 1407 1242 unquam
1427 1198 1618 1243 poterimus
1637 1212 1643 1239 ;
1661 1199 1760 1234 vobis
1779 1211 1862 1234 vero
1882 1199 2038 1235 conside-

412 1260 559 1295 randum
580 1260 658 1301 erit,
676 1259 706 1294 si
725 1260 807 1306 quid
822 1259 965 1305 gravius
980 1263 1154 1294 attentare
1178 1258 1374 1299 volueritis,
1397 1260 1687 1305 quemadmodum
1712 1262 1747 1296 id
1771 1274 1887 1297 coram
1906 1263 1980 1297 Deo
2004 1266 2038 1297 et

413 1333 574 1368 supremo
594 1326 712 1356 nostro
732 1321 942 1368 magistratu
961 1321 1050 1356 tueri
1071 1321 1224 1367 possitis.
1246 1339 1261 1352 „

462 1384 637 1430 Scriptum
652 1396 752 1419 suum
768 1384 973 1419 Leonardus
988 1384 1146 1430 pluribus
1165 1383 1382 1430 argumentis
1399 1384 1554 1425 Gisio,se
1568 1397 1644 1420 cum
1659 1386 1776 1421 multis
1787 1387 1864 1421 aliis
1880 1388 2034 1422 inseren-

411 1447 448 1487 ti,
472 1446 704 1481 confirmavit.
718 1447 811 1481 Luce
831 1446 980 1492 denique
999 1446 1166 1487 veritatis,
1179 1449 1345 1491 tanquam
1363 1446 1512 1482 offusam
1524 1448 1588 1483 soli
1608 1449 1808 1495 caliginem,
1822 1450 2036 1484 criminatio-

412 1521 493 1543 num
511 1508 679 1544 invidiam
711 1508 916 1555 dissipante,
939 1508 1138 1543 innocentia
1150 1508 1276 1554 judicii
1296 1520 1414 1554 poena,
1432 1509 1627 1556 Collegium
1654 1512 1819 1546 custodiis
1839 1512 2008 1546 liberatur
2025 1524 2032 1552 ;

411 1572 559 1607 occlusae
579 1572 693 1607 adhuc
712 1572 807 1606 urbis
844 1575 955 1617 port-ee
974 1575 1188 1606 reserantur.
1221 1571 1303 1606 Non
1330 1575 1493 1617 poterant
1515 1572 1681 1607 sustineri
1705 1573 1835 1607 diutius
1873 1578 1942 1608 tam
1962 1585 2034 1608 cre-

411 1635 483 1669 brae
498 1635 533 1669 in
551 1634 626 1669 dies
647 1634 728 1668 ali-ee
747 1645 791 1668 ex
809 1633 888 1668 aliis
904 1634 1165 1668 criminationes
1181 1633 1388 1679 vexatioque
1404 1634 1584 1668 Sociorum
1608 1640 1777 1680 perpetua
1794 1649 1801 1676 ;
1837 1636 1895 1669 ubi
1914 1636 2034 1680 itaque

409 1697 489 1731 data
508 1696 713 1742 egrediendi
739 1696 901 1737 facultas,
924 1699 1037 1730 rector
1056 1696 1237 1730 confestim
1257 1695 1435 1729 contendit
1453 1695 1593 1730 Vilnam
1612 1696 1657 1730 ad
1683 1696 1897 1731 cardinalem
1923 1697 2033 1731 Radi-

408 1759 542 1799 villum,
560 1763 595 1793 et
622 1758 676 1792 sui
694 1758 842 1803 Collegii
862 1762 896 1792 et
923 1758 1133 1803 Rigensium
1154 1757 1400 1792 haereticorum
1414 1768 1552 1792 causam
1572 1758 1738 1792 dicturus.
1758 1758 1955 1793 Modestius
1975 1758 2034 1793 ille

408 1834 481 1857 rem
499 1834 599 1857 suam
618 1822 765 1868 principi
780 1821 953 1867 exposuit,
971 1833 1075 1867 quam
1095 1820 1302 1866 injuriarum
1313 1819 1480 1854 atrocitas
1496 1818 1720 1864 postulasset.
1739 1819 1858 1854 Unum
1870 1820 1904 1854 id
1920 1820 2029 1854 maxi-

409 1896 464 1919 me
482 1884 617 1925 orabat,
630 1888 678 1924 ut,
692 1884 720 1918 si
740 1884 821 1929 quid
837 1883 1004 1929 compacti
1015 1883 1058 1917 de
1078 1883 1347 1918 armamentario
1363 1880 1557 1927 Collegium
1577 1880 1668 1915 inter
1683 1886 1717 1914 et
1732 1887 1893 1916 senatum
1912 1881 2033 1916 fuisset

408 1946 510 1992 (quod
530 1950 636 1987 certe,
651 1946 886 1991 gubernatore
901 1945 1052 1980 civitatis
1071 1949 1105 1980 et
1129 1945 1302 1979 universae
1322 1943 1480 1979 Livoniae
1494 1943 1676 1983 insciente,
1688 1942 1926 1978 intercessisse
1938 1943 2031 1978 haud

408 2007 569 2054 poterat),
591 2008 666 2054 ipse
681 2020 744 2042 sua
759 2008 968 2043 auctoritato
988 2013 1110 2042 sancta
1132 2019 1172 2041 ac
1191 2006 1258 2041 fide
1278 2009 1476 2041 testaretur.
1500 2004 1597 2038 Nihil
1623 2016 1664 2039 ea
1683 2016 1719 2039 re
1739 1995 1850 2051 potuit
1879 2006 2027 2050 aequius,

408 2082 470 2104 suo
490 2070 594 2104 etiam
603 2070 692 2115 justi
711 2070 878 2116 principis
903 2069 1051 2116 judicio,
1074 2069 1259 2114 postulari.
1278 2068 1359 2104 Sine
1378 2078 1476 2101 mora
1495 2066 1612 2112 itaque
1631 2066 1677 2100 ad
1704 2067 1880 2101 civitatem
1900 2066 2033 2112 Rigen-

407 2144 480 2167 sem
509 2131 705 2166 Cardinalis
737 2131 796 2166 dat
811 2132 844 2178 (1)
858 2131 1018 2172 litteras,
1046 2147 1060 2160 a
1083 2131 1222 2177 quibus,
1245 2131 1337 2165 cives
1357 2129 1401 2164 ad
1421 2129 1572 2163 studium
1592 2129 1685 2175 pacis
1700 2133 1734 2163 et
1768 2128 2032 2175 tranquillitatis

411 2209 426 2223 κ
448 2193 622 2234 hortatu&
644 2193 732 2227 nihil
747 2205 784 2228 se
809 2193 933 2233 nuntii,
951 2193 1007 2228 vel
1026 2205 1087 2239 per
1105 2193 1320 2228 levissimum
1338 2193 1576 2228 rumusculum
1595 2193 1638 2228 de
1657 2193 1928 2227 armamentario
1949 2194 2030 2228 civi-

410 2271 425 2285 κ
448 2256 530 2290 tatis
562 2255 714 2300 publico,
737 2256 883 2290 Jesuitis
902 2256 1087 2296 tradendo,
1110 2256 1286 2302 accepisse
1304 2260 1417 2290 monet
1436 2268 1442 2290 t
1469 2256 1688 2302 quiescerent
1723 2266 1808 2300 ergo
1843 2254 2032 2301 aliquando

409 2333 424 2347 α
447 2318 589 2353 tandem
608 2317 689 2351 boni
708 2317 815 2358 cives,
829 2317 1044 2363 criminaque
1063 2318 1133 2352 alia
1152 2330 1195 2353 ex
1215 2318 1292 2352 aliis
1312 2329 1428 2353 serere
1448 2318 1709 2363 discordiasque
1728 2317 1930 2352 omitterent
1950 2330 1955 2351 z
1979 2330 2030 2353 se-

411 2396 426 2410 a
448 2383 568 2415 natum
582 2379 701 2425 plebes
721 2390 821 2413 suum
836 2383 1052 2414 vererentur.
1077 2398 1091 2411 >a
1109 2380 1155 2414 At
1174 2391 1286 2425 neque
1304 2380 1384 2414 hinc
1396 2380 1469 2414 ulla
1485 2385 1591 2414 oestro
1604 2379 1743 2426 percitis
1763 2378 1943 2414 medicina,
1960 2380 2030 2415 Re-

407 2446 509 2488 cepta
526 2441 633 2477 semel
647 2441 763 2475 animo
778 2441 927 2487 suspicio
943 2442 1068 2478 misere
1083 2443 1218 2483 Socios,
1236 2441 1385 2487 plebem,
1405 2442 1662 2488 magistrosque
1683 2440 1833 2477 civitatis
1854 2442 2026 2487 agitabat.

449 2518 490 2554 (1)
503 2517 535 2545 V.
555 2518 580 2546 in
597 2516 758 2554 Appendicc
774 2517 856 2552 liujus
873 2516 945 2546 libri.
