2184 2953
590 308 695 336 LIBER
720 307 895 335 SEPTIMUS
920 306 1131 344 (loeo-1630).
1639 307 1699 338 265

95 404 289 450 triumphos
309 406 472 438 evocatus
492 413 513 436 a
532 403 619 443 Deo,
641 402 726 436 VIII
745 402 914 437 kalendas
936 400 1108 440 octobres,
1130 412 1148 434 e
1168 400 1381 434 Chotimensi
1411 400 1567 435 castello.
1590 401 1702 436 Natus
1727 405 1812 455 icar-

95 467 131 501 in
150 465 389 511 antiquissima
417 465 531 511 gentis
551 464 744 498 Lituanicee
760 476 797 498 ac
817 463 969 509 principe
988 462 1130 502 familia,
1151 462 1352 508 parentibus
1387 463 1407 497 J
1412 474 1523 498 oanne
1551 467 1584 497 et
1609 463 1704 498 Chri·
1727 445 1857 518 iggllffliitsas

96 528 201 569 stina,
223 526 515 562 Zborovskiorum
547 526 815 560 castellanorum
846 524 1125 559 Cracoviensium
1156 523 1227 558 filia
1253 536 1259 558 1
1291 524 1473 558 comitibus
1500 525 1535 558 111
1563 524 1701 565 Szklov,

96 589 198 636 Mysz
219 592 253 623 et
273 589 431 634 Bychov,
453 588 745 633 gubernatoribus
776 586 944 626 Livoniae,
965 585 1108 620 ducibus
1144 586 1353 621 exercituum
1374 585 1560 621 Lituanire.
1600 587 1705 621 Pater

96 651 117 685 J
121 651 242 686 oannis
262 650 377 685 Caroli
397 650 501 684 rebus
520 649 636 683 multis
656 649 747 683 domi
775 649 974 694 militiaeque
996 648 1104 694 gestis
1123 651 1264 683 senator
1283 651 1317 682 et
1336 648 1523 693 imperator
1542 648 1700 694 inclytus.

95 713 126 748 A
145 711 281 747 Calvini
300 716 395 746 secta
423 711 467 745 ad
494 710 687 745 Ecclesiam
706 711 911 745 catholicam
931 721 1035 756 opera
1055 709 1209 755 theologi
1240 710 1349 743 nostri
1370 710 1548 744 Francisci
1578 710 1703 751 Toleti,
1733 726 1770 753 De
1793 726 1875 753 Colle-

96 785 197 820 quem
220 772 407 808 cardinalis
434 773 721 812 Conmiendonus,
744 773 894 812 Romani
915 772 1094 806 Pontificis
1121 772 1164 806 ad
1194 771 1347 806 Polonos
1378 771 1528 817 legatus,
1551 772 1707 806 comitem
1731 766 1851 831 {iglfflm

95 835 298 874 adduxerat,
321 838 502 868 revocatus
515 835 548 879 (1)
568 835 631 868 sub
650 835 796 869 comitiis
812 834 922 879 regni,
944 833 1072 868 habitis
1091 834 1273 868 Varsaviae
1292 846 1349 868 an.
1372 834 1476 874 1572,
1495 833 1705 868 Societatem
1732 845 1867 871 Academi-

99 901 252 933 nostram
271 897 458 931 adamavit.
482 897 616 930 Praeter
635 897 705 930 alia
731 908 792 930 sua
822 896 989 930 beneficia
1017 895 1102 929 illud
1122 899 1186 935 est,
1209 896 1298 941 quod
1318 895 1412 941 regis
1440 895 1610 941 Stephani
1628 907 1707 929 con·
1733 884 1849 949 ffigfgfs

99 959 212 994 silium
241 959 276 992 in
313 958 560 992 confirmandis
596 957 802 992 academicis
828 957 975 1002 Collegii
1007 957 1184 991 Vilnensis
1216 957 1408 1003 privilegiis
1444 956 1618 991 sententia
1644 967 1708 991 sua

99 1032 249 1066 curaque
268 1021 492 1066 promoverit.
511 1020 624 1065 Hujus
646 1024 727 1053 natu
748 1019 859 1053 minor
877 1019 981 1059 filius,
1004 1019 1058 1053 hic
1074 1022 1191 1053 noster
1206 1019 1226 1053 J
1231 1030 1361 1053 oannes
1381 1019 1538 1059 Carolus,
1556 1018 1706 1053 Alexan-

99 1083 152 1117 dri
187 1083 411 1118 Trocensium
452 1081 598 1127 palatini
640 1081 758 1121 frater,
797 1081 944 1127 primum
983 1081 1165 1127 pocillator
1200 1081 1386 1122 Lituaniee‚
1420 1081 1544 1116 deinde
1578 1092 1709 1127 praeses

99 1144 302 1189 Samogitiae
323 1144 539 1189 capitaneus,
562 1147 596 1177 et
625 1143 692 1177 dux
724 1143 941 1188 campestris,
963 1143 1110 1188 denique
1137 1143 1356 1177 Vilnensium
1374 1142 1559 1189 palatinus,
1583 1143 1708 1188 guber-

100 1210 199 1241 nator
219 1205 387 1246 Livoniae,
412 1209 446 1239 et
473 1216 654 1250 supremus
688 1205 757 1238 dux
787 1204 997 1238 exercituum
1031 1204 1214 1239 Lituanize.
1234 1204 1287 1238 Ad
1316 1216 1372 1239 res
1400 1204 1506 1239 armis
1535 1204 1709 1249 gerendas
1736 1210 1871 1255 Ingentum

99 1272 213 1308 natus,
229 1268 301 1313 ι13111
319 1279 418 1313 puer,
441 1267 535 1301 visus
567 1271 619 1301 est
652 1267 725 1311 regi
754 1266 924 1306 Poloniae‚
946 1278 1023 1300 cum
1049 1266 1237 1312 aliquando
1263 1266 1378 1300 Vilnae
1401 1277 1520 1311 regem
1538 1265 1710 1312 hospitem
1736 1251 1871 1317 ’ἶῐῗέᾒῗζῗῃ

100 1331 238 1366 nomine
267 1329 544 1364 academicorum
576 1328 755 1369 salutaret,
791 1328 1044 1373 contemplatus
1080 1332 1252 1362 oratorem
1289 1328 1463 1374 princeps,
1497 1339 1573 1363 eam
1605 1327 1711 1362 animi

101 1391 336 1439 praesentiam,
358 1390 435 1425 illos
456 1391 571 1425 vultus
598 1390 694 1436 pueri
716 1390 871 1429 martios,
894 1390 1146 1435 praemmtiasse
1165 1390 1274 1424 fertur
1296 1402 1302 1423 :
1324 1390 1397 1424 fore
1415 1389 1508 1424 hunc
1525 1389 1712 1435 aliquando

102 1453 244 1488 heroem
264 1452 524 1498 magnanimum
542 1464 583 1487 ac
607 1452 741 1486 ducem.
765 1451 819 1485 Ad
834 1451 867 1484 id
886 1451 906 1485 J
912 1463 1040 1485 oannes
1056 1455 1177 1497 suopte
1196 1451 1335 1497 ingenio
1354 1451 1565 1496 fingebatur.
1586 1451 1713 1485 Nullus

103 1515 167 1550 sibi
181 1514 369 1561 jucundior
400 1525 513 1548 sermo
532 1525 633 1559 quam
655 1512 697 1547 de
723 1513 807 1547 actis
836 1513 980 1546 heroum
998 1513 1168 1558 rebusque
1196 1513 1342 1547 bellicis.
1371 1513 1541 1547 Versatus
1568 1523 1714 1559 peregre

102 1578 137 1612 in
172 1577 371 1622 Hungaria‚
406 1576 609 1616 Germania,
650 1575 764 1615 Italia,
795 1574 932 1614 Melita,
971 1575 1098 1616 Gallia,
1133 1575 1312 1620 Hispania,
1343 1574 1536 1614 Lusitania,
1574 1574 1711 1620 Belgio,

102 1639 230 1680 Scotia,
248 1638 391 1684 Anglia,
419 1638 604 1672 multarum
628 1649 744 1671 rerum
766 1640 799 1670 et
825 1637 951 1670 artium
971 1636 1005 1670 in
1025 1637 1144 1681 primis
1171 1637 1369 1671 militarium
1397 1637 1577 1671 scientiam
1595 1648 1713 1671 conse-

102 1704 199 1742 cutus
228 1704 291 1734 est.
327 1699 460 1734 Eadem
488 1699 671 1733 occasione
698 1698 883 1732 multorum
914 1697 1121 1743 principum,
1142 1698 1233 1732 inter
1261 1698 1347 1733 alios
1372 1698 1509 1733 illorum
1528 1698 1715 1733 celebrium

106 1762 325 1803 bellatorum,
359 1761 498 1802 Albani,
521 1761 730 1801 Parmensis,
769 1760 956 1800 Austriaci‚
991 1760 1167 1801 Mauricii,
1206 1761 1402 1795 conciliavit
1440 1761 1505 1795 sibi
1529 1761 1710 1795 amicitias.

107 1825 225 1860 Prima
243 1824 324 1859 huic
346 1823 587 1870 exeperiendae
607 1823 743 1857 virtutis
772 1827 894 1868 aperta
929 1822 1065 1856 occasio
1091 1822 1126 1856 in
1150 1823 1280 1868 campis
1311 1823 1515 1863 Moldaviae,
1545 1823 1712 1858 adversus

107 1887 179 1933 ejus
207 1885 394 1932 provinciae
425 1885 630 1931 palatinum,
652 1884 874 1923 Michaelem,
896 1887 1012 1917 secuto
1040 1883 1161 1918 ducem
1188 1883 1416 1918 clarissimum
1447 1884 1619 1918 Joannem
1651 1884 1713 1918 Za·
1738 1915 1817 1940 Amor
1834 1915 1860 1940 et

107 1947 314 1994 moyskium.
338 1947 577 1981 Crescentibus
596 1947 676 1980 inde
695 1945 832 1985 animis,
854 1945 956 1979 sortia
977 1948 1010 1979 et
1028 1945 1101 1990 ipse
1119 1945 1291 1987 meditari,
1314 1945 1473 1990 domique
1499 1957 1561 1991 per
1591 1945 1710 1986 otium,
1741 1953 1855 1980 studium

108 2009 234 2043 coactis
248 2009 283 2042 111
302 2019 462 2054 campum
477 2007 740 2052 distributisque
755 2007 788 2040 in
808 2006 966 2040 cohortes
985 2010 1019 2040 et
1032 2010 1165 2040 turmas
1179 2007 1300 2041 aulicis
1316 2006 1531 2052 paganisque
1549 2007 1712 2048 servitiis,
1739 1994 1843 2059 ἷὲῗῖἰῗέ

107 2070 279 2105 instruere
315 2070 420 2110 acies,
460 2070 675 2104 committere
706 2069 874 2103 adversas
909 2071 1039 2113 partes,
1082 2080 1267 2113 pugnaque
1302 2068 1478 2102 umbratili
1514 2068 1676 2103 collidere
1706 2081 1712 2103 :
1741 2079 1809 2098 rum.

111 2132 295 2172 sustinere,
333 2131 561 2177 perfringere,
592 2131 747 2169 turbare,
782 2130 963 2165 restituere
998 2142 1003 2163 1
1038 2130 1166 2163 adoriri
1202 2130 1329 2164 circum
1365 2134 1480 2176 septos
1511 2130 1713 2176 aggeribus,

110 2193 282 2234 obsidere,
305 2194 424 2228 vineas
444 2193 648 2239 pluteosque
669 2204 789 2238 agere,
813 2202 1030 2237 oppugnare,
1055 2191 1134 2225 hinc
1160 2191 1255 2225 illinc
1281 2192 1415 2226 hostem
1434 2203 1661 2233 summovere,
1683 2196 1717 2227 et

111 2259 254 2290 caeteros
274 2256 444 2302 ejusmodi
470 2255 571 2290 ludos
603 2256 705 2289 edere
738 2254 808 2288 suis
838 2253 1047 2287 vernaculis.
1066 2253 1152 2287 Haec
1179 2253 1236 2287 1110
1267 2265 1339 2299 prae
1366 2253 1544 2292 conviviis,
1566 2253 1713 2296 choreis,

111 2317 327 2363 theatrisque
349 2317 581 2352 comoedorum
597 2317 746 2350 amabat.
767 2317 805 2349 In
820 2315 882 2349 tali
900 2315 1126 2360 hippodromo
1153 2327 1229 2349 cum
1250 2315 1436 2360 aliquando
1455 2316 1530 2362 ipse
1551 2316 1717 2362 magister

113 2379 266 2424 equitum
291 2390 352 2424 pro
381 2379 473 2413 seria
503 2390 540 2413 re
571 2382 706 2424 ageret,
736 2377 915 2423 prolapsus
943 2388 985 2411 ex
1012 2388 1098 2421 equo
1125 2376 1247 2422 pedem
1276 2376 1391 2422 fregit.
1415 2377 1547 2412 Nuntio
1577 2378 1716 2412 interim
1742 2387 1810 2413 Usus
1827 2395 1866 2413 ar-

111 2444 265 2487 accepto,
288 2452 360 2475 rem
389 2441 449 2487 agi
475 2441 633 2486 patriam,
663 2442 883 2485 expugnante
908 2438 1088 2472 Livoniani
1116 2438 1239 2478 Sueco,
1269 2439 1438 2473 contineri
1468 2439 1562 2474 haud
1589 2439 1700 2485 potuit
1742 2434 1841 2451 morum

1705 2466 1712 2479 ⁹
1740 2464 1885 2491 laudabilis.

157 2507 202 2547 (1)
226 2509 342 2538 ,loannis
365 2512 444 2545 pater
458 2509 492 2537 ad
509 2509 662 2537 Ecclesiam
679 2516 728 2543 per
743 2509 774 2536 1).
794 2510 920 2536 Toletum
937 2511 1115 2546 aggregatus.

1555 2559 1586 2585 34
