2184 2953
613 307 716 334 LIBER
740 305 897 333 TERTffls
920 305 1125 341 (iaso-1590).
1643 299 1700 329 163

88 401 263 448 suggessit
291 400 411 445 pietas,
445 399 610 444 templum
637 398 672 432 in
691 397 817 443 oppido
845 407 906 430 suo
926 395 1039 434 condi,
1063 398 1108 435 et,
1131 394 1295 439 vectigali
1323 398 1489 439 perpetuo
1504 393 1696 437 assignato,

87 463 301 499 sacerdotem
328 461 457 496 ibidem
490 461 667 495 curionem
698 459 873 499 constitui,
908 460 1115 492 testamento
1140 457 1257 501 jussit.
1288 455 1450 500 Triginta
1479 454 1537 488 alii
1556 466 1576 487 a
1596 454 1698 489 sectis

87 524 228 565 Calvini,
249 524 378 564 Photii,
398 523 555 561 Lutheri,
578 523 622 556 ad
642 523 809 556 unitatem
830 520 996 555 Ecclesiae
1015 519 1198 553 catholicae
1220 530 1283 564 per
1301 518 1420 553 Socios
1443 528 1462 552 e
1480 517 1699 551 NesvisienS1

86 586 239 631 Collegio
258 584 422 620 revocati.
457 584 548 618 Hinc
576 584 721 630 principi
754 581 946 621 Radivillo,
969 580 1139 614 conditori
1167 581 1239 626 ejus
1258 580 1393 620 (lomus,
1419 579 1573 613 incitatio
1594 578 1699 611 animi

84 649 127 684 ad
151 659 205 688 ea,
227 659 305 692 qnae
336 646 392 692 pie
424 645 645 686 instituisset,
673 643 894 691 profliganda
924 641 1157 686 alacritasque
1184 641 1219 674 in
1251 642 1325 676 dies
1344 641 1466 687 major.
1501 640 1604 674 Jacta
1622 638 1700 672 novi

83 710 308 745 fundamenta
330 708 470 754 templi:
505 711 608 742 aucta
644 708 766 741 domus
798 704 1005 750 vectigalia:
1040 704 1131 737 bona
1150 703 1305 749 Collegio
1325 703 1454 738 tradita
1472 705 1509 736 ut
1528 701 1571 735 ab
1590 699 1700 734 oneri-

83 773 145 807 bus
165 774 282 806 essent
307 769 483 809 immunia,
514 773 588 803 tum
620 769 717 814 regio
737 769 889 808 decreto,
919 770 991 801 tum
1022 765 1359 805 senatus-consulto,
1381 765 1456 811 ipso
1476 765 1697 810 procurante,

83 834 264 869 sancitum.
287 832 568 877 Brunsbergensi
587 843 723 877 quoque
739 830 895 875 Collegio
915 840 978 863 sua
992 828 1130 862 interim
1144 827 1274 862 fuerint
1289 828 1504 862 incrementa
1521 826 1567 871 (1).
1599 824 1699 863 Quod

83 897 139 931 diu
159 896 203 930 ad
222 894 272 930 rei
300 894 483 929 litterariae
502 893 720 928 commodum
740 892 1015 930 desiderabatur,
1037 889 1177 924 condita
1209 889 1349 935 suisque
1380 890 1550 923 instructa
1567 887 1699 922 utensi-

82 959 184 998 libus,
220 957 416 992 litterarum
447 955 756 1001 imprimendarum
788 953 939 987 officina.
970 952 1039 986 Pro
1069 951 1241 986 conducta
1267 951 1401 986 alendis
1428 949 1697 987 convictoribus,

83 1031 150 1054 non
175 1019 390 1064 amplissima
414 1017 475 1051 illa
503 1018 592 1062 (quae
628 1017 845 1050 habitatores
876 1013 1101 1060 septuaginta
1131 1016 1272 1059 caperet
1298 1024 1367 1047 non
1394 1012 1556 1058 amplius)
1580 1011 1695 1050 domo,

81 1081 162 1116 data
180 1084 244 1121 est,
267 1081 312 1114 ad
339 1079 560 1125 septuaginta
589 1090 701 1112 annos
727 1077 838 1123 gratis
866 1076 1008 1115 utenda,
1043 1075 1136 1109 aedes
1163 1074 1376 1109 commodior
1407 1073 1528 1113 multo,
1559 1076 1593 1107 et
1627 1082 1696 1117 qua

80 1142 201 1178 duceni
223 1142 323 1177 facile
345 1142 479 1188 possint
506 1141 688 1176 contineri.

127 1204 248 1239 Rebus
266 1204 433 1250 praeclare
468 1203 577 1249 gestis
609 1203 646 1236 in
674 1201 815 1236 dioecesi
844 1199 1079 1241 Craeoviensi‚
1101 1210 1187 1245 quas
1214 1198 1379 1233 historico
1407 1198 1576 1244 polonicae
1607 1210 1694 1245 pro-

80 1267 203 1303 vinciae
223 1266 463 1312 relinquimus,
485 1277 577 1300 anno
600 1265 692 1301 1590
710 1269 849 1311 gratum
869 1265 933 1299 sibi
959 1265 999 1299 ab
1019 1263 1104 1298 urbe
1131 1262 1290 1296 nuntium
1325 1262 1459 1307 accepit
1477 1261 1696 1307 Campanus:

81 1329 294 1364 Ludovicum
313 1328 444 1362 scilicet
462 1327 662 1367 Masellum,
681 1327 739 1372 qui
753 1326 967 1372 provinciam
996 1324 1163 1358 lustraret
1176 1323 1391 1364 lituanicam,
1409 1323 1525 1358 Roma
1540 1323 1696 1358 missum.

81 1390 182 1425 Hunc
200 1389 259 1424 ille
274 1389 470 1429 comitatus,
500 1388 709 1423 Varsaviam
729 1388 876 1434 primum
896 1387 940 1421 ad
968 1385 1193 1420 salutandum
1212 1385 1363 1430 Regem,
1385 1385 1466 1419 inde
1497 1384 1700 1419 Nesvisium

81 1452 124 1487 ad
143 1451 356 1486 conditorem
384 1451 550 1485 domicilii
578 1450 764 1485 Nicolaum
796 1449 1029 1487 Radivillmu,
1060 1448 1272 1482 Trocensem
1310 1451 1392 1481 tunc
1427 1446 1634 1493 palatinum,
1666 1458 1702 1481 se

79 1513 244 1554 contulit;
266 1524 333 1559 quo
352 1513 513 1558 princeps
529 1512 661 1552 Socios,
682 1511 821 1557 quando
841 1511 979 1557 quidem
1008 1510 1092 1555 ipsis
1112 1509 1269 1555 cogenda
1301 1513 1378 1544 erat
1404 1509 1440 1555 (2)
1477 1508 1702 1555 provincialis

80 1574 325 1621 Congregatio,
347 1574 530 1608 invitabat.
556 1574 726 1608 Invitatos
753 1572 887 1618 accepit
921 1571 1181 1617 benignissime,
1204 1571 1346 1616 suisque
1376 1571 1541 1616 impensis
1565 1573 1699 1605 susten-

79 1637 185 1678 tavit3
207 1637 290 1682 quin
321 1636 426 1670 etiam
458 1635 718 1670 revenientibus
737 1634 781 1668 ad
801 1645 865 1668 sua
885 1633 1059 1668 domicilia
1078 1632 1271 1667 liberaliter
1291 1632 1526 1678 suppeditavit
1552 1633 1699 1674 viatiea;

81 1698 115 1733 in
135 1698 255 1745 primis
271 1697 446 1732 Stanislao
466 1697 686 1738 Gmdzickio,
711 1697 932 1732 Procuratori
955 1697 999 1731 ad
1024 1697 1340 1743 Congregationem
1359 1697 1557 1731 Romanam
1577 1697 1698 1732 electo.

129 1761 205 1795 Duo
229 1760 310 1794 huic
342 1760 485 1805 negotia
514 1760 663 1794 maxime
695 1759 939 1794 commendata
966 1771 972 1792 z
994 1759 1156 1799 alterum,
1188 1763 1226 1793 ut
1248 1770 1381 1804 praeses
1408 1758 1632 1804 provincialis
1660 1770 1701 1793 ex

79 1821 255 1868 provincia
280 1832 449 1855 concessu
472 1821 660 1866 Praepositi
675 1821 851 1867 generalis
878 1821 950 1867 legi
969 1821 1092 1867 possit,
1115 1821 1338 1855 sufficiendus
1358 1821 1393 1866 (3)
1414 1821 1601 1866 Campano,
1625 1821 1700 1867 jam

81 1885 152 1931 ejus
170 1884 337 1925 muneris,
355 1884 447 1930 quod
466 1895 590 1918 novem
606 1884 701 1929 ipsos
728 1894 842 1917 annos
862 1882 1099 1923 sustinuisset,
1118 1886 1222 1917 aetate
1240 1883 1291 1917 illi
1306 1883 1586 1929 ingravescente,
1607 1883 1700 1918 vale-

79 1946 198 1981 tudine
229 1946 381 1988 infirma,
408 1946 626 1981 vacationem
655 1944 845 1991 postulanti
864 1957 871 1985 ;
890 1944 1056 1985 alterum,
1088 1948 1125 1979 ut
1149 1945 1309 1980 viderent
1327 1945 1535 1991 congregati
1563 1945 1696 1986 Patres,

83 2008 293 2043 commodius
320 2020 363 2043 ne
389 2008 490 2049 foret,
512 2008 727 2054 provinciam
744 2004 848 2048 hanc,
882 2018 960 2052 qua}
990 2007 1094 2042 tantis
1122 2007 1212 2043 inter
1239 2019 1276 2043 se
1308 2008 1476 2043 distantia
1506 2009 1700 2044 intervallis

82 2070 224 2106 haberet
254 2070 442 2112 domicilia,
465 2070 573 2104 dividi
604 2069 765 2104 bifariam
801 2082 807 2104 2
839 2069 873 2103 in
894 2069 1114 2104 Lituanicam
1149 2070 1311 2105 videlicet
1342 2075 1376 2105 et
1408 2071 1623 2106 Polonicain.
1661 2054 1700 2105 111

83 2135 262 2178 utramque
285 2136 418 2178 partem
437 2133 561 2167 Romae
581 2132 823 2178 disceptatum.
847 2130 1012 2165 Pluribus
1040 2130 1164 2171 visum,
1194 2143 1257 2166 nec
1283 2132 1497 2178 provinciam
1517 2144 1594 2167 esse
1614 2132 1699 2166 divi-

86 2195 244 2237 dendam,
262 2199 298 2230 ut
313 2208 390 2241 quae
409 2195 510 2230 11111115
530 2199 621 2230 05501
639 2196 767 2241 gentis,
786 2199 820 2229 et
834 2194 1083 2241 provincialem
1099 2195 1289 2229 curandum
1309 2196 1471 2237 maxime,
1491 2200 1527 2230 ut
1542 2197 1699 2231 mittatur

85 2268 127 2292 ex
145 2257 258 2292 Italia.
281 2255 420 2292 Judicio
438 2257 590 2303 plurium
623 2268 678 2291 res
698 2257 805 2292 stetit.
829 2257 867 2291 Id
899 2256 1033 2291 consilii
1053 2256 1240 2291 cardinalis
1267 2258 1371 2291 etiam
1399 2256 1610 2296 Radivillus,
1639 2258 1697 2302 qui

85 2331 139 2354 res
158 2320 342 2355 Societatis
360 2320 518 2366 perinde,
540 2331 580 2354 ac
599 2320 627 2354 si
656 2332 746 2354 unus
766 2332 784 2354 e
814 2320 944 2354 nostris
968 2320 1068 2358 foret,
1099 2318 1256 2359 curabat,
1285 2318 1375 2353 datis
1401 2319 1446 2353 ad
1462 2319 1695 2364 Praepositum

85 2382 281 2428 generalem
310 2382 451 2423 litteris,
483 2381 708 2416 collaudavit.
743 2382 930 2417 Lituanica
949 2382 1065 2426 itaque
1092 2383 1125 2415 et
1157 2379 1325 2414 Polonica
1355 2380 1504 2415 Masello
1522 2381 1696 2415 visitanda

123 2458 160 2495 (1)
185 2458 366 2487 Seminarium
382 2458 654 2495 Brnnshcrgensium
667 2458 795 2493 amplius.
820 2473 858 2477 —-
872 2457 912 2492 (2)
936 2456 1053 2483 Ncsvisii
1075 2454 1263 2493 Congregatio
1287 2455 1477 2483 Provincialis.

123 2510 162 2550 (3)
180 2511 219 2540 De
236 2513 382 2541 dividenda
399 2513 538 2549 provincia
555 2515 689 2540 tractatur
705 2513 815 2539 frustra.

1726 397 1790 424 1590

1724 451 1841 478 Nesvisi-

1690 516 1696 522 ,
1724 493 1793 519 ensis
1812 493 1840 519 et

1724 532 1870 559 Brunsber-

1726 572 1815 606 gensis
1827 572 1872 598 do-

1727 611 1836 637 111101110-

1727 659 1784 677 rum
1796 658 1836 677 res

1726 691 1818 716 auctae.

1727 810 1857 844 Typogra-

1727 850 1798 883 phia.

1761 1190 1833 1216 1590.

1725 1231 1754 1257 P.
1778 1229 1873 1256 Masel-

1727 1271 1768 1297 lus
1784 1278 1840 1304 pro-

1726 1310 1838 1336 vinciam

1728 1349 1799 1375 visit.
