2184 2953
418 322 476 352 112
816 322 1091 352 LITUANICARUM
1115 321 1328 350 SOCIETATIS
1350 321 1435 351 JESU
1458 322 1709 351 HISTORIARUM

240 421 302 447 1583
415 414 518 461 nique
537 414 772 450 celebrabant.
796 415 975 450 Cavebant
994 415 1134 449 interim
1154 414 1355 460 diligenter,
1378 426 1421 449 ne
1448 415 1531 462 quid
1550 415 1592 450 de
1616 415 1709 450 omni
1729 426 1792 449 suo
1819 413 1977 449 convivio
2000 413 2035 447 in

415 476 506 511 diem
530 477 770 522 insequentem
789 481 883 512 esset
901 476 1045 522 reliqui;
1069 488 1149 510 nam
1176 476 1212 510 id
1230 476 1393 521 religioni
1412 477 1605 511 habebatur
1624 490 1630 512 2
1648 477 1730 522 quin
1759 488 1885 522 aquam
1915 475 2033 515 etiam,

415 550 483 584 qua
504 539 619 574 lances
640 544 758 574 essent
777 540 893 580 elutaff,
911 539 994 584 igne
1008 538 1144 572 absumi
1160 538 1511 584 oportebat.Mortuis
1527 539 1635 585 dapes
1650 538 1899 573 anniversariis
1914 537 2035 572 diebus

416 600 458 634 ad
490 601 642 636 tumulos
673 601 909 636 conferebant.
935 600 1047 635 Officii
1071 600 1158 634 ritus
1189 604 1265 634 erat
1298 599 1471 644 ejusmodi
1494 613 1500 634 ;
1522 600 1734 635 fundebatur
1759 612 1777 634 e
1796 599 1941 646 polubro
1971 599 2035 633 sub

413 662 566 698 cibillam
585 663 728 710 lympha
746 676 751 697 :
775 675 879 709 super
897 662 1050 697 tabulam
1070 662 1270 696 cochlearia
1289 663 1553 697 sustinebantur
1580 667 1696 698 erecta
1716 663 1750 696 in
1779 661 1921 708 quadris
1940 674 1946 695 :
1963 665 2036 696 tum

415 724 460 759 ad
477 725 653 766 lucernas,
670 726 863 760 meridiano
883 726 990 760 etiam
1012 730 1183 771 tempore,
1201 726 1330 758 circum
1350 725 1495 770 positas,
1521 725 1624 760 dialis
1644 725 1833 770 sortilegus
1860 723 2036 770 conceptis

415 788 601 823 verborum
615 788 773 823 formulis
796 793 951 823 mortuos
970 788 1147 834 appellat;
1166 788 1303 828 deinde,
1331 788 1419 822 bene
1447 792 1610 833 precatus
1628 788 1804 828 manibus,
1826 798 1903 822 cum
1922 786 2037 820 dome-

414 851 510 886 sticis
534 852 706 886 accumbit
725 852 883 893 conviva,
911 851 1112 898 primusque
1145 850 1249 885 offam
1282 849 1410 896 tripodi
1439 850 1578 895 subjicit
1592 850 1636 896 (1)
1662 851 1884 885 Rutenorum
1903 849 2036 896 plebeS,

416 925 494 959 quae
525 913 581 948 hic
612 914 744 959 degunt
773 914 982 960 promiscue,
1010 913 1051 947 ad
1079 912 1232 947 tumulos
1260 912 1419 946 similiter
1446 912 1542 947 cibos
1576 911 1741 947 afferunt.
1777 912 1869 946 Illud
1902 922 2036 958 quoque

414 976 571 1022 splenem
585 977 669 1022 ipsis
683 977 789 1011 etiam
807 976 1006 1022 agrestibus
1025 974 1130 1010 hodie
1149 978 1264 1009 movet
1289 974 1567 1015 recordantibus,
1586 974 1694 1009 fuisse
1717 974 1903 1021 aliquando
1919 985 2039 1020 super-

415 1039 570 1073 stitiosos
589 1038 677 1074 adeo
696 1039 847 1085 majores
876 1050 957 1074 suos
984 1039 1061 1085 (quo
1080 1038 1154 1072 vitii
1178 1049 1309 1083 genere
1328 1037 1576 1071 contaminatae
1595 1041 1695 1071 erant
1714 1041 1808 1071 certe
1828 1048 1947 1072 omnes
1967 1036 2039 1071 fere

415 1102 568 1135 omnium
588 1102 745 1147 gentium
765 1101 930 1147 origines)
950 1105 986 1135 ut
1006 1100 1092 1134 nihil
1112 1100 1322 1146 occiperent,
1341 1099 1480 1134 adirent
1499 1099 1586 1133 nihil
1601 1100 1712 1145 prius,
1731 1112 1833 1146 quam
1852 1099 2037 1146 propitias-

415 1167 492 1198 sent
507 1164 643 1209 genios,
660 1175 776 1197 rerum
792 1163 876 1209 ipsis
890 1163 1121 1197 humanarum
1137 1161 1317 1208 praesides.
1339 1161 1582 1196 Conserendus
1602 1165 1677 1196 erat
1696 1160 1857 1207 frugibus
1876 1161 2014 1207 agellus
2029 1173 2035 1195 τ

416 1224 531 1271 gallus
550 1225 690 1259 omnino
710 1225 913 1271 gallinaqne
932 1224 978 1258 ad
997 1224 1219 1269 secespitam,
1242 1223 1360 1257 invitis
1380 1223 1483 1258 etiam
1509 1223 1861 1263 matribus-familias,
1883 1223 1927 1257 ab
1951 1223 2039 1268 agri-

415 1287 499 1321 colis
523 1286 747 1329 ferebantur;
770 1291 961 1333 {egrotaret
976 1286 1125 1332 cuipiam
1144 1285 1237 1320 filius
1253 1307 1299 1310 —
1319 1285 1525 1331 sortilegum
1553 1296 1677 1331 parens
1712 1285 1915 1320 accersebat
1933 1298 1941 1326 ;
1963 1285 2034 1325 ille,

408 1349 515 1395 jactis
541 1349 698 1391 tesseris,
720 1361 852 1395 agnum
880 1349 955 1388 deo,
974 1360 1041 1395 quo
1061 1348 1149 1393 aegri
1168 1351 1270 1394 caput
1289 1348 1486 1388 redimeret,
1504 1347 1699 1393 jugulabat.
1720 1347 1757 1382 Si
1779 1359 1847 1393 qua
1873 1358 1979 1392 pecus
2002 1347 2036 1380 in

413 1422 523 1458 grege
546 1423 608 1446 suo
633 1412 838 1458 generosior
865 1411 975 1453 esset,
994 1423 1071 1446 eam
1099 1411 1272 1452 dominus,
1289 1411 1450 1445 faeturam
1470 1414 1631 1457 precatus
1660 1410 1808 1444 similem
1836 1409 1870 1443 in
1888 1409 2037 1444 ovilibus

415 1473 487 1508 suis
507 1473 757 1519 armentisque,
779 1474 829 1508 uti
856 1476 1146 1520 propagarentur,
1176 1472 1368 1513 mactabam
1399 1473 1441 1507 de
1472 1472 1634 1513 victimis,
1662 1476 1791 1517 11116161ἱ
1811 1474 1976 1517 parentes
2005 1476 2038 1505 et

413 1534 557 1576 liberos,
592 1547 634 1570 ne
658 1535 848 1582 degustare
873 1536 1011 1581 quidem
1037 1535 1199 1580 cuiquam
1230 1535 1282 1568 fas
1310 1538 1393 1568 erat.
1417 1533 1549 1568 Diebus
1576 1533 1729 1569 adventu
1758 1532 1865 1567 divini
1888 1532 2038 1579 Spiritus

414 1596 623 1637 celebribus,
646 1597 782 1632 collatis
805 1609 867 1643 per
891 1596 1051 1642 singulas
1070 1596 1219 1632 familias
1238 1596 1402 1630 frumenti
1420 1595 1590 1642 partibus,
1616 1607 1657 1629 ac
1675 1595 1816 1641 potione
1832 1606 1874 1629 ex
1893 1605 1933 1629 eo
1958 1606 2037 1629 con-

415 1658 517 1701 fecta,
544 1659 772 1705 condictoque
787 1659 832 1694 ad
847 1671 981 1694 coenam
1002 1659 1173 1706 symbolo,
1196 1659 1429 1700 conveniunt;
1452 1663 1536 1699 tum,
1558 1659 1669 1693 ariete
1684 1662 1744 1692 aut
1759 1658 1847 1692 bove
1861 1657 1905 1691 ad
1925 1657 2037 1702 ripam

415 1722 580 1757 torrentis
595 1721 785 1761 immolato,
803 1722 1035 1756 discumbunt.
1055 1721 1121 1755 Hic
1136 1720 1339 1766 sortilegus,
1358 1725 1418 1755 aut
1436 1720 1538 1761 alius,
1558 1725 1641 1754 natu
1662 1719 1840 1765 grandior,
1859 1718 1901 1753 de
1925 1718 2040 1753 hostia

417 1784 600 1831 prtelibat3
627 1784 709 1819 inde
736 1784 873 1830 reliqui,
899 1783 1116 1818 commodam
1143 1782 1221 1817 coeli
1248 1786 1490 1828 tempestatem
1509 1781 1794 1827 fertilitatemque
1813 1780 2034 1827 comprecati.

242 1843 376 1908 ῗῐῑέξὲζὸῑῑ·
419 1846 502 1881 Cum
524 1846 611 1881 ritus
638 1846 809 1892 ejusmodi
828 1845 1103 1880 concionabundi
1132 1851 1376 1891 oppugnarent
1403 1844 1527 1884 nostri,
1562 1856 1638 1878 eum
1663 1843 1714 1877 illi
1741 1842 1912 1889 pecudum
1944 1853 2035 1884 ossa⁷

242 1922 362 1948 sublatae.
419 1908 558 1955 aliaque
579 1909 655 1954 ejus
680 1919 836 1954 scrupeae
857 1907 1039 1953 religionis
1055 1908 1157 1953 signa
1176 1919 1196 1941 a
1216 1907 1373 1953 postibus
1393 1910 1427 1941 et
1445 1906 1637 1951 parietibus
1660 1906 1881 1946 revellerent,
1900 1905 2038 1940 concul-

419 1975 550 2012 carent,
568 1972 604 2006 in
618 1983 724 2017 rogos
751 1971 962 2016 conjicerent
985 1983 991 2004 2
1014 1982 1092 2004 cum
1119 1981 1200 2004 suas
1220 1981 1366 2014 quercus
1398 1968 1534 2002 divinas
1562 1968 1818 2009 exscinderent,
1836 1978 2040 2014 anguesque

422 2044 553 2075 sacros,
572 2032 957 2079 patribus-familiarum
976 2033 1163 2078 puerisque
1195 2032 1267 2066 suis
1288 2031 1363 2077 jain
1390 2031 1433 2065 ab
1461 2031 1680 2066 incunabulis
1707 2031 1910 2071 familiares,
1933 2029 2038 2064 elide-

421 2099 520 2136 rent;
543 2094 810 2129 conclamabant
828 2093 971 2140 pagani,
994 2094 1175 2140 profanari
1198 2105 1298 2128 sacra
1317 2106 1323 2127 ι
1342 2093 1426 2128 deos
1450 2105 1544 2134 suos,
1575 2098 1609 2128 et
1635 2093 1816 2134 arboreos,
1847 2098 1881 2128 et
1900 2092 2036 2134 fictiles,

419 2160 454 2191 et
472 2157 652 2198 saxatiles,
671 2162 705 2192 et
724 2157 882 2192 olitorios
902 2157 952 2191 ire
975 2168 1127 2202 pessum.
1150 2156 1374 2191 Mirabantur
1392 2155 1465 2195 alii,
1485 2156 1626 2202 impune
1640 2156 1675 2189 in
1695 2155 1829 2190 aedibus
1849 2155 1921 2189 suis
1935 2154 2039 2189 lucis-

418 2230 485 2265 que
515 2218 718 2254 latrocinari
745 2219 960 2265 sacrilegos;
991 2218 1194 2253 Pei-kunum
1224 2217 1363 2252 interim
1391 2230 1503 2259 suum,
1535 2219 1695 2253 extinctis
1722 2218 1877 2264 ignibus,
1894 2217 2036 2262 frigere,

419 2285 616 2328 caeteraque
635 2294 712 2317 cum
726 2283 791 2316 hoc
806 2282 949 2316 numina
969 2289 1112 2328 repente
1127 2280 1215 2315 adeo
1231 2280 1443 2325 elanguisse.
1461 2280 1575 2325 Atque
1590 2285 1702 2322 erant,
1721 2281 1792 2326 qui,
1814 2280 1896 2314 deos
1916 2279 2040 2314 obdor-

418 2346 536 2381 miisse
552 2347 617 2380 rati
636 2346 939 2392 (quemadmodum
963 2346 1120 2380 Chald-eei
1144 2345 1308 2379 adversus
1329 2345 1511 2379 Danielem
1531 2346 1704 2392 commoti)
1723 2357 1899 2380 murmure
1918 2345 2041 2380 clamo-

419 2408 586 2454 ribusque
612 2408 719 2443 Joves
747 2420 827 2443 31103
855 2412 1099 2454 provocarent,
1120 2408 1381 2452 excitarentque
1413 2411 1619 2453 potestates,
1642 2420 1727 2454 quas
1747 2412 1873 2443 vocant
1903 2407 2038 2447 aerias;

420 2471 483 2507 sed
500 2471 660 2506 turbines
679 2471 855 2518 repentini
876 2482 1131 2516 succussusque
1146 2469 1286 2511 aedium,
1308 2469 1426 2515 illique
1440 2470 1597 2505 fremitus
1617 2474 1651 2505 et
1668 2470 1816 2505 latratus
1836 2470 2042 2515 rugitusque

462 2548 503 2584 (1)
528 2548 637 2583 Antiqui
651 2547 806 2576 Russornm
828 2548 905 2583 ritus,
923 2551 951 2575 ct
965 2547 1193 2584 Semigallorum,
1209 2545 1424 2583 Samogitarum,
1439 2545 1617 2574 Liuianorum
1634 2550 1660 2574 ct
1674 2546 1806 2574 Livonum
1821 2546 1953 2583 gentiles.
