2184 2953
263 368 326 395 1625

265 556 363 584 Scholae

264 599 381 630 frequen-

264 638 350 665 tiores.

322 726 355 752 23

263 770 292 796 P.
305 766 409 794 Alabia-

263 815 319 838 nus,
342 813 409 832 mor-

263 845 412 874 tuusCaesar

263 885 392 920 augustae.

322 1484 354 1509 24

266 1521 398 1551 Varsaviae

266 1562 334 1590 Socii
351 1561 411 1587 cha-

265 1605 328 1631 ritat
333 1603 356 1628 is
361 1601 411 1627 vic-

265 1645 410 1676 timae,item

266 1688 358 1717 Vilnae,

267 1726 404 1755 Pultoviae,

266 1766 368 1793 Plociae.

327 1972 358 1998 25

270 2015 353 2041 Vilnae
370 2013 413 2039 So-

267 2057 362 2083 dalitas
371 2063 412 2081 cu-

268 2098 383 2122 ratorum

268 2138 384 2168 tempore

267 2172 413 2208 pestilenti,

268 2215 301 2242 ad
308 2215 414 2240 Sancto-

269 2264 326 2282 rum
337 2254 413 2280 Nico-

269 2295 337 2322 dcmi
353 2296 381 2320 et

270 2338 286 2365 J
288 2336 385 2371 osephi.

436 281 496 314 280
827 285 1100 315 LITUANICARUM
1125 287 1338 317 SOCIETATIS
1359 288 1444 317 JESU
1468 288 1720 319 HISTORIARUM

435 375 607 410 habendis
626 375 864 418 concionibus,
887 388 955 423 qua
972 377 1202 423 procurandis
1218 378 1323 413 rebus
1341 378 1562 413 oeconomicis
1578 379 1722 425 egregie
1740 378 1947 414 industriam
1962 392 2059 415 suam

435 437 714 474 commendabat.
745 439 954 474 Honestavit
978 439 1082 474 funus
1100 451 1178 474 cum
1199 450 1262 474 sua
1288 439 1481 485 perillustri
1508 440 1641 475 familia
1669 444 1704 475 et
1729 441 1837 475 civico
1856 441 2061 486 magistratu

436 502 653 548 gubernator
671 501 931 537 Smolenscanae
949 501 1150 548 provinciae.
1175 500 1475 546 prosequentibus
1502 502 1658 548 praetulit
1686 502 1788 548 signa
1813 514 1876 537 sua
1892 503 2061 548 juventus

436 564 665 599 scholastica:
687 564 900 610 frequentior
918 564 984 599 hoc
1016 575 1105 598 anno
1137 562 1198 596 illa
1221 574 1326 608 quam
1358 562 1459 604 alias,
1487 564 1630 610 jamque
1665 564 1699 597 in
1732 564 1863 599 classes
1895 564 2058 610 quinque,

436 630 508 661 tres
526 627 779 671 grammaticae,
807 625 894 660 duas
914 626 1135 671 eloquentiae,
1153 625 1279 659 divisa.
1298 625 1386 659 Erat
1403 625 1493 659 inter
1513 625 1650 666 funera,
1669 626 1763 671 quod
1782 626 2062 672 Caesaraugustae

437 688 555 728 etiam,
574 688 610 722 in
622 688 815 734 Aragonia‚
839 688 980 722 Lituani
995 688 1104 722 nostri
1120 687 1351 733 requirerent.
1369 687 1498 721 Vivere
1516 698 1556 722 ea
1572 688 1607 721 in
1624 688 1709 723 urbe
1725 688 1828 723 desiit
1847 688 1878 722 V
1893 688 2063 722 kalendas

437 750 561 792 maias,
585 751 779 787 Lituanicae
806 751 888 786 olim
918 763 1050 798 praeses
1078 751 1280 796 provinciae,
1312 751 1352 784 P.
1385 750 1529 785 Garsias
1574 751 1782 792 Alahiauus,
1817 763 1928 786 annos
1956 752 2063 787 ferme

439 813 564 859 viginti
590 817 624 847 et
648 813 799 859 quinque
830 814 864 847 in
893 814 959 848 hac
991 816 1224 848 commoratus
1256 812 1449 858 provincia.
1472 812 1594 847 Multis
1613 813 1670 847 hic
1686 813 1867 848 industriis
1886 813 2063 848 novellum

437 874 504 910 hoc
522 875 734 921 plantarium
766 877 915 915 ornavit,
937 876 991 910 vir
1021 875 1184 921 opinione
1203 874 1357 908 omnium
1384 878 1525 909 sanctus
1544 886 1585 909 ac
1604 875 1759 921 sapiens,
1788 887 1887 910 carus
1918 875 2064 922 proinde

438 939 610 979 omnibus,
634 938 812 985 Stephano
843 939 879 973 in
910 939 1041 985 primis,
1064 942 1098 973 et
1118 938 1344 984 sigismundo
1379 938 1444 978 ΙΙΙ,
1476 938 1619 983 regibus
1639 937 1810 979 Poloniae,
1850 938 1907 984 qui
1928 938 2065 973 Garsiae

439 1001 595 1035 consiliis
614 1001 649 1034 in
673 1001 822 1046 negotiis
850 1000 1031 1046 religionis
1055 1004 1247 1036 uterentur.
1273 999 1433 1038 Eundem
1457 1000 1632 1044 Georgius
1652 999 1852 1034 Radivillus
1876 1000 2065 1035 cardinalis

439 1063 531 1098 inter
556 1062 848 1097 familiarissimos
878 1062 1012 1102 habuit,
1035 1063 1234 1108 habereque
1262 1062 1422 1096 comitem
1454 1061 1489 1095 in
1522 1073 1584 1095 suo
1613 1062 1774 1096 Romano
1796 1061 1920 1097 itinere
1939 1062 2061 1097 voluit.

438 1126 579 1160 Mortuo
599 1127 632 1159 in
653 1125 755 1159 Italia
775 1125 941 1170 Georgio,
963 1126 999 1159 in
1015 1138 1111 1160 suam
1129 1126 1189 1160 ille
1208 1137 1245 1160 se
1263 1125 1394 1171 recepit
1412 1125 1642 1170 Aragoniam.
1667 1125 1774 1160 Rexit
1794 1125 2065 1172 Cesaraugustae

440 1187 647 1233 Collegium,
671 1187 779 1222 semel
798 1191 902 1233 atque
920 1188 1046 1222 iterum
1066 1189 1286 1234 praepositus.
1311 1188 1398 1221 Erat
1417 1187 1461 1221 ab
1481 1186 1557 1232 ipsa
1580 1192 1706 1221 natura
1726 1198 1859 1222 summe
1877 1188 2062 1233 ingenuus,

440 1254 474 1285 et
491 1250 615 1285 eximio
634 1249 784 1295 quodam
803 1249 909 1284 animi
931 1250 1083 1284 candore
1102 1255 1245 1284 ornatus
1264 1262 1270 1284 z
1294 1261 1335 1285 ex
1358 1261 1424 1295 quo
1451 1249 1574 1283 solitus
1594 1248 1636 1283 de
1656 1249 1735 1284 aliis
1760 1250 1995 1296 conjecturam
2014 1250 2064 1284 fa-

440 1324 531 1354 cere,
554 1323 649 1357 aegre
663 1311 839 1352 credebat,
857 1323 935 1357 quae
957 1311 1127 1357 quispiam
1150 1323 1315 1358 peccasse
1334 1311 1520 1350 diceretur,
1542 1310 1609 1345 nisi
1627 1316 1742 1345 essent
1762 1311 1887 1356 ipsa'in
1900 1310 1998 1351 luce;
2020 1311 2065 1345 ad

441 1386 618 1410 sermones
637 1373 755 1420 itaque
783 1374 1051 1409 obtrectantium
1074 1374 1218 1409 hebetes
1238 1373 1289 1407 illi
1307 1385 1411 1408 aures
1430 1376 1531 1407 erant
1558 1376 1661 1418 atque
1679 1385 1828 1413 aversae,
1859 1374 1992 1408 eaedem
2020 1373 2064 1407 ad

442 1438 633 1473 otiosorum
657 1436 838 1472 hominum
868 1437 1025 1472 fabellas.

489 1500 617 1535 Coorta
647 1499 817 1545 proximo,
840 1499 905 1533 hoc
937 1510 1072 1544 quoque
1104 1509 1208 1538 anno,
1231 1501 1304 1532 tum
1332 1497 1560 1531 Masoviticas
1580 1501 1653 1531 tum
1673 1497 1880 1531 Lituanicas
1908 1497 2066 1532 civitates

438 1562 618 1598 lacerabat
636 1560 848 1607 pestilentia.
873 1562 913 1595 In
933 1561 1055 1596 officiis
1082 1560 1329 1595 misericordiae
1357 1563 1489 1606 septem
1521 1572 1539 1595 e
1571 1560 1727 1606 Collegio
1748 1560 1843 1595 Socii
1873 1560 2067 1595 occubuere

439 1625 648 1660 Varsaviae:
672 1623 745 1658 ΡΡ.
776 1624 796 1658 J
802 1634 934 1658 oannes
962 1622 1261 1661 Prusinowskius‚
1279 1621 1440 1657 Andreas
1459 1623 1491 1656 V
1494 1623 1695 1664 cheranus,
1722 1624 1900 1658 Martinus
1929 1623 2066 1659 Szczer-

440 1687 569 1726 binius,
591 1686 745 1720 Adamus
769 1685 988 1723 Bilduckius‚
1016 1689 1050 1719 et
1073 1685 1227 1730 quintus,
1249 1684 1347 1729 cujus
1372 1695 1497 1719 nomen
1517 1685 1572 1719 hic
1587 1685 1671 1718 mihi
1692 1697 1759 1719 non
1780 1689 1909 1731 praesto
1924 1689 1989 1726 est,
2011 1696 2065 1719 sa-

440 1749 577 1789 cerdos,
595 1747 733 1793 duoque
751 1747 874 1781 horum
891 1747 982 1781 Socii
997 1748 1176 1791 adjutores
1191 1759 1196 1780 :
1220 1747 1377 1781 Joannes
1399 1747 1613 1793 Zyrkowicz‚
1637 1751 1671 1781 et
1685 1747 1843 1782 Joannes
1859 1747 1974 1788 Mroz;
1995 1752 2067 1782 tres

441 1811 643 1847 occiderunt
661 1808 789 1849 Vilnae,
812 1809 885 1843 ΡΡ.
909 1809 1035 1843 Petrus
1063 1808 1318 1849 Klukovskffls,
1342 1808 1485 1842 Gabriel
1514 1808 1845 1849 Radzenkovskius,
1877 1813 1910 1843 et
1942 1809 2067 1844 Frater

444 1874 599 1908 Joannes
619 1870 767 1917 Spirau;
786 1870 972 1911 Pultoviae‚
991 1871 1029 1904 P.
1051 1871 1164 1905 Lucas
1180 1870 1462 1905 Radzikovskius
1478 1883 1485 1911 3
1504 1869 1648 1911 Plociw,
1668 1870 1709 1904 P.
1728 1870 1894 1905 Albertus
1910 1870 2067 1905 Piotrov-

450 1935 548 1970 skius
563 1937 598 1968 et
610 1932 757 1979 adjutor
774 1932 884 1966 laicus
899 1932 1011 1966 Jacob
1026 1932 1238 1967 Pielaskieu
1249 1933 1310 1967 icz.
1326 1932 1450 1966 Plures
1466 1930 1552 1965 alibi
1566 1932 1686 1966 eadem
1700 1931 1839 1966 sustulit
1863 1936 2066 1978 tempestas.

492 1997 563 2032 Sub
600 1995 634 2029 id
669 1998 805 2040 tempus
837 1993 965 2035 Vilnae‚
999 1994 1045 2028 ad
1080 1995 1191 2029 aedem
1225 1994 1268 2028 Β.
1307 1993 1503 2034 Nicodemi‚
1537 1994 1628 2028 lecta
1663 2006 1705 2029 ex
1736 1994 1805 2029 illis
1839 1995 2066 2041 institutaque

444 2057 633 2097 Sodalitas,
655 2056 712 2101 qui
732 2055 884 2090 civitatis
903 2055 1062 2101 compitis
1090 2055 1250 2089 omnibus
1271 2055 1423 2100 vicisque
1447 2055 1624 2089 morbidos
1652 2056 1687 2089 in
1715 2056 1973 2091 valetudinaria
2000 2056 2067 2091 col-

442 2121 605 2166 ligerent,
640 2118 713 2153 suis
740 2118 876 2152 animos
907 2117 1048 2162 suisque
1079 2128 1227 2163 corpora
1258 2116 1439 2151 medicinis
1471 2121 1647 2158 curarent,
1678 2122 1834 2153 mortuos
1865 2118 2063 2164 sepelirent.

446 2182 597 2217 Hortatu
625 2180 819 2220 Sociorum,
837 2179 993 2225 plerique
1025 2179 1058 2212 in
1092 2179 1166 2224 ejus
1193 2190 1375 2213 numerum
1399 2178 1560 2213 Sodalitii
1580 2190 1616 2213 se
1637 2184 1894 2225 aggregarunt.
1914 2180 1982 2214 Pro
2002 2191 2066 2215 sua

443 2244 588 2290 quisque
608 2246 706 2288 parte
733 2241 900 2276 auxilium
918 2241 1054 2275 miseris
1072 2240 1250 2275 afferebat.
1276 2241 1317 2274 In
1335 2240 1400 2274 hoc
1425 2240 1596 2275 Sodalitio
1616 2241 1723 2276 fuisse
1749 2241 1848 2286 ajunt
1874 2241 2064 2287 parochum

445 2306 500 2341 cui
523 2315 717 2349 cognomen
744 2304 893 2349 patrium
920 2303 1036 2343 Petri;
1067 2303 1125 2348 qui
1144 2315 1221 2337 cum
1237 2306 1451 2336 mortuorum
1480 2302 1595 2337 Vilnae
1628 2307 1786 2338 trecenos
1813 2303 1963 2348 amplius
1993 2304 2065 2338 suis

444 2368 626 2402 humasset
643 2365 816 2403 manibus,
838 2365 913 2411 ipse
932 2365 1092 2410 denique,
1114 2365 1193 2411 pius
1212 2363 1370 2409 vespilIO,
1393 2364 1429 2397 in
1448 2364 1561 2398 ultimi
1589 2364 1721 2399 tumulo
1749 2365 1900 2399 animam
1920 2365 2065 2399 exhala-

444 2428 542 2464 verit.
566 2427 766 2462 Nesvisium
794 2427 901 2461 Vilna
926 2428 1106 2462 auditores
1125 2426 1326 2472 theologiae‚
1349 2426 1448 2471 quasi
1480 2426 1515 2460 in
1546 2426 1708 2460 tutiorem
1740 2426 1903 2462 translati
1934 2427 2062 2468 locum,

443 2494 617 2527 auxerunt
634 2501 816 2524 numerum
836 2489 983 2534 Collegii
1000 2489 1045 2524 ad
1073 2500 1243 2534 personas
1267 2488 1325 2522 73.
1349 2488 1465 2523 Nacta
1493 2500 1554 2523 eos
1583 2488 1629 2522 ibi
1658 2489 1776 2528 etiam,
1807 2489 1950 2534 dispulit
1974 2500 2065 2534 vaga
