2184 2953
248 384 311 410 1585

249 423 380 449 sociorum

247 464 274 488 et
287 461 382 488 Catho-

248 501 356 526 licorum

249 544 347 562 civmm

252 577 376 612 pericula.

267 2198 403 2232 Dissipan-

266 2238 310 2264 tur
325 2238 400 2263 Socii.

422 293 479 323 126
787 295 1064 324 LITUANICARUM
1088 295 1302 323 SOCIETATIS
1324 295 1408 323 JEsU
1433 295 1684 329 Hls'sffltlARt'M

420 386 585 421 maxima.
605 386 691 433 Ejus
723 387 773 422 rei
788 387 929 422 minime
948 388 1127 422 conscium
1146 390 1317 422 rectorem
1332 386 1454 421 domus
1478 390 1620 421 monent
1651 387 1731 433 ipsi,
1754 387 1892 422 caeteris
1912 388 2043 433 aequio-

423 460 494 490 res,
525 449 732 490 Lutherani,
756 449 880 484 salutis
911 449 1105 495 periculum
1131 449 1223 484 Socii
1248 449 1333 495 suga
1356 453 1393 483 ut
1429 452 1665 484 antevertant.
1688 449 1918 484 Metuendum
1951 450 2046 484 idem

422 516 498 546 erat
513 512 647 558 reliquo
664 512 767 547 etiam
795 512 1047 546 catholicorum
1062 511 1176 557 gregi,
1199 511 1348 545 candido
1374 511 1424 544 illi
1444 514 1478 545 et
1504 511 1729 557 infrequenti.
1758 512 1833 546 Hos
1849 512 1945 557 prins
1964 512 2050 547 Leo-

424 575 569 615 nardus,
592 574 752 620 quamde
784 586 821 609 se
845 574 978 619 aliquid
1009 574 1205 613 statuisset,
1232 572 1504 608 commonendos
1536 574 1683 619 putavit.
1708 573 1762 607 Illi
1795 574 1976 609 confestim
2004 575 2049 609 ad

423 637 590 684 templum
613 650 619 671 :
648 649 715 671 non
743 636 836 682 quod
863 636 954 670 inter
990 647 1049 670 eos
1081 636 1233 681 parietes
1257 635 1394 682 asylum
1427 646 1465 669 se
1489 639 1654 670 nacturos
1688 636 1886 681 putabant3
1922 640 2052 671 norant

425 699 527 734 enim,
544 698 709 745 periculis
727 699 801 744 jani
818 698 922 737 docti,
956 697 1087 732 nullam
1101 697 1170 732 loci
1190 697 1411 732 sanctitatem
1430 697 1471 731 ab
1495 697 1653 732 hostibus
1669 698 1746 732 istis
1767 709 1846 733 esse
1862 698 2051 732 immunem

426 774 552 807 posse;
583 762 645 797 sed
659 765 698 796 ut
720 766 803 796 ante
817 772 899 795 aras
933 760 1065 807 potius,
1084 760 1189 794 fidem
1216 771 1314 793 suam
1340 760 1413 793 Deo
1431 759 1596 805 professi,
1627 771 1730 805 quam
1747 772 1893 806 usquam
1912 761 1946 794 in
1964 760 2051 796 late-

427 824 513 864 bris,
531 824 670 870 quando
690 823 1115 869 quidemoccumbendum
1132 826 1233 861 esset,
1253 822 1501 856 haereticorum
1517 821 1646 867 gladiis
1670 823 1928 857 occumberent.
1953 823 2051 857 Com-

428 886 641 921 mendabant
656 886 712 920 liic
743 897 781 919 se
796 885 930 919 numini
961 884 1080 918 divino
1110 884 1297 930 supplices,
1319 888 1486 929 tanquam
1502 883 1546 917 ad
1574 890 1705 918 certam
1725 896 1844 919 necem
1865 884 2046 919 destinati.

428 948 513 983 Cum
528 947 656 993 trepidi
676 947 905 993 opperiuntur
928 947 997 981 vim
1029 950 1286 992 grassatorum,
1310 950 1412 991 atque
1432 945 1523 979 inter
1543 957 1580 980 se
1600 946 1811 988 consultant,
1847 947 1881 980 in
1902 947 2053 992 vestigio

427 1009 696 1057 persistendum,
731 1021 786 1050 an,
822 1009 969 1055 praelato
993 1020 1104 1043 sacra}
1131 1008 1243 1043 crucis
1262 1008 1398 1048 labaro,
1433 1007 1569 1041 obviam
1592 1008 1751 1042 hostibus
1782 1009 2049 1054 prodeundum,

429 1084 508 1108 ecce
522 1073 586 1106 tibi
610 1072 735 1118 globus
750 1071 1035 1106 latrocinantium
1055 1070 1206 1117 amplius
1222 1070 1316 1104 mille
1335 1082 1341 1103 :
1360 1070 1491 1116 gladiis
1516 1075 1550 1104 et
1565 1070 1747 1104 securibus
1759 1071 1803 1104 ad
1818 1074 1913 1116 septa
1929 1070 2054 1117 templi

428 1139 639 1181 concrepant
661 1147 667 1169 :
694 1134 885 1169 coemeterii
903 1138 1040 1180 portam
1071 1133 1248 1167 arietant:
1279 1133 1346 1166 hac
1370 1132 1520 1166 maxime
1540 1136 1641 1178 parte
1670 1138 1876 1178 oppugnant
1897 1133 2053 1173 domum,

429 1197 521 1244 quod
544 1198 599 1233 vel
617 1197 733 1231 aditus
748 1196 890 1231 aliunde
922 1208 990 1230 non
1013 1200 1107 1230 esset
1128 1200 1201 1230 tam
1218 1195 1344 1235 faciliS,
1370 1194 1422 1229 vel
1449 1206 1470 1229 a
1490 1194 1592 1229 domo
1624 1194 1689 1229 Dei
1721 1194 1963 1240 aggredienda
1980 1206 2057 1230 esse

427 1262 585 1296 facinora
600 1261 814 1295 statuissent.
850 1259 904 1293 Ab
925 1270 965 1293 eo
980 1258 1085 1293 etiam
1117 1258 1248 1293 scelere
1267 1257 1510 1304 persequendo
1543 1257 1739 1303 aliquorum
1762 1257 1910 1292 consilio
1930 1258 2057 1293 civium

429 1324 675 1365 continentur;
698 1323 834 1363 moniti,
872 1322 1093 1368 quiescerent
1117 1321 1290 1366 tantisper
1318 1321 1451 1365 utique,
1483 1320 1565 1354 dum
1591 1319 1833 1361 illucesceret;
1859 1336 1873 1350 α
1902 1321 1995 1356 diem
2017 1333 2058 1356 ac

434 1401 448 1416 a
472 1391 609 1422 noctem
628 1386 702 1422 sere
721 1389 829 1421 totam
847 1386 891 1420 ab
923 1384 1187 1431 oppugnatione
1210 1382 1368 1429 praetorii
1387 1382 1464 1417 sine
1482 1382 1639 1428 requiete
1659 1382 1861 1417 tumultuati
1881 1397 1888 1425 ;
1918 1383 2059 1429 elapsos

433 1464 448 1478 κ
471 1460 562 1488 esse,
606 1460 691 1494 quos
720 1450 989 1494 oppugnarent:
1008 1446 1053 1481 ad
1068 1446 1160 1480 arcis
1182 1445 1386 1492 praefectum
1404 1444 1618 1490 confugisse.
1648 1445 1932 1490 Disceptantibus
1948 1446 2055 1491 perti-

429 1511 631 1546 nacioribus
669 1510 865 1551 consilium,
905 1513 1054 1555 quatuor
1078 1508 1227 1542 militum
1251 1506 1420 1542 centuriae
1446 1507 1491 1540 ab
1527 1517 1607 1541 arce
1640 1518 1718 1540 cum
1745 1507 1853 1541 armis
1879 1509 2059 1554 signisque

431 1574 598 1609 advolant
616 1585 622 1607 :
646 1585 727 1619 pars
743 1573 939 1607 consistunt
958 1573 994 1606 in
1013 1571 1102 1611 foro,
1116 1571 1206 1616 jussi
1217 1569 1365 1615 vigilare
1383 1569 1428 1603 ad
1443 1569 1563 1602 turbas
1587 1581 1592 1602 :
1612 1580 1693 1614 pars
1708 1569 1752 1602 ad
1766 1569 1946 1604 obsessum
1963 1570 2060 1604 missi

435 1638 645 1684 Collegium,
668 1637 825 1671 latrones
846 1636 1066 1681 dispergunt.
1079 1633 1144 1667 His
1160 1632 1205 1666 ad
1223 1632 1418 1666 custodiam
1433 1631 1626 1677 dispositis,
1645 1633 1897 1677 superveniunt
1911 1638 2061 1678 quatuor

435 1700 501 1734 viri
519 1699 722 1734 consulares
749 1711 756 1733 ;
779 1699 990 1733 miserantur
1031 1695 1215 1731 Sociorum
1242 1693 1277 1727 in
1296 1705 1358 1729 suo
1390 1695 1457 1729 isto
1482 1695 1614 1729 infelici
1647 1695 1773 1740 oppido
1794 1695 2028 1730 conditionem
2051 1708 2058 1735 ;

438 1776 453 1790 α
477 1762 699 1796 obtestantur
714 1760 880 1806 Superos,
895 1758 983 1793 nihil
1005 1758 1070 1792 sibi
1085 1757 1286 1792 certaminis
1312 1769 1389 1792 esse
1403 1770 1481 1792 cum
1505 1758 1692 1792 Patribus:
1716 1758 1801 1804 ipsis
1819 1759 1924 1792 etiam
1939 1770 2062 1793 consu-

438 1838 453 1852 ει
480 1823 572 1857 libus
587 1823 749 1858 infestam
763 1822 899 1868 plebem
923 1821 1050 1866 agitari
1069 1832 1075 1853 :
1100 1831 1168 1854 non
1200 1819 1380 1854 defuturos
1401 1832 1437 1855 se
1465 1819 1622 1866 Collegio
1650 1820 1844 1859 Sociorum,
1867 1821 1894 1855 si
1910 1821 1965 1855 vel
1985 1832 2062 1854 cum

441 1901 455 1914 a
484 1885 658 1931 sanguine
677 1885 748 1919 vita
781 1885 826 1918 sit
852 1882 1108 1930 profundenda.
1142 1900 1156 1913 n
1188 1882 1394 1916 Securitatis
1426 1882 1550 1917 deinde
1577 1882 1721 1928 majoris
1752 1894 1859 1917 causa
1881 1882 2062 1928 duplicant

437 1948 626 1983 custodias.
650 1948 773 1994 Piguit
793 1948 869 1993 jam
902 1945 1022 1981 Socios
1037 1945 1234 1979 turbinibus
1265 1945 1340 1979 istis
1368 1945 1426 1978 diu
1450 1948 1622 1990 noctuque
1647 1945 1789 1990 Jactari,
1816 1956 1927 1990 neque
1963 1945 2061 1979 labo-

438 2011 534 2045 ribus
553 2010 623 2045 suis
643 2014 676 2044 et
692 2009 872 2055 patientiae
888 2008 1039 2042 fructum
1053 2007 1088 2041 in
1103 2018 1190 2053 agro
1205 2013 1276 2041 tam
1301 2006 1454 2051 maligno
1469 2006 1693 2052 respondere.
1718 2006 1803 2041 Cum
1824 2010 1958 2052 apertae
1978 2010 2062 2041 sunt

439 2072 558 2118 oppidi
577 2076 689 2118 portae
712 2073 803 2115 (nain
821 2071 865 2105 ab
881 2071 996 2104 idibus
1010 2068 1185 2116 januariis
1208 2070 1253 2104 ad
1267 2068 1463 2104 februarias
1482 2079 1591 2113 prope
1618 2068 1791 2102 kalendas
1821 2069 2062 2103 attinebantur

439 2135 627 2180 claustris),
662 2145 744 2180 pars
777 2134 821 2168 ad
861 2144 1021 2179 paganos
1057 2132 1249 2166 christiana
1282 2130 1492 2165 erudiendos
1517 2130 1676 2164 doctrina
1712 2131 1875 2171 evolavit,
1915 2143 1997 2176 pars
2021 2131 2066 2166 ad

440 2197 603 2232 solatium
626 2196 878 2231 catholicorum
894 2201 927 2230 et
946 2206 1066 2229 curam
1090 2195 1219 2229 resedit
1241 2208 1248 2235 ;
1274 2194 1447 2240 perfugio,
1478 2193 1505 2226 si
1527 2192 1609 2238 quid
1634 2192 1839 2238 ingruisset,
1863 2204 1883 2227 a
1899 2194 2065 2239 praefecto

441 2259 607 2294 moenium
623 2259 657 2293 in
677 2271 756 2293 arce
771 2259 963 2305 proposito.

492 2322 573 2367 Ipse
588 2324 666 2367 post
689 2321 778 2355 alios
794 2315 1002 2355 Leonardus
1017 2320 1190 2360 Vendam,
1216 2332 1282 2366 quo
1303 2331 1323 2353 a
1342 2319 1523 2353 cardinale
1542 2318 1746 2358 vocabatur,
1773 2317 1946 2363 perrexit3
1973 2316 2009 2350 id
2028 2329 2070 2351 ex

443 2384 573 2424 animo,
598 2387 633 2416 ut
652 2383 783 2428 optima
802 2388 877 2418 erat
896 2383 949 2417 vir
970 2389 1003 2417 et
1025 2382 1282 2428 spectatissima
1306 2381 1386 2421 fide,
1409 2381 1598 2426 professus,
1621 2380 1719 2414 abire
1743 2391 1793 2419 se,
1818 2390 1885 2412 non
1909 2378 2003 2424 quod
2025 2378 2068 2412 ab

442 2445 602 2480 hostibus
622 2445 728 2491 capiti
750 2449 921 2479 metueret
945 2457 1029 2486 suo,
1056 2445 1122 2479 hoc
1142 2444 1232 2479 enim
1256 2443 1457 2478 discrimine
1472 2443 1655 2489 religionis
1675 2453 1782 2476 causa
1802 2441 1888 2475 nihil
1907 2441 1973 2475 sibi
1993 2452 2070 2475 esse

444 2509 617 2554 optatius;
645 2508 707 2542 sed
730 2512 767 2542 ut
789 2508 935 2553 principi
959 2508 1211 2553 obsequeretur
1238 2506 1391 2547 vocanti,
1421 2510 1492 2540 tum
1513 2510 1550 2540 ut
1573 2505 1753 2540 securitati
1773 2503 1977 2542 Sodalitatis
1996 2514 2069 2537 suae

997 2609 1004 2622 ln
