2184 2953
422 287 481 320 438
1112 291 1345 322 APPENDICES.

468 393 603 429 Deinde
635 394 803 433 Quirinus
833 394 992 429 nominat
1016 405 1191 440 proceres,
1230 407 1377 442 quorum
1395 397 1555 432 manibus
1570 397 1614 432 sit
1626 397 1743 443 J‘actus
1761 397 1865 443 lapis.
1903 396 2038 438 lllmus,

419 460 542 485 recens
560 450 766 496 designatus
780 450 956 497 palatinus
975 450 1169 491 Vilnensis,
1187 451 1459 498 Christophorus
1474 452 1678 493 Radziwill,
1704 453 1759 487 cui
1775 452 1843 488 duo
1860 452 1960 487 filioli
1977 453 2041 486 ad-

418 504 597 540 haeserunt
614 518 622 540 t
646 506 688 541 D.
704 506 951 553 Sigismundus
971 506 1127 547 Carolus,
1146 510 1181 542 et
1199 506 1401 543 Alexander
1417 508 1615 543 Ludovicus
1634 521 1641 550 ;
1662 512 1734 543 tres
1753 509 1834 544 item
1850 520 1892 544 ex
1907 508 2041 543 duobus

416 559 584 596 fratribus
599 566 755 608 nepotes.
783 575 789 597 :
812 563 855 597 D.
886 562 1055 598 Nicolaus
1079 561 1364 608 Christophorus,
1404 563 1448 598 D.
1469 564 1490 598 J
1496 575 1627 599 oannes
1662 563 1843 606 Albertus,
1870 564 1914 598 D.
1936 564 2041 598 Nico-

416 614 494 651 laus
529 617 726 653 Stanislaus
744 617 956 660 Radziwill;
987 618 1142 665 ejusdem
1161 617 1285 653 adhaec
1305 630 1414 664 gener
1430 618 1551 653 Illmus
1570 619 1614 653 D.
1636 618 1780 654 Gabriel
1798 619 2039 666 Tenczynski;

415 671 467 707 M.
482 672 526 708 D.
543 673 752 709 Theodorus
772 674 931 716 Skumin,
948 674 1122 721 palatinus
1138 674 1427 721 Novogrodensis
1443 688 1451 717 ;
1472 675 1523 710 M.
1542 675 1586 710 D.
1608 676 1629 710 J
1634 687 1766 711 oannes
1781 676 1850 711 Pac
1864 675 2041 722 palatinus

413 727 647 771 Minscensis;
673 730 724 765 M.
746 730 791 765 D.
814 730 1051 778 Hieronymus
1082 729 1292 771 Wolowicz‚
1329 731 1573 766 thesaurarius
1608 731 1659 767 M.
1699 731 1892 773 Lituaniae;
1909 731 1960 767 M.
1994 732 2038 766 D.

415 782 609 820 Stanislaus
624 785 771 828 Kiszka‚
791 789 858 821 etc.
876 786 964 820 Post
981 796 1024 820 ea
1038 784 1137 820 addit
1159 797 1166 820 :

466 867 482 882 κ
504 854 623 889 Unum
640 859 763 901 tango,
776 855 869 901 quod
888 855 958 890 diei
973 855 1038 890 fuit
1056 854 1208 900 quintae;
1230 854 1298 890 hoc
1323 857 1373 895 ut,
1395 854 1453 900 qui
1471 853 1602 889 videris
1620 854 1761 900 pietatis
1776 854 1946 889 hactenus
1964 865 2040 901 spe-

413 909 513 951 ciem,
529 910 652 946 videas
670 911 775 946 etiam
794 911 911 946 statim
929 910 1070 957 pietatis
1088 910 1239 945 fructum
1261 922 1268 945 :
1291 911 1350 957 qui
1384 911 1513 947 videris
1531 912 1683 946 honores
1703 911 1832 946 Sancto
1859 911 1998 946 habitos
2019 922 2042 946 a

412 966 500 1006 suis,
520 966 641 1002 videas
663 967 767 1002 etiam
785 967 906 1002 Sancti
921 966 1158 1014 profusionem
1174 966 1209 1001 in
1220 978 1315 1002 suos.
1334 966 1513 1013 AnniJam
1531 967 1621 1013 lapsi
1641 978 1747 1013 supra
1765 967 1951 1013 sexaginta
1961 970 2042 1002 sunt

412 1025 447 1056 et
465 1022 557 1068 quod
575 1023 741 1064 excurrit,
770 1027 821 1058 tot
852 1023 984 1058 scilicet
1017 1023 1193 1063 universe,
1216 1026 1300 1068 quot
1326 1034 1348 1057 a
1379 1023 1490 1070 primo
1511 1035 1573 1058 suo
1605 1026 1682 1057 ortu
1708 1023 1843 1057 Calvini
1876 1027 2038 1059 numerat

413 1078 657 1124 Evangelium‚
679 1091 756 1114 cum
776 1079 985 1114 catholicum
1004 1079 1199 1126 palatinum
1218 1079 1384 1125 (summus
1397 1079 1453 1113 hic
1468 1083 1521 1114 est
1547 1090 1569 1113 a
1587 1090 1672 1125 rege
1692 1079 1728 1113 in
1746 1079 1896 1114 Polonia
1928 1084 1962 1114 et
1981 1079 2039 1114 Li-

413 1133 534 1169 tuania
552 1135 789 1182 magistratus)
804 1147 874 1170 non
892 1136 979 1170 vidit
996 1135 1115 1170 Vilna.
1130 1135 1329 1170 Palatinum
1348 1140 1382 1171 et
1397 1135 1607 1170 catholicum
1623 1134 1719 1170 dedit
1731 1135 1788 1169 hic
1803 1135 1877 1170 dies
1895 1147 1903 1176 ;
1926 1134 2039 1170 dicam

415 1190 557 1232 rectius,
587 1191 653 1226 hoc
683 1191 740 1226 die
767 1191 930 1227 Sanctus.
958 1191 1005 1226 At
1032 1191 1170 1237 qualem
1195 1191 1410 1238 palatinum?
1433 1195 1472 1226 ut
1504 1195 1641 1226 certare
1672 1191 1856 1227 videantur
1878 1191 1970 1226 inter
1988 1203 2038 1232 se,

414 1245 584 1288 Ecclesia,
621 1247 833 1293 respublica,
871 1259 993 1289 musae,
1027 1247 1238 1288 Mercurius,
1277 1251 1433 1288 senatus,
1467 1247 1616 1293 populus
1635 1259 1642 1288 ;
1670 1247 1728 1292 qui
1764 1247 1867 1282 motis
1894 1247 2038 1293 reliquis

413 1312 491 1336 eum
515 1301 581 1336 sibi
607 1302 662 1337 vel
680 1302 858 1338 vindicent
874 1307 1040 1349 tanquam
1058 1303 1130 1349 jus,
1152 1302 1209 1337 vel
1227 1302 1386 1349 deligant
1404 1307 1571 1349 tanquam
1591 1307 1788 1349 patronum.

464 1357 550 1396 Quis
578 1362 644 1400 est,
674 1359 734 1405 qui
751 1359 889 1394 nescire
911 1359 1021 1406 possit
1041 1361 1185 1393 radium
1208 1360 1308 1392 illum
1335 1359 1522 1397 Lituaniae‚
1545 1358 1731 1393 Nicolaum
1750 1357 2039 1405 Christophorum

409 1415 647 1455 Radth'ltum,
682 1415 719 1450 S.
753 1415 801 1450 R.
828 1415 969 1461 Imperii
999 1415 1206 1462 principem,
1238 1414 1348 1450 Olicae
1380 1418 1416 1451 et
1446 1415 1602 1450 Nesvisii
1635 1414 1759 1450 ducem
1778 1417 1860 1457 etc.,
1890 1413 1934 1450 de
1969 1426 2037 1460 quo

410 1481 599 1517 germanus
618 1471 758 1517 quidam
771 1475 877 1519 poeta
896 1486 902 1505 :

890 1525 1083 1567 Magnanimi
1099 1525 1197 1557 celsos
1213 1525 1324 1557 Herois
1336 1525 1453 1566 respice
1468 1525 1595 1557 vultus:

951 1573 1079 1613 Imperii
1094 1573 1253 1614 Princeps,
1272 1573 1341 1604 Dux
1353 1573 1515 1605 Radivilus
1530 1573 1581 1604 hic
1598 1573 1656 1604 est.

889 1620 910 1653 J
912 1620 1056 1652 ordanem
1070 1621 1160 1659 vidit,
1178 1621 1288 1652 Nilum
1303 1620 1393 1659 bibit,
1406 1621 1509 1652 omnia
1523 1620 1610 1658 vicit,

957 1667 1017 1699 Seu
1033 1667 1116 1698 mala
1129 1667 1216 1699 mille
1229 1667 1302 1706 salo,
1316 1676 1368 1698 seu
1379 1667 1462 1699 mala
1474 1667 1560 1699 mille
1577 1667 1649 1699 solo.

887 1716 1025 1757 Ingenio,
1041 1716 1162 1747 certant
1174 1716 1238 1753 alii,
1263 1717 1305 1748 sit
1315 1716 1414 1756 major
1431 1724 1468 1746 an
1485 1714 1580 1747 armis
1596 1726 1603 1752 ;

960 1763 1090 1795 Vincere
1107 1764 1190 1795 certe
1205 1772 1309 1795 omnes
1325 1763 1394 1794 Dux
1406 1763 1520 1804 pietate
1535 1761 1650 1794 studet.

458 1819 504 1855 Et
518 1818 688 1855 Lituanus
707 1818 751 1854 de
769 1818 893 1854 eodem
915 1830 922 1853 :

889 1871 1018 1912 Templa
1031 1871 1121 1905 DEO,
1138 1871 1239 1903 turres
1253 1871 1371 1912 patriae,
1385 1871 1517 1912 collegia
1528 1871 1636 1909 musis,

960 1919 1054 1951 AEdes
1069 1917 1193 1950 afflictis
1218 1918 1471 1959 mundifugisque
1483 1917 1577 1949 dedit.

897 1967 1004 2000 Gloria
1015 1965 1149 2002 militiae,
1163 1965 1216 1997 lux
1229 1966 1323 2005 pacis,
1338 1966 1477 2006 cognitor
1488 1965 1579 1997 orbis.

972 2014 1006 2045 Si
1021 2013 1090 2045 deni
1106 2013 1196 2051 tales,
1223 2013 1354 2044 vicimus
1370 2013 1505 2044 Italiam.

462 2087 644 2123 Posterius
662 2086 730 2122 hoc
765 2086 945 2133 superlate
972 2086 1173 2122 conclusum
1189 2086 1338 2122 fortasse
1353 2086 1505 2132 cuipiam
1523 2085 1711 2126 videbitur,
1738 2084 1823 2120 mihi
1842 2097 1912 2120 non
1926 2085 2009 2121 item
2027 2098 2034 2121 :

411 2144 499 2179 adeo
517 2144 609 2179 enim
624 2154 724 2178 suam
739 2142 906 2178 ditionem
921 2154 990 2189 qua
1022 2143 1175 2184 arcibus,
1197 2155 1265 2189 qua
1294 2142 1443 2189 oppidis,
1462 2153 1530 2187 qua
1549 2141 1667 2176 stratis
1682 2141 1760 2182 viis,
1778 2152 1845 2186 qua
1859 2141 1937 2176 aliis
1964 2145 2038 2176 tum

411 2200 521 2235 sacris
564 2204 637 2234 tum
671 2199 822 2246 politicis
857 2200 1105 2241 monumentis,
1143 2198 1189 2234 ad
1229 2199 1378 2245 speciem
1414 2198 1607 2232 illustribus
1640 2196 1898 2232 illustrissimus
1933 2197 2037 2232 heros

411 2259 571 2296 exornat,
589 2259 628 2290 ut
647 2255 812 2290 Lituania
832 2255 944 2290 Italiae
964 2255 997 2302 (1)
1015 2255 1187 2289 habeatur
1196 2255 1271 2300 jam
1286 2253 1341 2289 vel
1356 2253 1483 2288 aemula
1501 2253 1555 2288 vel
1575 2253 1726 2299 gemina.
1749 2269 1765 2284 n

461 2312 548 2347 Post
566 2310 634 2345 alia
662 2311 752 2346 idem
772 2311 961 2350 Quirinus:
984 2311 1075 2346 Ecce
1099 2310 1162 2344 tibi
1177 2310 1212 2343 in
1230 2309 1435 2344 Theatridio
1464 2320 1525 2343 suo
1540 2312 1669 2355 praesto
1697 2318 1816 2342 musas
1835 2307 2034 2348 Vflnenses,

409 2379 502 2414 quae,
519 2370 678 2414 possunt,
701 2379 778 2412 quae
798 2366 931 2402 volunt.
950 2367 1118 2408 Possunt,
1137 2365 1218 2411 quia
1236 2377 1345 2400 musae
1363 2378 1370 2406 ;
1388 2364 1522 2406 volunt,
1540 2364 1621 2410 quia
1639 2363 1839 2398 Vilnenses.
1862 2364 1946 2399 Noli
1963 2368 2036 2399 tur-

408 2423 494 2458 bare
508 2421 795 2463 musicam,vetus
810 2426 863 2457 est
874 2426 1100 2469 praeceptum.
1113 2421 1258 2457 Parebit
1266 2421 1347 2456 huic
1358 2420 1688 2462 Quirinus‚tacebit‚
1701 2423 1738 2454 ut
1751 2419 1939 2465 loquantur
1948 2419 2033 2456 illae.

450 2505 492 2542 (1)
516 2502 562 2543 [In
577 2504 645 2532 edit.
660 2503 785 2532 Vilnensi
803 2505 906 2542 legitur
922 2502 1053 2542 Litalia]
