<?xml version="1.0" encoding="UTF-8"?>
<!DOCTYPE html PUBLIC "-//W3C//DTD XHTML 1.0 Transitional//EN"
    "http://www.w3.org/TR/xhtml1/DTD/xhtml1-transitional.dtd">
<html xmlns="http://www.w3.org/1999/xhtml" xml:lang="en" lang="en">
 <head>
  <title>
</title>
<meta http-equiv="Content-Type" content="text/html;charset=utf-8" />
  <meta name='ocr-system' content='tesseract 3.04.00' />
  <meta name='ocr-capabilities' content='ocr_page ocr_carea ocr_par ocr_line ocrx_word'/>
</head>
<body>
  <div class='ocr_page' id='page_1' title='image "./lituanicarumsoci00rost_0237.png"; bbox 0 0 2184 2953; ppageno 0'>
   <div class='ocr_carea' id='block_1_1' title="bbox 609 275 1722 317">
    <p class='ocr_par' dir='ltr' id='par_1_1' title="bbox 609 275 1722 317">
     <span class='ocr_line' id='line_1_1' title="bbox 609 275 1722 317; baseline -0.002 -9"><span class='ocrx_word' id='word_1_1' title='bbox 609 280 714 308; x_wconf 81' lang='lat' dir='ltr'>LIBER</span> <span class='ocrx_word' id='word_1_2' title='bbox 739 280 896 313; x_wconf 72' lang='lat' dir='ltr'>QUINTUS</span> <span class='ocrx_word' id='word_1_3' title='bbox 921 279 1132 317; x_wconf 80' lang='lat'>(1600-1610).</span> <span class='ocrx_word' id='word_1_4' title='bbox 1663 275 1722 306; x_wconf 85' lang='lat'>213</span> 
     </span>
    </p>
   </div>
   <div class='ocr_carea' id='block_1_2' title="bbox 111 372 1895 2396">
    <p class='ocr_par' dir='ltr' id='par_1_2' title="bbox 114 372 1828 419">
     <span class='ocr_line' id='line_1_2' title="bbox 114 372 1828 419; baseline -0.002 -10"><span class='ocrx_word' id='word_1_5' title='bbox 114 389 128 403; x_wconf 72' lang='lat' dir='ltr'>c&lt;</span> <span class='ocrx_word' id='word_1_6' title='bbox 151 375 364 414; x_wconf 86' lang='lat' dir='ltr'>immunitas,</span> <span class='ocrx_word' id='word_1_7' title='bbox 386 375 673 409; x_wconf 75' lang='lat' dir='ltr'>condemnarent.</span> <span class='ocrx_word' id='word_1_8' title='bbox 690 375 919 410; x_wconf 88' lang='lat' dir='ltr'>Dissimulare</span> <span class='ocrx_word' id='word_1_9' title='bbox 934 374 990 408; x_wconf 90' lang='lat' dir='ltr'>hic</span> <span class='ocrx_word' id='word_1_10' title='bbox 1013 374 1206 408; x_wconf 83' lang='lat' dir='ltr'>adversarii</span> <span class='ocrx_word' id='word_1_11' title='bbox 1228 373 1409 419; x_wconf 74' lang='lat' dir='ltr'>religionis</span> <span class='ocrx_word' id='word_1_12' title='bbox 1433 373 1608 418; x_wconf 89' lang='lat' dir='ltr'>totiusque</span> <span class='ocrx_word' id='word_1_13' title='bbox 1636 372 1722 406; x_wconf 90' lang='lat' dir='ltr'>invi·</span> <span class='ocrx_word' id='word_1_14' title='bbox 1752 374 1828 418; x_wconf 35' lang='lat'>1697·</span> 
     </span>
    </p>

    <p class='ocr_par' dir='ltr' id='par_1_3' title="bbox 113 413 1895 544">
     <span class='ocr_line' id='line_1_3' title="bbox 114 413 1895 482; baseline -0.002 -12"><span class='ocrx_word' id='word_1_15' title='bbox 114 452 128 465; x_wconf 71' lang='grc' dir='ltr'><strong>α</strong></span> <span class='ocrx_word' id='word_1_16' title='bbox 151 436 218 471; x_wconf 77' lang='lat' dir='ltr'>diae</span> <span class='ocrx_word' id='word_1_17' title='bbox 238 448 372 472; x_wconf 76' lang='lat' dir='ltr'>causas,</span> <span class='ocrx_word' id='word_1_18' title='bbox 394 436 463 470; x_wconf 86' lang='lat' dir='ltr'>alia</span> <span class='ocrx_word' id='word_1_19' title='bbox 486 436 636 470; x_wconf 86' lang='lat' dir='ltr'>conficta</span> <span class='ocrx_word' id='word_1_20' title='bbox 663 437 830 482; x_wconf 81' lang='lat' dir='ltr'>objiciunt</span> <span class='ocrx_word' id='word_1_21' title='bbox 854 436 986 477; x_wconf 87' lang='lat' dir='ltr'>omnia;</span> <span class='ocrx_word' id='word_1_22' title='bbox 1009 440 1213 481; x_wconf 88' lang='lat' dir='ltr'>queruntur,</span> <span class='ocrx_word' id='word_1_23' title='bbox 1241 446 1300 469; x_wconf 90' lang='lat' dir='ltr'>eos</span> <span class='ocrx_word' id='word_1_24' title='bbox 1322 446 1383 468; x_wconf 91' lang='lat' dir='ltr'>nos</span> <span class='ocrx_word' id='word_1_25' title='bbox 1402 445 1490 473; x_wconf 79' lang='lat' dir='ltr'>esse,</span> <span class='ocrx_word' id='word_1_26' title='bbox 1509 434 1566 479; x_wconf 90' lang='lat' dir='ltr'>qui</span> <span class='ocrx_word' id='word_1_27' title='bbox 1590 445 1627 467; x_wconf 88' lang='lat' dir='ltr'>se</span> <span class='ocrx_word' id='word_1_28' title='bbox 1647 432 1722 478; x_wconf 79' lang='lat' dir='ltr'>regi</span> <span class='ocrx_word' id='word_1_29' title='bbox 1748 413 1895 479; x_wconf 51' lang='grc' dir='ltr'>ἓῖῐζὲἑῃῐῖἢ</span> 
     </span>
     <span class='ocr_line' id='line_1_4' title="bbox 113 492 1842 544; baseline -0.002 -12"><span class='ocrx_word' id='word_1_30' title='bbox 113 513 128 526; x_wconf 71' lang='lat' dir='ltr'><em>u</em></span> <span class='ocrx_word' id='word_1_31' title='bbox 150 498 186 532; x_wconf 89' lang='lat' dir='ltr'>in</span> <span class='ocrx_word' id='word_1_32' title='bbox 205 498 349 532; x_wconf 86' lang='lat' dir='ltr'>consilia</span> <span class='ocrx_word' id='word_1_33' title='bbox 369 498 523 532; x_wconf 79' lang='lat' dir='ltr'>derebus</span> <span class='ocrx_word' id='word_1_34' title='bbox 543 499 701 533; x_wconf 74' lang='lat' dir='ltr'>civilibus</span> <span class='ocrx_word' id='word_1_35' title='bbox 721 499 916 533; x_wconf 75' lang='lat' dir='ltr'>insinuent:</span> <span class='ocrx_word' id='word_1_36' title='bbox 935 497 1273 544; x_wconf 85' lang='lat' dir='ltr'>quidominationem</span> <span class='ocrx_word' id='word_1_37' title='bbox 1292 495 1525 530; x_wconf 85' lang='lat' dir='ltr'>aristocratici</span> <span class='ocrx_word' id='word_1_38' title='bbox 1545 495 1722 529; x_wconf 89' lang='lat' dir='ltr'>democra-</span> <span class='ocrx_word' id='word_1_39' title='bbox 1749 492 1842 518; x_wconf 85' lang='lat' dir='ltr'>levolo-</span> 
     </span>
    </p>

    <p class='ocr_par' dir='ltr' id='par_1_4' title="bbox 111 541 1814 1223">
     <span class='ocr_line' id='line_1_5' title="bbox 115 541 1814 605; baseline -0.002 -12"><span class='ocrx_word' id='word_1_40' title='bbox 115 576 129 589; x_wconf 75' lang='grc' dir='ltr'><strong><em>α</em></strong></span> <span class='ocrx_word' id='word_1_41' title='bbox 152 560 277 605; x_wconf 89' lang='lat' dir='ltr'>ticique</span> <span class='ocrx_word' id='word_1_42' title='bbox 313 559 494 604; x_wconf 77' lang='lat' dir='ltr'>regiminis</span> <span class='ocrx_word' id='word_1_43' title='bbox 526 560 732 601; x_wconf 86' lang='lat' dir='ltr'>rationibus,</span> <span class='ocrx_word' id='word_1_44' title='bbox 763 561 961 594; x_wconf 84' lang='lat' dir='ltr'>servitutem</span> <span class='ocrx_word' id='word_1_45' title='bbox 988 559 1149 594; x_wconf 87' lang='lat' dir='ltr'>libertate</span> <span class='ocrx_word' id='word_1_46' title='bbox 1180 559 1348 605; x_wconf 85' lang='lat' dir='ltr'>potiorem</span> <span class='ocrx_word' id='word_1_47' title='bbox 1381 569 1469 597; x_wconf 85' lang='lat' dir='ltr'>esse,</span> <span class='ocrx_word' id='word_1_48' title='bbox 1493 557 1620 603; x_wconf 84' lang='lat' dir='ltr'>populo</span> <span class='ocrx_word' id='word_1_49' title='bbox 1641 568 1723 591; x_wconf 91' lang='lat' dir='ltr'>con·</span> <span class='ocrx_word' id='word_1_50' title='bbox 1749 541 1814 559; x_wconf 79' lang='lat' dir='ltr'>rum.</span> 
     </span>
     <span class='ocr_line' id='line_1_6' title="bbox 112 619 1721 668; baseline -0.001 -13"><span class='ocrx_word' id='word_1_51' title='bbox 112 637 127 650; x_wconf 75' lang='lat' dir='ltr'><em>u</em></span> <span class='ocrx_word' id='word_1_52' title='bbox 152 622 362 656; x_wconf 88' lang='lat' dir='ltr'>cionabundi</span> <span class='ocrx_word' id='word_1_53' title='bbox 390 622 649 667; x_wconf 73' lang='lat' dir='ltr'>persuadeant:</span> <span class='ocrx_word' id='word_1_54' title='bbox 673 623 730 668; x_wconf 87' lang='lat' dir='ltr'>qui</span> <span class='ocrx_word' id='word_1_55' title='bbox 761 623 882 657; x_wconf 89' lang='lat' dir='ltr'>turbas</span> <span class='ocrx_word' id='word_1_56' title='bbox 913 622 1098 661; x_wconf 85' lang='lat' dir='ltr'>concitent,</span> <span class='ocrx_word' id='word_1_57' title='bbox 1128 633 1243 656; x_wconf 85' lang='lat' dir='ltr'>rerum</span> <span class='ocrx_word' id='word_1_58' title='bbox 1270 632 1440 655; x_wconf 86' lang='lat' dir='ltr'>novarum</span> <span class='ocrx_word' id='word_1_59' title='bbox 1468 624 1640 659; x_wconf 74' lang='lat' dir='ltr'>auctores,</span> <span class='ocrx_word' id='word_1_60' title='bbox 1663 619 1721 665; x_wconf 90' lang='lat' dir='ltr'>qui</span> 
     </span>
     <span class='ocr_line' id='line_1_7' title="bbox 111 681 1722 730; baseline -0.002 -12"><span class='ocrx_word' id='word_1_61' title='bbox 111 698 126 712; x_wconf 65' lang='grc' dir='ltr'>κ</span> <span class='ocrx_word' id='word_1_62' title='bbox 148 684 294 729; x_wconf 88' lang='lat' dir='ltr'>denique</span> <span class='ocrx_word' id='word_1_63' title='bbox 308 683 418 729; x_wconf 74' lang='lat' dir='ltr'>leges,</span> <span class='ocrx_word' id='word_1_64' title='bbox 441 684 554 730; x_wconf 86' lang='lat' dir='ltr'>patria</span> <span class='ocrx_word' id='word_1_65' title='bbox 573 688 810 724; x_wconf 84' lang='lat' dir='ltr'>sacrosancta,</span> <span class='ocrx_word' id='word_1_66' title='bbox 828 688 862 718; x_wconf 83' lang='lat' dir='ltr'>et</span> <span class='ocrx_word' id='word_1_67' title='bbox 879 683 1148 718; x_wconf 84' lang='lat' dir='ltr'>consuetudines</span> <span class='ocrx_word' id='word_1_68' title='bbox 1168 683 1411 717; x_wconf 82' lang='lat' dir='ltr'>condemnent.</span> <span class='ocrx_word' id='word_1_69' title='bbox 1434 700 1448 713; x_wconf 69' lang='lat' dir='ltr'><em>n</em></span> <span class='ocrx_word' id='word_1_70' title='bbox 1470 682 1593 727; x_wconf 78' lang='lat' dir='ltr'>Iniqua</span> <span class='ocrx_word' id='word_1_71' title='bbox 1611 681 1722 715; x_wconf 85' lang='lat' dir='ltr'>crimi-</span> 
     </span>
     <span class='ocr_line' id='line_1_8' title="bbox 115 744 1724 793; baseline -0.002 -12"><span class='ocrx_word' id='word_1_72' title='bbox 115 746 209 781; x_wconf 86' lang='lat' dir='ltr'>natio</span> <span class='ocrx_word' id='word_1_73' title='bbox 229 746 375 792; x_wconf 86' lang='lat' dir='ltr'>primum</span> <span class='ocrx_word' id='word_1_74' title='bbox 395 747 532 792; x_wconf 79' lang='lat' dir='ltr'>quidem</span> <span class='ocrx_word' id='word_1_75' title='bbox 552 748 737 787; x_wconf 75' lang='lat' dir='ltr'>constanti,</span> <span class='ocrx_word' id='word_1_76' title='bbox 760 747 851 793; x_wconf 87' lang='lat' dir='ltr'>quod</span> <span class='ocrx_word' id='word_1_77' title='bbox 866 746 1143 792; x_wconf 73' lang='lat' dir='ltr'>indignationem</span> <span class='ocrx_word' id='word_1_78' title='bbox 1159 745 1373 785; x_wconf 80' lang='lat' dir='ltr'>declarabat,</span> <span class='ocrx_word' id='word_1_79' title='bbox 1395 748 1540 790; x_wconf 79' lang='lat' dir='ltr'>excepta</span> <span class='ocrx_word' id='word_1_80' title='bbox 1559 744 1697 779; x_wconf 86' lang='lat' dir='ltr'>silentio</span> <span class='ocrx_word' id='word_1_81' title='bbox 1716 757 1724 785; x_wconf 77' lang='lat'><em>3</em></span> 
     </span>
     <span class='ocr_line' id='line_1_9' title="bbox 115 806 1723 854; baseline -0.001 -12"><span class='ocrx_word' id='word_1_82' title='bbox 115 807 238 843; x_wconf 88' lang='lat' dir='ltr'>deinde</span> <span class='ocrx_word' id='word_1_83' title='bbox 257 809 470 854; x_wconf 86' lang='lat' dir='ltr'>amplissimo</span> <span class='ocrx_word' id='word_1_84' title='bbox 487 808 626 843; x_wconf 85' lang='lat' dir='ltr'>decreto</span> <span class='ocrx_word' id='word_1_85' title='bbox 647 809 803 843; x_wconf 83' lang='lat' dir='ltr'>Societas</span> <span class='ocrx_word' id='word_1_86' title='bbox 818 808 1026 847; x_wconf 79' lang='lat' dir='ltr'>collaudata,</span> <span class='ocrx_word' id='word_1_87' title='bbox 1044 812 1077 843; x_wconf 90' lang='lat' dir='ltr'>et</span> <span class='ocrx_word' id='word_1_88' title='bbox 1092 808 1203 842; x_wconf 90' lang='lat' dir='ltr'>omnis</span> <span class='ocrx_word' id='word_1_89' title='bbox 1218 807 1402 841; x_wconf 75' lang='lat' dir='ltr'>calumniae</span> <span class='ocrx_word' id='word_1_90' title='bbox 1417 806 1557 841; x_wconf 89' lang='lat' dir='ltr'>detersa</span> <span class='ocrx_word' id='word_1_91' title='bbox 1574 806 1723 840; x_wconf 82' lang='lat' dir='ltr'>macula.</span> 
     </span>
     <span class='ocr_line' id='line_1_10' title="bbox 115 868 1729 915; baseline -0.001 -12"><span class='ocrx_word' id='word_1_92' title='bbox 115 870 169 904; x_wconf 85' lang='lat' dir='ltr'>Ne</span> <span class='ocrx_word' id='word_1_93' title='bbox 195 869 276 915; x_wconf 88' lang='lat' dir='ltr'>quid</span> <span class='ocrx_word' id='word_1_94' title='bbox 295 870 448 904; x_wconf 88' lang='lat' dir='ltr'>criminis</span> <span class='ocrx_word' id='word_1_95' title='bbox 480 871 516 904; x_wconf 90' lang='lat' dir='ltr'>in</span> <span class='ocrx_word' id='word_1_96' title='bbox 547 882 653 905; x_wconf 85' lang='lat' dir='ltr'>causa</span> <span class='ocrx_word' id='word_1_97' title='bbox 684 871 732 904; x_wconf 85' lang='lat' dir='ltr'>ita</span> <span class='ocrx_word' id='word_1_98' title='bbox 750 870 892 904; x_wconf 87' lang='lat' dir='ltr'>defensa</span> <span class='ocrx_word' id='word_1_99' title='bbox 919 870 1055 904; x_wconf 61' lang='lat' dir='ltr'>haerere</span> <span class='ocrx_word' id='word_1_100' title='bbox 1085 869 1297 914; x_wconf 84' lang='lat' dir='ltr'>imprudenti</span> <span class='ocrx_word' id='word_1_101' title='bbox 1317 869 1371 903; x_wconf 89' lang='lat' dir='ltr'>cui</span> <span class='ocrx_word' id='word_1_102' title='bbox 1389 868 1578 909; x_wconf 80' lang='lat' dir='ltr'>videretur,</span> <span class='ocrx_word' id='word_1_103' title='bbox 1602 869 1729 902; x_wconf 87' lang='lat' dir='ltr'>Petrus</span> 
     </span>
     <span class='ocr_line' id='line_1_11' title="bbox 115 930 1730 977; baseline -0.001 -12"><span class='ocrx_word' id='word_1_104' title='bbox 115 931 255 976; x_wconf 77' lang='lat' dir='ltr'>Skarga</span> <span class='ocrx_word' id='word_1_105' title='bbox 273 930 318 965; x_wconf 86' lang='lat' dir='ltr'>ad</span> <span class='ocrx_word' id='word_1_106' title='bbox 337 931 477 976; x_wconf 76' lang='lat' dir='ltr'>singula</span> <span class='ocrx_word' id='word_1_107' title='bbox 508 932 552 965; x_wconf 89' lang='lat' dir='ltr'>ab</span> <span class='ocrx_word' id='word_1_108' title='bbox 580 931 793 965; x_wconf 80' lang='lat' dir='ltr'>adversariis</span> <span class='ocrx_word' id='word_1_109' title='bbox 813 931 950 977; x_wconf 82' lang='lat' dir='ltr'>objecta</span> <span class='ocrx_word' id='word_1_110' title='bbox 982 931 1111 977; x_wconf 85' lang='lat' dir='ltr'>scripto</span> <span class='ocrx_word' id='word_1_111' title='bbox 1137 931 1313 965; x_wconf 85' lang='lat' dir='ltr'>luculente</span> <span class='ocrx_word' id='word_1_112' title='bbox 1332 930 1523 976; x_wconf 80' lang='lat' dir='ltr'>respondit,</span> <span class='ocrx_word' id='word_1_113' title='bbox 1545 930 1730 976; x_wconf 83' lang='lat' dir='ltr'>propositis</span> 
     </span>
     <span class='ocr_line' id='line_1_12' title="bbox 115 992 1730 1039; baseline 0 -13"><span class='ocrx_word' id='word_1_114' title='bbox 115 993 306 1027; x_wconf 90' lang='lat' dir='ltr'>rationibus</span> <span class='ocrx_word' id='word_1_115' title='bbox 325 1005 330 1026; x_wconf 90' lang='lat'>:</span> <span class='ocrx_word' id='word_1_116' title='bbox 354 1005 419 1038; x_wconf 86' lang='lat' dir='ltr'>quo</span> <span class='ocrx_word' id='word_1_117' title='bbox 440 993 474 1026; x_wconf 89' lang='lat' dir='ltr'>in</span> <span class='ocrx_word' id='word_1_118' title='bbox 504 993 625 1038; x_wconf 86' lang='lat' dir='ltr'>primis</span> <span class='ocrx_word' id='word_1_119' title='bbox 654 993 735 1027; x_wconf 75' lang='lat' dir='ltr'>vitae</span> <span class='ocrx_word' id='word_1_120' title='bbox 755 998 892 1027; x_wconf 83' lang='lat' dir='ltr'>utamur</span> <span class='ocrx_word' id='word_1_121' title='bbox 910 993 1069 1028; x_wconf 84' lang='lat' dir='ltr'>instituto</span> <span class='ocrx_word' id='word_1_122' title='bbox 1093 1007 1098 1027; x_wconf 88' lang='lat'><strong>:</strong></span> <span class='ocrx_word' id='word_1_123' title='bbox 1122 1004 1207 1039; x_wconf 91' lang='lat' dir='ltr'>quos</span> <span class='ocrx_word' id='word_1_124' title='bbox 1226 994 1357 1028; x_wconf 91' lang='lat' dir='ltr'>fructus</span> <span class='ocrx_word' id='word_1_125' title='bbox 1385 993 1541 1028; x_wconf 85' lang='lat' dir='ltr'>Societas</span> <span class='ocrx_word' id='word_1_126' title='bbox 1563 992 1730 1027; x_wconf 76' lang='lat' dir='ltr'>Ecclesiae</span> 
     </span>
     <span class='ocr_line' id='line_1_13' title="bbox 114 1055 1729 1101; baseline -0.001 -12"><span class='ocrx_word' id='word_1_127' title='bbox 114 1059 148 1089; x_wconf 90' lang='lat' dir='ltr'>et</span> <span class='ocrx_word' id='word_1_128' title='bbox 166 1055 267 1089; x_wconf 89' lang='lat' dir='ltr'>rebus</span> <span class='ocrx_word' id='word_1_129' title='bbox 282 1055 441 1100; x_wconf 79' lang='lat' dir='ltr'>publicis,</span> <span class='ocrx_word' id='word_1_130' title='bbox 464 1055 538 1089; x_wconf 91' lang='lat' dir='ltr'>Deo</span> <span class='ocrx_word' id='word_1_131' title='bbox 558 1055 645 1090; x_wconf 89' lang='lat' dir='ltr'>bene</span> <span class='ocrx_word' id='word_1_132' title='bbox 657 1056 814 1101; x_wconf 81' lang='lat' dir='ltr'>juvante,</span> <span class='ocrx_word' id='word_1_133' title='bbox 841 1055 963 1089; x_wconf 85' lang='lat' dir='ltr'>afferat</span> <span class='ocrx_word' id='word_1_134' title='bbox 981 1067 987 1088; x_wconf 89' lang='lat'>:</span> <span class='ocrx_word' id='word_1_135' title='bbox 1007 1060 1137 1100; x_wconf 86' lang='lat' dir='ltr'>quanta</span> <span class='ocrx_word' id='word_1_136' title='bbox 1154 1067 1256 1100; x_wconf 90' lang='lat' dir='ltr'>quam</span> <span class='ocrx_word' id='word_1_137' title='bbox 1277 1055 1386 1090; x_wconf 87' lang='lat' dir='ltr'>multa</span> <span class='ocrx_word' id='word_1_138' title='bbox 1404 1055 1437 1089; x_wconf 91' lang='lat' dir='ltr'>in</span> <span class='ocrx_word' id='word_1_139' title='bbox 1457 1055 1600 1101; x_wconf 79' lang='lat' dir='ltr'>Anglia,</span> <span class='ocrx_word' id='word_1_140' title='bbox 1618 1055 1729 1089; x_wconf 85' lang='lat' dir='ltr'>Tran-</span> 
     </span>
     <span class='ocr_line' id='line_1_14' title="bbox 115 1116 1729 1163; baseline 0 -13"><span class='ocrx_word' id='word_1_141' title='bbox 115 1116 284 1162; x_wconf 82' lang='lat' dir='ltr'>sylvania‚</span> <span class='ocrx_word' id='word_1_142' title='bbox 307 1120 341 1150; x_wconf 85' lang='lat' dir='ltr'>et</span> <span class='ocrx_word' id='word_1_143' title='bbox 358 1116 441 1150; x_wconf 90' lang='lat' dir='ltr'>alibi</span> <span class='ocrx_word' id='word_1_144' title='bbox 460 1116 567 1162; x_wconf 86' lang='lat' dir='ltr'>ipsius</span> <span class='ocrx_word' id='word_1_145' title='bbox 586 1116 768 1163; x_wconf 78' lang='lat' dir='ltr'>religionis</span> <span class='ocrx_word' id='word_1_146' title='bbox 788 1128 908 1157; x_wconf 86' lang='lat' dir='ltr'>causa,</span> <span class='ocrx_word' id='word_1_147' title='bbox 925 1116 1117 1162; x_wconf 86' lang='lat' dir='ltr'>pertulerit.</span> <span class='ocrx_word' id='word_1_148' title='bbox 1136 1116 1191 1150; x_wconf 85' lang='lat' dir='ltr'>Ad</span> <span class='ocrx_word' id='word_1_149' title='bbox 1206 1117 1281 1152; x_wconf 48' lang='lat' dir='ltr'>baso</span> <span class='ocrx_word' id='word_1_150' title='bbox 1301 1121 1403 1163; x_wconf 88' lang='lat' dir='ltr'>atque</span> <span class='ocrx_word' id='word_1_151' title='bbox 1417 1117 1488 1151; x_wconf 86' lang='lat' dir='ltr'>alia</span> <span class='ocrx_word' id='word_1_152' title='bbox 1502 1117 1537 1151; x_wconf 87' lang='lat' dir='ltr'>in</span> <span class='ocrx_word' id='word_1_153' title='bbox 1557 1128 1634 1151; x_wconf 88' lang='lat' dir='ltr'>eam</span> <span class='ocrx_word' id='word_1_154' title='bbox 1656 1128 1729 1151; x_wconf 87' lang='lat' dir='ltr'>rem</span> 
     </span>
     <span class='ocr_line' id='line_1_15' title="bbox 115 1177 1141 1223; baseline 0.001 -12"><span class='ocrx_word' id='word_1_155' title='bbox 115 1177 243 1223; x_wconf 86' lang='lat' dir='ltr'>scripta</span> <span class='ocrx_word' id='word_1_156' title='bbox 270 1177 431 1223; x_wconf 81' lang='lat' dir='ltr'>dictaque</span> <span class='ocrx_word' id='word_1_157' title='bbox 458 1177 614 1223; x_wconf 84' lang='lat' dir='ltr'>plerique</span> <span class='ocrx_word' id='word_1_158' title='bbox 637 1177 783 1212; x_wconf 90' lang='lat' dir='ltr'>consilia</span> <span class='ocrx_word' id='word_1_159' title='bbox 808 1189 871 1212; x_wconf 90' lang='lat' dir='ltr'>sua</span> <span class='ocrx_word' id='word_1_160' title='bbox 897 1181 1141 1213; x_wconf 79' lang='lat' dir='ltr'>retractarunt.</span> 
     </span>
    </p>

    <p class='ocr_par' dir='ltr' id='par_1_5' title="bbox 114 1239 1890 2396">
     <span class='ocr_line' id='line_1_16' title="bbox 164 1239 1731 1285; baseline 0.001 -12"><span class='ocrx_word' id='word_1_161' title='bbox 164 1239 345 1277; x_wconf 82' lang='lat' dir='ltr'>Quievisse</span> <span class='ocrx_word' id='word_1_162' title='bbox 377 1244 491 1273; x_wconf 87' lang='lat' dir='ltr'>tamen</span> <span class='ocrx_word' id='word_1_163' title='bbox 512 1251 644 1279; x_wconf 89' lang='lat' dir='ltr'>omnes,</span> <span class='ocrx_word' id='word_1_164' title='bbox 667 1240 824 1274; x_wconf 82' lang='lat' dir='ltr'>haeretici</span> <span class='ocrx_word' id='word_1_165' title='bbox 852 1240 1011 1280; x_wconf 77' lang='lat' dir='ltr'>maxime,</span> <span class='ocrx_word' id='word_1_166' title='bbox 1039 1239 1134 1274; x_wconf 90' lang='lat' dir='ltr'>haud</span> <span class='ocrx_word' id='word_1_167' title='bbox 1157 1244 1337 1285; x_wconf 86' lang='lat' dir='ltr'>poterant;</span> <span class='ocrx_word' id='word_1_168' title='bbox 1359 1239 1437 1275; x_wconf 84' lang='lat' dir='ltr'>aliis</span> <span class='ocrx_word' id='word_1_169' title='bbox 1456 1239 1540 1274; x_wconf 84' lang='lat' dir='ltr'>alios</span> <span class='ocrx_word' id='word_1_170' title='bbox 1564 1240 1731 1274; x_wconf 86' lang='lat' dir='ltr'>adversus</span> 
     </span>
     <span class='ocr_line' id='line_1_17' title="bbox 114 1301 1731 1349; baseline 0.001 -13"><span class='ocrx_word' id='word_1_171' title='bbox 114 1313 244 1347; x_wconf 76' lang='lat' dir='ltr'>regem,</span> <span class='ocrx_word' id='word_1_172' title='bbox 268 1301 534 1342; x_wconf 85' lang='lat' dir='ltr'>ecclesiasticos,</span> <span class='ocrx_word' id='word_1_173' title='bbox 557 1302 809 1348; x_wconf 78' lang='lat' dir='ltr'>religiosasque</span> <span class='ocrx_word' id='word_1_174' title='bbox 831 1302 980 1337; x_wconf 83' lang='lat' dir='ltr'>familias</span> <span class='ocrx_word' id='word_1_175' title='bbox 999 1302 1259 1348; x_wconf 82' lang='lat' dir='ltr'>instigantibus.</span> <span class='ocrx_word' id='word_1_176' title='bbox 1278 1303 1416 1338; x_wconf 87' lang='lat' dir='ltr'>Rursus</span> <span class='ocrx_word' id='word_1_177' title='bbox 1442 1315 1527 1349; x_wconf 79' lang='lat' dir='ltr'>ergo</span> <span class='ocrx_word' id='word_1_178' title='bbox 1547 1303 1731 1338; x_wconf 86' lang='lat' dir='ltr'>conciones</span> 
     </span>
     <span class='ocr_line' id='line_1_18' title="bbox 118 1364 1866 1411; baseline 0.001 -13"><span class='ocrx_word' id='word_1_179' title='bbox 118 1364 340 1403; x_wconf 75' lang='lat' dir='ltr'>turbulentae,</span> <span class='ocrx_word' id='word_1_180' title='bbox 359 1369 391 1399; x_wconf 84' lang='lat' dir='ltr'>et</span> <span class='ocrx_word' id='word_1_181' title='bbox 417 1364 507 1398; x_wconf 88' lang='lat' dir='ltr'>ultro</span> <span class='ocrx_word' id='word_1_182' title='bbox 533 1365 687 1410; x_wconf 83' lang='lat' dir='ltr'>citroque</span> <span class='ocrx_word' id='word_1_183' title='bbox 703 1364 962 1398; x_wconf 56' lang='lat' dir='ltr'>controversiis.</span> <span class='ocrx_word' id='word_1_184' title='bbox 987 1365 1133 1410; x_wconf 82' lang='lat' dir='ltr'>Jamque</span> <span class='ocrx_word' id='word_1_185' title='bbox 1161 1376 1216 1400; x_wconf 89' lang='lat' dir='ltr'>res</span> <span class='ocrx_word' id='word_1_186' title='bbox 1241 1364 1287 1399; x_wconf 87' lang='lat' dir='ltr'>ad</span> <span class='ocrx_word' id='word_1_187' title='bbox 1309 1376 1407 1400; x_wconf 88' lang='lat' dir='ltr'>arma</span> <span class='ocrx_word' id='word_1_188' title='bbox 1425 1369 1571 1411; x_wconf 87' lang='lat' dir='ltr'>spectat.</span> <span class='ocrx_word' id='word_1_189' title='bbox 1589 1366 1733 1400; x_wconf 87' lang='lat' dir='ltr'>Tumul·</span> <span class='ocrx_word' id='word_1_190' title='bbox 1759 1374 1866 1400; x_wconf 83' lang='lat' dir='ltr'>&#39;rumul-</span> 
     </span>
     <span class='ocr_line' id='line_1_19' title="bbox 118 1414 1877 1479; baseline 0.001 -19"><span class='ocrx_word' id='word_1_191' title='bbox 118 1429 255 1460; x_wconf 85' lang='lat' dir='ltr'>tuantes</span> <span class='ocrx_word' id='word_1_192' title='bbox 271 1426 486 1461; x_wconf 84' lang='lat' dir='ltr'>dearmatum</span> <span class='ocrx_word' id='word_1_193' title='bbox 507 1426 579 1460; x_wconf 88' lang='lat' dir='ltr'>ibat</span> <span class='ocrx_word' id='word_1_194' title='bbox 606 1426 751 1461; x_wconf 84' lang='lat' dir='ltr'>consilio</span> <span class='ocrx_word' id='word_1_195' title='bbox 770 1426 932 1471; x_wconf 84' lang='lat' dir='ltr'>primum,</span> <span class='ocrx_word' id='word_1_196' title='bbox 951 1430 984 1461; x_wconf 90' lang='lat' dir='ltr'>et</span> <span class='ocrx_word' id='word_1_197' title='bbox 1013 1438 1081 1471; x_wconf 87' lang='lat' dir='ltr'>qua</span> <span class='ocrx_word' id='word_1_198' title='bbox 1112 1426 1266 1472; x_wconf 88' lang='lat' dir='ltr'>pollebat</span> <span class='ocrx_word' id='word_1_199' title='bbox 1296 1428 1516 1468; x_wconf 86' lang='lat' dir='ltr'>auctoritate,</span> <span class='ocrx_word' id='word_1_200' title='bbox 1538 1428 1630 1462; x_wconf 91' lang='lat' dir='ltr'>domi</span> <span class='ocrx_word' id='word_1_201' title='bbox 1645 1427 1732 1462; x_wconf 86' lang='lat' dir='ltr'>mili·</span> <span class='ocrx_word' id='word_1_202' title='bbox 1759 1414 1877 1479; x_wconf 38' lang='grc' dir='ltr'>ξὲᾗξῇξὲζῑ</span> 
     </span>
     <span class='ocr_line' id='line_1_20' title="bbox 118 1487 1890 1536; baseline 0.002 -14"><span class='ocrx_word' id='word_1_203' title='bbox 118 1487 243 1533; x_wconf 82' lang='lat' dir='ltr'>tiaeque</span> <span class='ocrx_word' id='word_1_204' title='bbox 274 1488 425 1535; x_wconf 76' lang='lat' dir='ltr'>inclytus</span> <span class='ocrx_word' id='word_1_205' title='bbox 461 1488 531 1522; x_wconf 77' lang='lat' dir='ltr'>dux</span> <span class='ocrx_word' id='word_1_206' title='bbox 567 1489 781 1523; x_wconf 79' lang='lat' dir='ltr'>exercituum</span> <span class='ocrx_word' id='word_1_207' title='bbox 812 1488 926 1533; x_wconf 72' lang='lat' dir='ltr'>regni,</span> <span class='ocrx_word' id='word_1_208' title='bbox 949 1488 1144 1523; x_wconf 83' lang='lat' dir='ltr'>Stanislaus</span> <span class='ocrx_word' id='word_1_209' title='bbox 1184 1488 1462 1530; x_wconf 81' lang='lat' dir='ltr'>Zolkievvskius;</span> <span class='ocrx_word' id='word_1_210' title='bbox 1492 1490 1563 1536; x_wconf 92' lang='lat' dir='ltr'>qui,</span> <span class='ocrx_word' id='word_1_211' title='bbox 1594 1501 1733 1524; x_wconf 87' lang='lat' dir='ltr'>rumore</span> <span class='ocrx_word' id='word_1_212' title='bbox 1760 1492 1787 1518; x_wconf 86' lang='lat' dir='ltr'>in</span> <span class='ocrx_word' id='word_1_213' title='bbox 1798 1492 1890 1517; x_wconf 83' lang='lat' dir='ltr'>armis.</span> 
     </span>
     <span class='ocr_line' id='line_1_21' title="bbox 119 1549 1733 1596; baseline 0.002 -13"><span class='ocrx_word' id='word_1_214' title='bbox 119 1549 264 1584; x_wconf 90' lang='lat' dir='ltr'>obscuro</span> <span class='ocrx_word' id='word_1_215' title='bbox 299 1554 333 1584; x_wconf 90' lang='lat' dir='ltr'>et</span> <span class='ocrx_word' id='word_1_216' title='bbox 364 1550 459 1595; x_wconf 80' lang='lat' dir='ltr'>quasi</span> <span class='ocrx_word' id='word_1_217' title='bbox 486 1561 547 1596; x_wconf 91' lang='lat' dir='ltr'>per</span> <span class='ocrx_word' id='word_1_218' title='bbox 575 1549 737 1584; x_wconf 80' lang='lat' dir='ltr'>nebulam</span> <span class='ocrx_word' id='word_1_219' title='bbox 770 1554 927 1596; x_wconf 77' lang='lat' dir='ltr'>excepto,</span> <span class='ocrx_word' id='word_1_220' title='bbox 950 1550 1167 1590; x_wconf 76' lang='lat' dir='ltr'>Cracoviam,</span> <span class='ocrx_word' id='word_1_221' title='bbox 1194 1552 1238 1586; x_wconf 86' lang='lat' dir='ltr'>ad</span> <span class='ocrx_word' id='word_1_222' title='bbox 1270 1553 1453 1588; x_wconf 86' lang='lat' dir='ltr'>molientes</span> <span class='ocrx_word' id='word_1_223' title='bbox 1478 1553 1579 1587; x_wconf 82' lang='lat' dir='ltr'>civile</span> <span class='ocrx_word' id='word_1_224' title='bbox 1605 1553 1733 1587; x_wconf 88' lang='lat' dir='ltr'>bellum</span> 
     </span>
     <span class='ocr_line' id='line_1_22' title="bbox 117 1611 1735 1661; baseline 0.003 -16"><span class='ocrx_word' id='word_1_225' title='bbox 117 1611 310 1646; x_wconf 79' lang='lat' dir='ltr'>advolarat.</span> <span class='ocrx_word' id='word_1_226' title='bbox 334 1613 413 1653; x_wconf 88' lang='lat' dir='ltr'>Hic,</span> <span class='ocrx_word' id='word_1_227' title='bbox 436 1612 495 1647; x_wconf 87' lang='lat' dir='ltr'>ubi</span> <span class='ocrx_word' id='word_1_228' title='bbox 527 1624 638 1658; x_wconf 76' lang='lat' dir='ltr'>neque</span> <span class='ocrx_word' id='word_1_229' title='bbox 657 1613 850 1647; x_wconf 88' lang='lat' dir='ltr'>terroribus</span> <span class='ocrx_word' id='word_1_230' title='bbox 877 1612 970 1658; x_wconf 86' lang='lat' dir='ltr'>apud</span> <span class='ocrx_word' id='word_1_231' title='bbox 1002 1613 1194 1648; x_wconf 90' lang='lat' dir='ltr'>obstinatos</span> <span class='ocrx_word' id='word_1_232' title='bbox 1219 1614 1338 1659; x_wconf 85' lang='lat' dir='ltr'>profici</span> <span class='ocrx_word' id='word_1_233' title='bbox 1359 1627 1460 1661; x_wconf 85' lang='lat' dir='ltr'>posse</span> <span class='ocrx_word' id='word_1_234' title='bbox 1490 1615 1597 1654; x_wconf 79' lang='lat' dir='ltr'>videt,</span> <span class='ocrx_word' id='word_1_235' title='bbox 1616 1627 1735 1661; x_wconf 80' lang='lat' dir='ltr'>regem</span> 
     </span>
     <span class='ocr_line' id='line_1_23' title="bbox 119 1673 1735 1721; baseline 0.004 -15"><span class='ocrx_word' id='word_1_236' title='bbox 119 1673 266 1719; x_wconf 90' lang='lat' dir='ltr'>denique</span> <span class='ocrx_word' id='word_1_237' title='bbox 284 1678 412 1715; x_wconf 83' lang='lat' dir='ltr'>monet,</span> <span class='ocrx_word' id='word_1_238' title='bbox 431 1674 605 1719; x_wconf 77' lang='lat' dir='ltr'>religioni,</span> <span class='ocrx_word' id='word_1_239' title='bbox 624 1674 867 1719; x_wconf 79' lang='lat' dir='ltr'>tranquillitati</span> <span class='ocrx_word' id='word_1_240' title='bbox 885 1675 1046 1721; x_wconf 79' lang='lat' dir='ltr'>publicae,</span> <span class='ocrx_word' id='word_1_241' title='bbox 1064 1676 1235 1721; x_wconf 85' lang='lat' dir='ltr'>rebusque</span> <span class='ocrx_word' id='word_1_242' title='bbox 1251 1677 1322 1711; x_wconf 90' lang='lat' dir='ltr'>suis</span> <span class='ocrx_word' id='word_1_243' title='bbox 1340 1677 1512 1712; x_wconf 82' lang='lat' dir='ltr'>consulat.</span> <span class='ocrx_word' id='word_1_244' title='bbox 1530 1678 1735 1712; x_wconf 87' lang='lat' dir='ltr'>Varsaviam</span> 
     </span>
     <span class='ocr_line' id='line_1_24' title="bbox 118 1734 1735 1782; baseline 0.004 -14"><span class='ocrx_word' id='word_1_245' title='bbox 118 1734 154 1768; x_wconf 89' lang='lat' dir='ltr'>id</span> <span class='ocrx_word' id='word_1_246' title='bbox 168 1735 279 1770; x_wconf 88' lang='lat' dir='ltr'>nuntii</span> <span class='ocrx_word' id='word_1_247' title='bbox 300 1736 537 1781; x_wconf 81' lang='lat' dir='ltr'>Sigismundo‚</span> <span class='ocrx_word' id='word_1_248' title='bbox 556 1736 787 1782; x_wconf 82' lang='lat' dir='ltr'>periculorum</span> <span class='ocrx_word' id='word_1_249' title='bbox 813 1736 927 1770; x_wconf 87' lang='lat' dir='ltr'>adhuc</span> <span class='ocrx_word' id='word_1_250' title='bbox 947 1736 1087 1772; x_wconf 90' lang='lat' dir='ltr'>minime</span> <span class='ocrx_word' id='word_1_251' title='bbox 1108 1738 1258 1779; x_wconf 84' lang='lat' dir='ltr'>conscio,</span> <span class='ocrx_word' id='word_1_252' title='bbox 1281 1738 1437 1773; x_wconf 86' lang='lat' dir='ltr'>allatum.</span> <span class='ocrx_word' id='word_1_253' title='bbox 1461 1739 1582 1773; x_wconf 84' lang='lat' dir='ltr'>Movet</span> <span class='ocrx_word' id='word_1_254' title='bbox 1607 1744 1735 1774; x_wconf 79' lang='lat' dir='ltr'>extem-</span> 
     </span>
     <span class='ocr_line' id='line_1_25' title="bbox 120 1797 1736 1847; baseline 0.002 -16"><span class='ocrx_word' id='word_1_255' title='bbox 120 1797 176 1842; x_wconf 90' lang='lat' dir='ltr'>plo</span> <span class='ocrx_word' id='word_1_256' title='bbox 195 1809 268 1838; x_wconf 84' lang='lat' dir='ltr'>rex,</span> <span class='ocrx_word' id='word_1_257' title='bbox 289 1810 407 1837; x_wconf 80' lang='lat' dir='ltr'>manu,</span> <span class='ocrx_word' id='word_1_258' title='bbox 442 1802 570 1844; x_wconf 85' lang='lat' dir='ltr'>quanta</span> <span class='ocrx_word' id='word_1_259' title='bbox 600 1802 742 1843; x_wconf 87' lang='lat' dir='ltr'>repente</span> <span class='ocrx_word' id='word_1_260' title='bbox 772 1798 895 1843; x_wconf 86' lang='lat' dir='ltr'>potuit,</span> <span class='ocrx_word' id='word_1_261' title='bbox 930 1803 1077 1839; x_wconf 86' lang='lat' dir='ltr'>coacta;</span> <span class='ocrx_word' id='word_1_262' title='bbox 1100 1800 1270 1834; x_wconf 89' lang='lat' dir='ltr'>maturius</span> <span class='ocrx_word' id='word_1_263' title='bbox 1293 1800 1477 1834; x_wconf 79' lang='lat' dir='ltr'>Janoviam</span> <span class='ocrx_word' id='word_1_264' title='bbox 1505 1801 1610 1839; x_wconf 81' lang='lat' dir='ltr'>subit,</span> <span class='ocrx_word' id='word_1_265' title='bbox 1634 1813 1736 1847; x_wconf 90' lang='lat' dir='ltr'>quam</span> 
     </span>
     <span class='ocr_line' id='line_1_26' title="bbox 120 1857 1738 1905; baseline 0.002 -13"><span class='ocrx_word' id='word_1_266' title='bbox 120 1857 254 1892; x_wconf 87' lang='lat' dir='ltr'>factiosi</span> <span class='ocrx_word' id='word_1_267' title='bbox 274 1858 316 1893; x_wconf 91' lang='lat' dir='ltr'>de</span> <span class='ocrx_word' id='word_1_268' title='bbox 344 1859 494 1893; x_wconf 87' lang='lat' dir='ltr'>adventu</span> <span class='ocrx_word' id='word_1_269' title='bbox 531 1871 593 1893; x_wconf 90' lang='lat' dir='ltr'>suo</span> <span class='ocrx_word' id='word_1_270' title='bbox 629 1859 780 1893; x_wconf 89' lang='lat' dir='ltr'>rumoris</span> <span class='ocrx_word' id='word_1_271' title='bbox 806 1859 994 1904; x_wconf 88' lang='lat' dir='ltr'>quidquam</span> <span class='ocrx_word' id='word_1_272' title='bbox 1028 1860 1258 1905; x_wconf 80' lang='lat' dir='ltr'>excepissent.</span> <span class='ocrx_word' id='word_1_273' title='bbox 1280 1861 1481 1896; x_wconf 80' lang='lat' dir='ltr'>Excindunt</span> <span class='ocrx_word' id='word_1_274' title='bbox 1516 1862 1655 1896; x_wconf 88' lang='lat' dir='ltr'>interim</span> <span class='ocrx_word' id='word_1_275' title='bbox 1688 1862 1738 1896; x_wconf 92' lang='lat' dir='ltr'>illi</span> 
     </span>
     <span class='ocr_line' id='line_1_27' title="bbox 121 1918 1738 1967; baseline 0.003 -14"><span class='ocrx_word' id='word_1_276' title='bbox 121 1918 246 1954; x_wconf 90' lang='lat' dir='ltr'>milites</span> <span class='ocrx_word' id='word_1_277' title='bbox 265 1920 411 1965; x_wconf 79' lang='lat' dir='ltr'>gloriosi</span> <span class='ocrx_word' id='word_1_278' title='bbox 435 1921 508 1954; x_wconf 86' lang='lat' dir='ltr'>suis</span> <span class='ocrx_word' id='word_1_279' title='bbox 529 1921 561 1954; x_wconf 90' lang='lat' dir='ltr'>in</span> <span class='ocrx_word' id='word_1_280' title='bbox 587 1921 748 1960; x_wconf 83' lang='lat' dir='ltr'>coetibus,</span> <span class='ocrx_word' id='word_1_281' title='bbox 770 1921 921 1955; x_wconf 84' lang='lat' dir='ltr'>maxime</span> <span class='ocrx_word' id='word_1_282' title='bbox 942 1921 1032 1955; x_wconf 88' lang='lat' dir='ltr'>inter</span> <span class='ocrx_word' id='word_1_283' title='bbox 1059 1921 1196 1967; x_wconf 85' lang='lat' dir='ltr'>pocula,</span> <span class='ocrx_word' id='word_1_284' title='bbox 1215 1933 1333 1957; x_wconf 84' lang='lat' dir='ltr'>sacras</span> <span class='ocrx_word' id='word_1_285' title='bbox 1353 1923 1426 1957; x_wconf 87' lang='lat' dir='ltr'>Deo</span> <span class='ocrx_word' id='word_1_286' title='bbox 1445 1923 1594 1958; x_wconf 82' lang='lat' dir='ltr'>familias</span> <span class='ocrx_word' id='word_1_287' title='bbox 1616 1936 1623 1958; x_wconf 75' lang='grc' dir='ltr'>ι</span> <span class='ocrx_word' id='word_1_288' title='bbox 1646 1924 1738 1959; x_wconf 86' lang='lat' dir='ltr'>bona</span> 
     </span>
     <span class='ocr_line' id='line_1_28' title="bbox 123 1981 1736 2033; baseline 0.003 -17"><span class='ocrx_word' id='word_1_289' title='bbox 123 1981 346 2017; x_wconf 87' lang='lat' dir='ltr'>ecclesiarum</span> <span class='ocrx_word' id='word_1_290' title='bbox 375 1982 542 2028; x_wconf 89' lang='lat' dir='ltr'>diripiunt</span> <span class='ocrx_word' id='word_1_291' title='bbox 568 1995 574 2016; x_wconf 91' lang='lat'>:</span> <span class='ocrx_word' id='word_1_292' title='bbox 605 1987 639 2017; x_wconf 88' lang='lat' dir='ltr'>et</span> <span class='ocrx_word' id='word_1_293' title='bbox 665 1982 800 2028; x_wconf 77' lang='lat' dir='ltr'>praedia</span> <span class='ocrx_word' id='word_1_294' title='bbox 827 1986 861 2017; x_wconf 86' lang='lat' dir='ltr'>et</span> <span class='ocrx_word' id='word_1_295' title='bbox 893 1983 1054 2017; x_wconf 70' lang='lat' dir='ltr'>coenobia</span> <span class='ocrx_word' id='word_1_296' title='bbox 1085 1987 1119 2017; x_wconf 88' lang='lat' dir='ltr'>et</span> <span class='ocrx_word' id='word_1_297' title='bbox 1150 1984 1290 2030; x_wconf 87' lang='lat' dir='ltr'>templa,</span> <span class='ocrx_word' id='word_1_298' title='bbox 1315 1985 1351 2019; x_wconf 92' lang='lat' dir='ltr'>in</span> <span class='ocrx_word' id='word_1_299' title='bbox 1370 1985 1489 2033; x_wconf 84' lang='lat' dir='ltr'>primis</span> <span class='ocrx_word' id='word_1_300' title='bbox 1520 1986 1736 2021; x_wconf 83' lang='lat' dir='ltr'>Jesuitarum</span> 
     </span>
     <span class='ocr_line' id='line_1_29' title="bbox 122 2043 1740 2092; baseline 0.004 -15"><span class='ocrx_word' id='word_1_301' title='bbox 122 2043 295 2078; x_wconf 90' lang='lat' dir='ltr'>domicilia</span> <span class='ocrx_word' id='word_1_302' title='bbox 318 2044 521 2090; x_wconf 89' lang='lat' dir='ltr'>fundosque,</span> <span class='ocrx_word' id='word_1_303' title='bbox 547 2044 612 2078; x_wconf 87' lang='lat' dir='ltr'>sibi</span> <span class='ocrx_word' id='word_1_304' title='bbox 637 2044 799 2084; x_wconf 76' lang='lat' dir='ltr'>vicissim,</span> <span class='ocrx_word' id='word_1_305' title='bbox 822 2056 884 2090; x_wconf 89' lang='lat' dir='ltr'>per</span> <span class='ocrx_word' id='word_1_306' title='bbox 904 2055 1044 2079; x_wconf 82' lang='lat' dir='ltr'>scenam</span> <span class='ocrx_word' id='word_1_307' title='bbox 1067 2045 1333 2092; x_wconf 85' lang='lat' dir='ltr'>triumphantes,</span> <span class='ocrx_word' id='word_1_308' title='bbox 1355 2047 1528 2082; x_wconf 89' lang='lat' dir='ltr'>addicunt.</span> <span class='ocrx_word' id='word_1_309' title='bbox 1553 2049 1638 2083; x_wconf 90' lang='lat' dir='ltr'>Cum</span> <span class='ocrx_word' id='word_1_310' title='bbox 1659 2060 1740 2084; x_wconf 88' lang='lat' dir='ltr'>ecce</span> 
     </span>
     <span class='ocr_line' id='line_1_30' title="bbox 121 2104 1739 2156; baseline 0.004 -18"><span class='ocrx_word' id='word_1_311' title='bbox 121 2104 181 2138; x_wconf 84' lang='lat' dir='ltr'>tibi</span> <span class='ocrx_word' id='word_1_312' title='bbox 201 2104 447 2151; x_wconf 79' lang='lat' dir='ltr'>Sigismundus</span> <span class='ocrx_word' id='word_1_313' title='bbox 472 2106 506 2139; x_wconf 94' lang='lat' dir='ltr'>in</span> <span class='ocrx_word' id='word_1_314' title='bbox 536 2106 634 2146; x_wconf 80' lang='lat' dir='ltr'>urbo,</span> <span class='ocrx_word' id='word_1_315' title='bbox 664 2109 768 2151; x_wconf 90' lang='lat' dir='ltr'>atque</span> <span class='ocrx_word' id='word_1_316' title='bbox 792 2106 878 2140; x_wconf 86' lang='lat' dir='ltr'>adeo</span> <span class='ocrx_word' id='word_1_317' title='bbox 906 2106 940 2139; x_wconf 93' lang='lat' dir='ltr'>in</span> <span class='ocrx_word' id='word_1_318' title='bbox 966 2106 1052 2146; x_wconf 89' lang='lat' dir='ltr'>acie,</span> <span class='ocrx_word' id='word_1_319' title='bbox 1079 2106 1129 2141; x_wconf 89' lang='lat' dir='ltr'>ita</span> <span class='ocrx_word' id='word_1_320' title='bbox 1155 2107 1212 2141; x_wconf 92' lang='lat' dir='ltr'>hic</span> <span class='ocrx_word' id='word_1_321' title='bbox 1238 2109 1449 2154; x_wconf 88' lang='lat' dir='ltr'>compositus</span> <span class='ocrx_word' id='word_1_322' title='bbox 1478 2110 1739 2156; x_wconf 87' lang='lat' dir='ltr'>instructusque</span> 
     </span>
     <span class='ocr_line' id='line_1_31' title="bbox 123 2167 1739 2217; baseline 0.004 -16"><span class='ocrx_word' id='word_1_323' title='bbox 123 2167 247 2212; x_wconf 88' lang='lat' dir='ltr'>oppido</span> <span class='ocrx_word' id='word_1_324' title='bbox 282 2167 466 2207; x_wconf 89' lang='lat' dir='ltr'>successit,</span> <span class='ocrx_word' id='word_1_325' title='bbox 494 2171 661 2213; x_wconf 87' lang='lat' dir='ltr'>tanquam</span> <span class='ocrx_word' id='word_1_326' title='bbox 689 2168 792 2206; x_wconf 74' lang='lat' dir='ltr'>idem,</span> <span class='ocrx_word' id='word_1_327' title='bbox 821 2167 914 2213; x_wconf 90' lang='lat' dir='ltr'>quod</span> <span class='ocrx_word' id='word_1_328' title='bbox 946 2168 1010 2202; x_wconf 86' lang='lat' dir='ltr'>sibi</span> <span class='ocrx_word' id='word_1_329' title='bbox 1036 2180 1114 2202; x_wconf 89' lang='lat' dir='ltr'>cum</span> <span class='ocrx_word' id='word_1_330' title='bbox 1147 2169 1307 2204; x_wconf 85' lang='lat' dir='ltr'>hostibus</span> <span class='ocrx_word' id='word_1_331' title='bbox 1330 2183 1482 2217; x_wconf 91' lang='lat' dir='ltr'>unquam</span> <span class='ocrx_word' id='word_1_332' title='bbox 1504 2173 1628 2213; x_wconf 85' lang='lat' dir='ltr'>fuerat,</span> <span class='ocrx_word' id='word_1_333' title='bbox 1663 2184 1739 2207; x_wconf 90' lang='lat' dir='ltr'>cum</span> 
     </span>
     <span class='ocr_line' id='line_1_32' title="bbox 125 2227 1736 2278; baseline 0.004 -16"><span class='ocrx_word' id='word_1_334' title='bbox 125 2228 202 2262; x_wconf 89' lang='lat' dir='ltr'>istis</span> <span class='ocrx_word' id='word_1_335' title='bbox 230 2227 360 2263; x_wconf 90' lang='lat' dir='ltr'>civibus</span> <span class='ocrx_word' id='word_1_336' title='bbox 387 2232 564 2263; x_wconf 85' lang='lat' dir='ltr'>certamen</span> <span class='ocrx_word' id='word_1_337' title='bbox 587 2229 686 2263; x_wconf 85' lang='lat' dir='ltr'>foret.</span> <span class='ocrx_word' id='word_1_338' title='bbox 712 2229 778 2263; x_wconf 92' lang='lat' dir='ltr'>Hic</span> <span class='ocrx_word' id='word_1_339' title='bbox 810 2229 985 2263; x_wconf 78' lang='lat' dir='ltr'>enimvero</span> <span class='ocrx_word' id='word_1_340' title='bbox 1012 2230 1098 2264; x_wconf 90' lang='lat' dir='ltr'>nihil</span> <span class='ocrx_word' id='word_1_341' title='bbox 1122 2230 1291 2275; x_wconf 83' lang='lat' dir='ltr'>ejusmodi</span> <span class='ocrx_word' id='word_1_342' title='bbox 1322 2232 1544 2278; x_wconf 85' lang='lat' dir='ltr'>opinantibus</span> <span class='ocrx_word' id='word_1_343' title='bbox 1571 2245 1674 2269; x_wconf 84' lang='lat' dir='ltr'>versa</span> <span class='ocrx_word' id='word_1_344' title='bbox 1702 2239 1736 2269; x_wconf 89' lang='lat' dir='ltr'>et</span> 
     </span>
     <span class='ocr_line' id='line_1_33' title="bbox 123 2291 1731 2337; baseline 0.005 -13"><span class='ocrx_word' id='word_1_345' title='bbox 123 2294 252 2324; x_wconf 83' lang='lat' dir='ltr'>mutata</span> <span class='ocrx_word' id='word_1_346' title='bbox 270 2291 422 2336; x_wconf 77' lang='lat' dir='ltr'>pejorem</span> <span class='ocrx_word' id='word_1_347' title='bbox 443 2291 476 2324; x_wconf 92' lang='lat' dir='ltr'>in</span> <span class='ocrx_word' id='word_1_348' title='bbox 497 2295 631 2336; x_wconf 85' lang='lat' dir='ltr'>partem</span> <span class='ocrx_word' id='word_1_349' title='bbox 647 2294 728 2324; x_wconf 87' lang='lat' dir='ltr'>sunt</span> <span class='ocrx_word' id='word_1_350' title='bbox 742 2291 871 2331; x_wconf 83' lang='lat' dir='ltr'>omnia,</span> <span class='ocrx_word' id='word_1_351' title='bbox 889 2291 933 2325; x_wconf 88' lang='lat' dir='ltr'>ad</span> <span class='ocrx_word' id='word_1_352' title='bbox 949 2291 1096 2336; x_wconf 81' lang='lat' dir='ltr'>primum</span> <span class='ocrx_word' id='word_1_353' title='bbox 1115 2304 1288 2328; x_wconf 83' lang='lat' dir='ltr'>rumorem</span> <span class='ocrx_word' id='word_1_354' title='bbox 1303 2296 1439 2330; x_wconf 88' lang='lat' dir='ltr'>concuti</span> <span class='ocrx_word' id='word_1_355' title='bbox 1458 2300 1552 2331; x_wconf 88' lang='lat' dir='ltr'>metu</span> <span class='ocrx_word' id='word_1_356' title='bbox 1571 2296 1731 2337; x_wconf 85' lang='lat' dir='ltr'>audacia,</span> 
     </span>
     <span class='ocr_line' id='line_1_34' title="bbox 122 2351 608 2396; baseline 0.002 -11"><span class='ocrx_word' id='word_1_357' title='bbox 122 2351 228 2386; x_wconf 88' lang='lat' dir='ltr'>fluere</span> <span class='ocrx_word' id='word_1_358' title='bbox 248 2363 346 2396; x_wconf 84' lang='lat' dir='ltr'>arma</span> <span class='ocrx_word' id='word_1_359' title='bbox 370 2352 411 2386; x_wconf 91' lang='lat' dir='ltr'>de</span> <span class='ocrx_word' id='word_1_360' title='bbox 434 2352 608 2387; x_wconf 87' lang='lat' dir='ltr'>manibus.</span> 
     </span>
    </p>
   </div>
   <div class='ocr_carea' id='block_1_3' title="bbox 173 2413 1890 2466">
    <p class='ocr_par' dir='ltr' id='par_1_6' title="bbox 173 2413 1890 2466">
     <span class='ocr_line' id='line_1_35' title="bbox 173 2413 1890 2466; baseline 0.003 -19"><span class='ocrx_word' id='word_1_361' title='bbox 173 2413 341 2448; x_wconf 77' lang='lat' dir='ltr'>Eximitur</span> <span class='ocrx_word' id='word_1_362' title='bbox 355 2413 524 2460; x_wconf 84' lang='lat' dir='ltr'>perculsis</span> <span class='ocrx_word' id='word_1_363' title='bbox 544 2416 702 2451; x_wconf 90' lang='lat' dir='ltr'>consulto</span> <span class='ocrx_word' id='word_1_364' title='bbox 719 2416 811 2458; x_wconf 86' lang='lat' dir='ltr'>dies;</span> <span class='ocrx_word' id='word_1_365' title='bbox 829 2429 911 2463; x_wconf 88' lang='lat' dir='ltr'>pars</span> <span class='ocrx_word' id='word_1_366' title='bbox 926 2418 1134 2453; x_wconf 85' lang='lat' dir='ltr'>obstinatior</span> <span class='ocrx_word' id='word_1_367' title='bbox 1156 2419 1191 2453; x_wconf 88' lang='lat' dir='ltr'>in</span> <span class='ocrx_word' id='word_1_368' title='bbox 1216 2419 1329 2465; x_wconf 80' lang='lat' dir='ltr'>gradu</span> <span class='ocrx_word' id='word_1_369' title='bbox 1347 2420 1480 2454; x_wconf 90' lang='lat' dir='ltr'>resistit</span> <span class='ocrx_word' id='word_1_370' title='bbox 1497 2420 1608 2465; x_wconf 90' lang='lat' dir='ltr'>primo</span> <span class='ocrx_word' id='word_1_371' title='bbox 1628 2432 1634 2453; x_wconf 89' lang='lat'>:</span> <span class='ocrx_word' id='word_1_372' title='bbox 1651 2431 1733 2466; x_wconf 86' lang='lat' dir='ltr'>pars</span> <span class='ocrx_word' id='word_1_373' title='bbox 1764 2428 1827 2453; x_wconf 86' lang='lat' dir='ltr'>Pars</span> <span class='ocrx_word' id='word_1_374' title='bbox 1840 2434 1890 2452; x_wconf 88' lang='lat' dir='ltr'>me-</span> 
     </span>
    </p>
   </div>
   <div class='ocr_carea' id='block_1_4' title="bbox 123 2465 1873 2531">
    <p class='ocr_par' dir='ltr' id='par_1_7' title="bbox 123 2465 1873 2531">
     <span class='ocr_line' id='line_1_36' title="bbox 123 2465 1873 2531; baseline 0.005 -23"><span class='ocrx_word' id='word_1_375' title='bbox 123 2475 254 2515; x_wconf 78' lang='lat' dir='ltr'>melior,</span> <span class='ocrx_word' id='word_1_376' title='bbox 289 2476 463 2521; x_wconf 82' lang='lat' dir='ltr'>sacrisque</span> <span class='ocrx_word' id='word_1_377' title='bbox 498 2477 679 2512; x_wconf 88' lang='lat' dir='ltr'>catholicis</span> <span class='ocrx_word' id='word_1_378' title='bbox 710 2479 866 2519; x_wconf 85' lang='lat' dir='ltr'>amicior,</span> <span class='ocrx_word' id='word_1_379' title='bbox 901 2479 982 2514; x_wconf 87' lang='lat' dir='ltr'>facti</span> <span class='ocrx_word' id='word_1_380' title='bbox 1008 2480 1197 2525; x_wconf 82' lang='lat' dir='ltr'>poenitens,</span> <span class='ocrx_word' id='word_1_381' title='bbox 1219 2493 1281 2526; x_wconf 86' lang='lat' dir='ltr'>per</span> <span class='ocrx_word' id='word_1_382' title='bbox 1313 2493 1456 2517; x_wconf 89' lang='lat' dir='ltr'>aversas</span> <span class='ocrx_word' id='word_1_383' title='bbox 1487 2482 1584 2516; x_wconf 90' lang='lat' dir='ltr'>urbis</span> <span class='ocrx_word' id='word_1_384' title='bbox 1616 2486 1735 2527; x_wconf 86' lang='lat' dir='ltr'>portas</span> <span class='ocrx_word' id='word_1_385' title='bbox 1765 2465 1873 2531; x_wconf 49' lang='grc' dir='ltr'>ξῖξζζῗ</span> 
     </span>
    </p>
   </div>
  </div>
 </body>
</html>
