2184 2953
290 387 351 413 1636

281 883 385 910 Annulo

281 931 327 949 suo
339 931 384 949 rex

280 962 415 990 Doctorem

279 1004 363 1029 ornat.

338 1811 369 1836 ‘24

272 1846 374 1874 Trium-

271 1888 339 1921 phus
354 1898 410 1917 aca-

271 1927 386 1955 demicus

272 1966 314 1992 die
328 1968 352 1994 S.
366 1969 414 1996 Ca⁴

272 2008 381 2036 tharinae

274 2048 302 2075 V.

322 2052 348 2076 et
367 2052 393 2077 M

456 285 515 316 318
847 286 1121 316 LITUANICARUM
1145 286 1358 315 SOCIETATIS
1379 285 1463 315 JESU
1487 284 1737 313 HISTORIARUM

461 397 476 411 α
499 383 690 423 transiens,
725 382 823 417 adita
851 382 1033 423 doctrinae,
1062 381 1269 428 sapientium
1288 381 1418 427 templa
1450 391 1588 420 serena,
1627 379 1830 415 Vladislaus
1854 379 2079 425 ingreditur3

462 460 477 474 α
501 446 761 481 serenissimam
781 457 938 480 sororem
954 445 1092 480 Annam
1109 445 1335 480 Catharinam
1355 444 1610 483 Constantiam,
1633 447 1668 479 et
1685 447 1738 478 tot
1758 446 1939 478 senatores
1959 455 2080 490 proce-

462 524 476 537 α
499 520 637 554 resque,
667 520 784 543 secum
798 509 963 549 trahens;
982 513 1032 547 ut,
1054 507 1145 553 quod
1165 507 1385 542 exhibiturus
1413 517 1499 552 erga
1523 506 1659 541 litteras
1686 505 1895 541 beneficium
1922 510 2012 547 erat,
2049 509 2083 542 et

459 584 474 598 α
497 570 693 616 exemplum
713 575 846 605 aeterna
862 570 1030 605 memoria
1050 569 1206 615 dignum,
1224 569 1330 604 latius
1350 573 1589 615 spargeretur,
1611 573 1645 604 et
1661 568 1773 603 omnis
1798 568 2008 603 eruditionis
2027 579 2082 603 re-

458 647 472 660 u
495 632 687 667 verentiam
714 632 933 678 Reipublicze
965 632 1139 666 universa}
1168 631 1439 666 commendaret.
1475 631 1565 670 Quid
1597 630 1769 677 amplius?
1787 630 1880 666 inter
1909 631 2080 667 Doctores

459 708 474 722 a<
498 694 618 734 sedet;
636 695 694 740 qui
709 694 812 741 paulo
823 698 918 734 ante,
936 694 1086 729 fortuna}
1112 694 1253 728 casibus
1271 698 1305 728 et
1318 693 1478 728 hostibus
1494 694 1565 727 suis
1578 693 1777 733 immersu&
1797 692 2081 728 adversariorum

459 770 474 784 α
497 768 640 791 suorum
653 757 765 792 latera
783 757 950 791 fodiebat.
973 756 1249 802 Disputationes,
1268 759 1488 802 argumenta,
1507 755 1745 802 syllogismos,
1768 758 1802 789 et
1822 755 1924 790 docta
1944 755 2080 802 sophis-

459 832 474 846 ιε
497 822 592 853 mata
611 820 732 860 audit;
755 819 825 864 qui,
847 830 868 853 a
894 819 986 854 bello
1018 830 1154 857 recens,
1184 830 1361 853 armorum
1393 817 1554 864 strepitu,
1579 820 1835 851 tormentorum
1863 816 2078 862 fragoribus,

458 895 473 910 α
493 881 625 926 apertis
656 881 787 927 praeliis
822 885 855 916 et
892 881 1202 927 stratagematibus
1237 892 1258 915 a
1283 881 1468 927 juventute
1487 883 1704 915 assueverat.
1740 879 1787 913 Et
1820 879 1976 920 tandem,
2011 890 2080 914 non

457 957 472 972 α
495 943 629 978 talenta
644 947 704 978 aut
723 943 795 978 alia
813 943 868 978 his
888 943 1027 983 similia,
1051 944 1175 989 quibus
1194 943 1379 978 avaritiam
1408 942 1576 983 irritaret,
1613 941 1767 982 obtulit;
1798 941 1858 976 sed
1894 940 2078 981 annulum,

456 1019 471 1034 ιι
494 1017 595 1051 quem
612 1006 949 1040 nonnullicoronam
968 1006 1097 1046 cordis,
1116 1005 1208 1051 quod
1227 1016 1396 1041 venarum
1413 1005 1457 1040 ad
1472 1016 1531 1040 cor
1546 1005 1663 1050 ipsum
1692 1003 1951 1039 excurrentium
1967 1003 2082 1049 capita

458 1083 473 1098 a
495 1068 531 1102 in
563 1068 675 1114 digito
695 1072 851 1109 coronet,
868 1068 1117 1110 nominavere;
1139 1068 1288 1103 articulo
1302 1079 1426 1103 manus
1447 1067 1611 1108 detraxit,
1642 1070 1680 1102 ut
1716 1066 1925 1112 sapientiam
1960 1064 2080 1101 diade-

454 1147 469 1161 α
492 1135 584 1166 mate
612 1131 794 1176 cingeret:
818 1131 949 1176 digitos
984 1131 1102 1177 regios
1129 1130 1305 1177 spoliavit,
1352 1134 1390 1165 ut
1436 1129 1666 1165 eruditissimi
1699 1129 1766 1163 viri
1797 1128 2076 1163 condecoraret:

453 1208 469 1222 α
496 1196 658 1228 ornatum
673 1193 774 1228 laevae
794 1193 929 1233 minuit,
960 1197 998 1227 ut
1013 1193 1203 1228 Doctorum
1231 1204 1396 1228 numerus
1415 1196 1620 1238 augeretur.
1646 1191 1778 1226 Merito
1802 1202 1888 1237 ergo
1916 1190 2079 1237 Augusto

452 1271 466 1285 a<
490 1256 693 1291 Vladislaus
712 1256 909 1301 augustior,
924 1259 958 1290 et
976 1256 1115 1302 magnis
1129 1255 1332 1291 Alexandro
1352 1259 1386 1291 et
1410 1255 1576 1301 Pompeio
1592 1254 1705 1300 major
1727 1266 1733 1289 :
1758 1254 1817 1300 qui
1836 1257 1888 1288 tot
1908 1252 2076 1299 gradibus

452 1334 467 1348 α
489 1319 595 1355 altius
619 1320 655 1353 in
673 1319 800 1354 litteris
819 1318 1090 1354 cohonestandis
1115 1318 1288 1358 ascendit,
1321 1318 1527 1363 quotannis
1559 1316 1733 1363 posterior
1760 1317 1868 1351 venit.
1891 1316 1931 1350 In
1950 1327 2078 1350 vanum

452 1397 467 1411 ιε
490 1382 608 1428 itaque
627 1393 720 1416 nunc
740 1381 920 1416 interitum
939 1381 1024 1416 mihi
1043 1380 1170 1416 litteris
1185 1380 1237 1415 1111
1252 1380 1373 1414 minati
1393 1366 1580 1419 videntur,
1605 1390 1690 1424 quas
1716 1379 1791 1425 jam
1818 1377 1964 1418 vibrari,
1987 1377 2078 1411 sicut

451 1459 466 1474 κ
489 1456 640 1491 corpora
658 1445 813 1479 instante
833 1444 968 1486 morbo,
983 1445 1058 1490 jam
1077 1448 1272 1490 temporum
1286 1442 1420 1477 malitia
1434 1446 1495 1477 aut
1506 1441 1638 1476 ferocia
1652 1441 1816 1476 meliores
1844 1439 1924 1475 illas
1956 1451 2077 1474 omnes

450 1522 465 1536 α
488 1507 716 1553 mitioresque
734 1518 850 1542 musas
874 1518 895 1541 a
914 1507 1016 1541 nobis
1032 1506 1130 1541 abire
1147 1505 1325 1541 dixerunt.
1344 1505 1490 1546 Vivunt,
1512 1504 1645 1549 vigent,
1677 1508 1711 1537 et
1737 1503 1908 1548 vigebunt
1933 1501 2074 1542 litterae,

450 1584 465 1598 α
489 1580 593 1615 quam
625 1569 684 1604 diu
703 1569 936 1616 potentissimi
952 1568 1219 1604 etinvictissimi
1250 1579 1366 1613 reges,
1388 1568 1424 1601 in
1443 1566 1555 1612 pretio
1583 1565 1660 1599 illas
1684 1565 1868 1605 habentes,
1890 1568 1959 1598 tam
1979 1563 2076 1598 illus-

449 1646 464 1661 «
487 1632 597 1666 tribus
619 1633 731 1678 signis
746 1632 985 1666 decorabunt:
1009 1631 1174 1677 quamdiu
1206 1631 1380 1676 principes
1409 1640 1526 1669 manu,
1557 1639 1626 1673 qua
1657 1631 1796 1673 sceptra
1814 1630 1947 1666 tenent,
1969 1636 2075 1660 mem-

449 1709 464 1723 α
489 1695 619 1729 branas
639 1707 707 1729 non
729 1694 1028 1741 dedignabuntur,
1069 1698 1103 1728 ct
1132 1693 1328 1739 majestate,
1359 1703 1428 1737 qua
1455 1702 1566 1736 regna
1595 1694 1630 1724 et
1659 1689 1807 1735 imperia
1833 1688 2072 1730 moderantur,

450 1772 465 1786 ιε
489 1757 721 1792 eruditionem
741 1762 775 1792 et
795 1756 952 1791 eruditos
971 1756 1140 1790 fovebunt
1155 1759 1222 1790 etc.
1249 1772 1263 1786 η

496 1819 738 1854 Memorabilis
777 1824 812 1854 et
846 1819 908 1853 illa
935 1818 1120 1853 celebritas
1153 1817 1367 1855 academica,
1398 1815 1465 1849 VII
1493 1813 1664 1848 kalendas
1708 1813 1921 1854 decembres,
1952 1812 2075 1847 Beatae

446 1881 646 1917 Catharinae
677 1881 818 1927 virgini,
849 1880 992 1927 praesidi
1025 1879 1234 1918 scholarum,
1268 1890 1367 1913 sacro
1401 1876 1533 1911 habita.
1565 1875 1650 1910 Tria
1668 1879 1742 1910 tum
1761 1878 1862 1910 erant
1882 1875 1918 1908 in
1953 1874 2075 1920 primis

446 1946 591 1980 visenda
614 1957 620 1979 z
642 1956 826 1991 procerum
857 1943 1066 1989 frequentia,
1091 1942 1219 1977 aedium
1251 1944 1471 1978 ornamenta,
1493 1944 1526 1974 et
1545 1938 1709 1984 splendor
1728 1950 1805 1973 cum
1836 1938 1967 1972 civicus
2000 1941 2073 1972 tum

446 2007 690 2042 scholasticus.
726 2005 1039 2052 Triumphantibus
1070 2016 1147 2039 cum
1167 2003 1307 2038 civitate
1325 2000 1534 2036 academicis
1562 2000 1606 2034 ad
1637 1999 1788 2033 musicos
1809 2010 1851 2033 ex
1871 1998 1950 2033 aula
1969 1998 2074 2033 etiam

443 2070 544 2115 regia
560 2069 747 2110 choros‚'et
762 2068 858 2103 vario
878 2067 1070 2102 carminum
1085 2078 1229 2113 genere,
1252 2064 1340 2100 belle
1355 2064 1399 2099 ad
1419 2066 1629 2109 praesentem
1647 2061 1861 2107 triumphum
1876 2072 2069 2095 accommo-

446 2132 541 2171 dato,
564 2131 679 2166 divam
714 2143 812 2166 suam
840 2130 1111 2169 celebrantibus,
1146 2129 1306 2168 aderant,
1337 2125 1492 2162 comitati
1511 2124 1628 2170 regios
1651 2123 1826 2170 principes
1847 2122 2010 2157 Carolum
2038 2124 2072 2156 et

444 2194 596 2234 Annam,
614 2194 784 2240 praesides
812 2193 1083 2239 provinciarum,
1110 2191 1267 2237 palatini,
1290 2188 1483 2228 castellani,
1506 2187 1656 2221 ministri
1673 2190 1795 2226 status,
1821 2185 1961 2230 aliique,
1999 2183 2071 2219 suis

446 2257 606 2303 insignes
637 2256 853 2296 muneribus,
886 2266 1049 2301 proceres
1080 2252 1363 2300 frequentissimi.
1387 2251 1467 2285 Non
1487 2250 1655 2296 templum
1685 2249 1787 2283 modo
1819 2246 2010 2282 academiae
2035 2250 2069 2281 et

443 2331 576 2359 aream,
598 2319 659 2354 sed
675 2319 811 2365 plateas
827 2319 932 2353 etiam
948 2318 1076 2352 circum
1092 2328 1212 2351 omnes
1227 2315 1411 2350 multitudo
1428 2313 1531 2348 exciti
1546 2313 1591 2347 ad
1606 2312 1819 2358 triumphum
1833 2310 1952 2358 populi
1970 2310 2070 2344 inun-

443 2383 549 2418 davit.
574 2383 702 2417 Lucem
723 2381 897 2428 publicam
924 2381 1090 2427 augebat,
1129 2382 1257 2425 praeter
1286 2377 1368 2417 alia,
1396 2377 1562 2422 splendor
1589 2375 1778 2422 gymnasii,
1801 2386 1822 2409 a
1851 2372 1996 2418 fastigio
2024 2371 2069 2406 ad

439 2448 558 2487 bases,
580 2447 674 2481 intra
694 2449 861 2491 extraque
881 2444 1049 2491 peristyla
1081 2455 1118 2477 ac
1145 2439 1428 2488 peridromidem,
1459 2440 1567 2485 regiis
1599 2436 1853 2485 peristromatis
1887 2435 2068 2482 signisque

443 2510 615 2546 exornati.
651 2510 691 2544 In
709 2509 824 2543 media
851 2508 1039 2542 academ-<U
1066 2518 1149 2542 area
1184 2505 1302 2540 stabat
1320 2504 1411 2538 divae
1430 2502 1594 2548 martyris
1627 2513 1702 2542 ara,
1737 2511 1842 2547 super
1872 2498 2009 2545 gladios
2035 2502 2068 2532 et
