2184 2953
254 389 316 417 1662

259 1319 368 1346 Dimissi
390 1327 403 1345 e

258 1361 387 1387 Societate

257 1401 355 1435 nuptiae
366 1400 404 1427 fu-

257 1438 354 1464 nebres.

262 2372 410 2438 P.Sei1enek

262 2455 348 2481 obitus
381 2454 408 2478 et

262 2497 329 2523 laus.

423 291 483 322 :396
781 286 1054 317 LITUANICARUM
1078 285 1291 316 SOCIETATIS
1311 285 1397 316 JESU
1420 286 1673 317 HISTORIARUM

428 396 444 411 α
469 383 565 424 dum,
587 393 654 428 quo
673 381 806 428 aequius
836 381 961 416 melius
989 392 1087 416 reum
1116 380 1312 427 deposcatis
1339 379 1384 415 ad
1412 379 1632 426 supplicium,
1655 378 1785 415 crimen
1805 377 1889 413 mihi
1908 377 2052 424 aliquod

429 459 443 474 α
466 445 584 491 utique
604 448 737 479 certum
755 444 908 490 objicite.
935 444 1051 478 Unum
1078 447 1130 478 est
1160 454 1278 489 porro,
1300 446 1536 484 accusatores,
1558 442 1732 488 iidemque
1753 441 1890 488 judices
1915 441 1984 476 mei
2014 451 2055 475 ac

429 522 444 536 ιι
466 507 632 548 vindices,
654 519 762 542 unum
796 510 849 542 est
876 506 962 541 illud
987 519 993 540 z
1020 516 1211 541 consensus
1238 509 1358 540 noster
1381 505 1417 540 in
1444 516 1527 551 rege
1545 504 1687 545 tuendo,
1717 508 1751 539 et
1776 503 1980 551 respublica,
2014 514 2055 538 ac

429 584 444 599 a
466 569 547 604 fide.
569 569 646 604 Hoc
664 580 770 615 porro
795 569 907 603 ultum
940 568 1011 603 itis.
1044 568 1221 614 Siquidem
1241 568 1424 602 obstinatis
1451 568 1501 602 ita
1532 567 1616 602 estis
1641 567 1781 608 animis,
1804 567 1908 602 ilicet.
1933 566 2054 602 Oratio

427 645 442 660 a
466 642 543 666 mea
562 643 664 677 quam
687 634 780 666 recte
820 643 895 665 cum
922 630 1038 664 animo
1065 633 1099 664 et
1125 642 1163 665 re
1190 630 1399 671 consentiat,
1422 629 1489 665 nisi
1508 629 1663 670 creditis,
1683 629 1833 675 rumpite
1854 629 1941 675 jam,
1958 628 2051 670 licet,

427 708 442 723 a
465 694 531 728 hoc
557 697 690 740 pectus,
712 693 935 738 cruentisque
964 691 1125 726 manibus
1154 694 1187 726 et
1213 691 1322 726 oculis
1353 691 1545 738 explorate.
1573 710 1588 724 n
1621 692 1675 727 lta
1699 690 1989 737 expostulantem,
2011 702 2055 726 ne

424 755 616 797 audiretur,
646 755 882 790 obturbabant
913 754 1015 800 primi
1046 754 1127 799 pili;
1157 766 1251 795 mox,
1281 754 1519 790 succlamante
1550 754 1670 794 turba,
1701 753 1893 799 glandibus
1920 753 2054 800 jacula-

428 825 541 856 torum
559 820 766 866 discerpitur
785 818 828 865 (1).
853 818 986 864 Corpus
1005 818 1146 852 Vilnam
1174 815 1341 857 delatum,
1373 827 1394 850 a
1420 820 1593 851 moerente
1625 816 1787 862 conjuge,
1823 814 2053 860 Magdalena‚

425 883 607 917 Octaviani
652 880 872 927 Konopackii
919 879 1101 915 castellani
1154 878 1384 924 Elbingensis
1432 878 1519 919 filia,
1559 878 1593 912 in
1637 877 1768 924 templo
1811 876 1933 912 domus
1976 888 2055 923 pro-

430 944 532 979 fessae
569 947 700 978 nostra}
731 942 939 989 depositum.

478 1007 567 1046 Quid
583 1007 664 1041 boni
683 1005 943 1046 nanciscantur,
966 1004 1035 1051 qui,
1053 1003 1252 1039 voluntario
1273 1003 1450 1049 religiosae
1465 1004 1499 1038 in
1520 1003 1693 1039 Societate
1713 1003 1733 1037 J
1737 1015 1797 1038 esu
1816 1002 1949 1037 militiae
1967 1002 2053 1037 obli-

429 1070 502 1117 gati
523 1072 755 1109 sacramento,
777 1067 907 1115 perjuri
928 1067 1137 1107 desciscunt,
1159 1067 1437 1113 desponsamque
1457 1066 1596 1101 Christo
1621 1066 1861 1101 castimoniam
1879 1065 1924 1100 ad
1942 1064 2054 1100 thala-

432 1145 507 1168 mos
542 1132 760 1167 transserunt
792 1130 997 1175 sacrilegos,
1028 1141 1071 1164 ex
1102 1127 1248 1163 infinitis
1278 1127 1344 1162 hoe
1378 1139 1530 1174 quoque,
1564 1128 1657 1174 quod
1685 1128 1797 1163 Sociis
1833 1128 1867 1162 in
1901 1127 2056 1173 Collegio

433 1194 614 1230 Piuscensi
631 1193 771 1240 quidam
791 1192 898 1233 dedit,
921 1192 1087 1226 dimissus
1105 1190 1271 1232 indidem,
1290 1190 1388 1236 isque
1412 1202 1545 1237 genere
1565 1190 1693 1226 illustri
1708 1194 1811 1226 natus
1826 1190 1861 1225 in
1876 1190 2054 1231 Lituania,

434 1259 683 1293 documentum
699 1260 831 1291 certum
848 1255 978 1301 accipe.

482 1322 522 1355 In
541 1320 719 1366 religiosse
745 1319 907 1353 tirocinio
938 1318 1032 1358 vita),
1063 1316 1188 1352 deinde
1216 1317 1251 1351 in
1277 1316 1396 1351 schola
1425 1315 1671 1362 philosophiae,
1698 1316 1765 1351 rite
1785 1315 1978 1357 institutus,
2001 1314 2059 1349 ob-

432 1384 663 1430 languescere
678 1383 736 1417 ille
752 1381 921 1428 paulatim
937 1381 1060 1416 domus
1083 1383 1241 1426 paternae
1260 1378 1434 1413 desiderio
1453 1391 1459 1413 :
1482 1378 1641 1413 fastidire
1660 1378 1878 1424 propositum
1898 1378 1980 1412 vitre
2008 1377 2059 1412 in-

430 1448 601 1486 stitutum,
631 1449 665 1481 et
685 1457 763 1491 quae
782 1445 935 1491 prudens
964 1443 1157 1482 dimiserat,
1180 1441 1285 1476 corde
1316 1445 1451 1487 captus,
1483 1444 1684 1487 respectare
1716 1444 1820 1487 atque
1852 1440 2056 1476 habiturire.

430 1510 553 1555 Neque
569 1507 707 1543 interim
729 1507 805 1549 ulli,
828 1507 886 1553 qui
905 1506 971 1541 sibi
986 1505 1118 1541 mederi
1137 1507 1265 1551 posset,
1285 1504 1392 1539 animi
1410 1503 1537 1538 vulnus
1566 1504 1715 1550 aperuit.
1740 1503 1811 1539 Suo
1836 1503 1954 1549 itaque
1977 1514 2062 1538 usus

427 1573 585 1614 consilio,
607 1584 685 1607 cum
705 1573 740 1606 in
770 1571 869 1606 aliud
886 1583 962 1606 cum
990 1569 1092 1606 Socio
1118 1567 1371 1603 t1²ansfi3rretur
1390 1567 1618 1608 domicilium,
1641 1579 1683 1601 ex
1702 1568 1827 1602 itinere
1847 1566 2060 1608 clanculum,

427 1637 617 1672 insalutato
636 1635 773 1676 comite,
798 1635 941 1669 domum
960 1645 997 1668 se
1013 1633 1057 1667 ad
1076 1635 1241 1679 parentes
1257 1629 1330 1676 egit
1348 1629 1577 1676 praecipitem.
1601 1629 1706 1664 Brevi
1727 1630 1856 1676 hospes
1880 1628 2062 1675 nupturire

425 1711 465 1734 ae
485 1698 634 1745 precari.
657 1697 791 1731 Nactus
807 1708 937 1743 genere
953 1707 1075 1742 parem
1089 1697 1123 1730 et
1142 1693 1266 1739 opibus
1283 1704 1462 1738 sponsam,
1481 1692 1526 1726 ad
1541 1691 1741 1726 condictum
1762 1691 1894 1737 nuptiis
1913 1691 2005 1726 diem
2020 1702 2061 1725 ac

426 1761 553 1802 locum,
586 1759 757 1805 crispulus
784 1758 856 1799 ille,
880 1761 1095 1796 cerussatus‚
1117 1755 1314 1802 unguentis
1334 1755 1495 1800 perlitus,
1519 1753 1703 1800 splendido
1723 1756 1922 1788 assectante
1954 1753 2061 1788 eomi-

426 1827 515 1863 tatu,
532 1823 701 1857 fremente
720 1821 891 1867 superbus
910 1820 1020 1854 fertur
1039 1830 1140 1865 equo.
1169 1817 1374 1864 Splendoris
1389 1817 1529 1853 interim
1545 1817 1618 1862 ipse
1637 1816 1831 1851 admirator
1850 1816 1905 1850 sui
1923 1815 2063 1862 despec-

428 1889 479 1920 tat
503 1884 636 1925 obvios,
659 1883 914 1918 assectantibus
933 1881 1144 1916 insolentius
1163 1880 1354 1927 imperitat.
1374 1880 1479 1914 Haud
1508 1879 1627 1926 procul
1656 1891 1794 1925 sponsae
1815 1879 1916 1913 domo
1935 1878 2062 1913 vadum

428 1951 503 1984 erat
520 1946 776 1993 trajiciendum,
800 1944 964 1990 virgultis
985 1944 1148 1978 obsitum.
1182 1943 1249 1977 Hic
1278 1954 1360 1977 suas
1395 1942 1517 1976 infelix
1546 1953 1696 1987 sponsus
1715 1940 1890 1987 nuptiales
1915 1939 2062 1975 extinxit

430 2010 561 2049 tzedas3
588 2008 632 2042 ab
651 2007 794 2042 asseclis
817 2007 965 2053 imperia
988 2005 1129 2052 superbi
1157 2005 1287 2039 domini
1313 2005 1460 2051 perosis,
1482 2004 1600 2039 multis
1625 2003 1807 2038 confossus
1834 2002 2056 2037 vulneribus.

434 2072 547 2107 Exciti
565 2070 670 2106 caedis
700 2070 821 2104 nuntio
841 2073 1006 2116 parentes
1038 2079 1177 2114 sponsa}
1196 2071 1402 2108 accurrunt;
1434 2066 1573 2101 domum
1593 2066 1697 2101 hodie
1717 2065 1952 2100 semianimem
1982 2075 2063 2111 que-

433 2133 513 2172 ruli,
531 2131 700 2179 postridie
724 2131 853 2166 funesti
877 2134 1051 2165 mortuum
1076 2134 1206 2177 praeter
1227 2130 1421 2165 thalamum
1437 2129 1620 2164 conferunt
1634 2130 1680 2164 ad
1706 2128 1897 2170 tumulum3
1917 2131 2061 2175 repente

433 2195 469 2229 in
488 2194 681 2240 epicedium
713 2204 814 2228 verso
838 2192 1104 2228 convivatorum
1138 2194 1431 2239 convivarumque
1452 2193 1691 2240 epithalamio.
1714 2192 1795 2227 Non
1817 2180 1916 2234 istas,
1939 2192 2059 2234 credo,

431 2261 503 2291 tam
519 2255 736 2291 miserabiles
747 2255 889 2299 juvenis
908 2255 1116 2290 confecisset
1133 2255 1321 2302 aliquando
1340 2255 1490 2301 nuptias,
1509 2256 1538 2290 si
1566 2267 1669 2301 quam
1695 2256 1730 2289 in
1759 2254 1879 2290 schola
1908 2254 2060 2289 tironum

434 2318 618 2354 Societatis
635 2317 801 2363 religiosa
816 2317 1033 2363 disciplinam
1049 2317 1131 2352 olim
1150 2321 1346 2363 acceperat,
1369 2317 1556 2363 diligenter
1576 2319 1740 2364 deinceps
1760 2318 1944 2352 tenuisset.

484 2381 571 2416 Erat
590 2392 700 2426 nuper
718 2380 848 2415 novitio
871 2380 950 2415 huic
977 2381 1145 2426 magister
1166 2381 1206 2415 P.
1227 2380 1498 2426 Christophorus
1514 2381 1690 2422 Schenck,
1713 2380 1766 2415 vir
1785 2380 1830 2415 ad
1850 2380 1886 2414 id
1906 2379 2060 2415 muneris

436 2444 479 2479 ab
506 2445 595 2490 ipsa,
618 2446 654 2478 ut
682 2443 731 2477 ita
750 2442 875 2483 dicam,
898 2444 1028 2489 pietate
1048 2443 1216 2478 formatus
1234 2456 1240 2478 :
1262 2455 1373 2478 annos
1400 2444 1546 2489 triginta
1564 2444 1602 2478 in
1620 2443 1796 2478 domicilio
1824 2427 2047 2484 novitiorum,

480 2512 521 2552 (1)
547 2513 660 2546 V.,Li1>.
679 2513 774 2541 Victor
790 2516 817 2541 ct
834 2512 928 2541 Victus
945 2516 1058 2541 auctore
1073 2512 1254 2540 Woslawski.
