2184 2953
248 401 311 427 1612

245 2159 359 2186 Simonis

244 2201 367 2234 Wysoeki

245 2240 356 2266 vocatio.

418 302 479 333 228
788 304 1061 334 LITUANICARUM
1084 305 1294 335 SOCIETATIS
1316 306 1401 335 JESU
1425 305 1677 335 HISTORIARUM

420 397 473 432 vir
497 397 518 431 J
522 408 654 432 oannes
673 398 905 440 Povenskius,
923 398 967 433 ab
986 399 1007 433 J
1010 398 1152 433 anussio
1171 397 1326 444 principe
1342 397 1514 432 Masoviae
1536 397 1678 444 Skarga
1692 410 1754 445 per
1767 401 1900 447 jocum,
1922 403 2047 440 deinde

419 461 463 495 ab
482 460 561 495 aliis
581 462 810 496 communiter
828 462 893 496 hoc
915 462 1067 502 nomine,
1089 461 1181 507 quod
1200 460 1343 495 Polonis
1359 459 1611 505 querimoniam
1634 461 1820 507 significat,
1848 465 2042 501 vocitatus:

420 522 513 568 quod
531 522 624 569 apud
650 523 841 569 principem
862 523 904 558 de
922 523 1030 557 illatis
1048 523 1129 557 hinc
1149 522 1245 557 illinc
1263 522 1329 556 sibi
1348 522 1485 567 injuriis
1511 523 1633 558 crebro
1661 530 1878 570 quereretur.
1901 528 2042 572 Petrus,

419 585 608 620 demortuis
633 586 848 631 parentibus,
866 597 909 619 ex
924 585 1050 631 oppido
1066 585 1178 631 patrio
1203 584 1383 625 Grodziec,
1406 585 1465 618 ubi
1484 596 1520 619 se
1541 586 1705 631 privatim
1722 588 1759 622 in
1777 593 1852 624 arte
1871 589 2045 627 litteraria

418 652 635 689 exercuerat,
657 660 748 683 anno
764 649 879 684 aetatis
898 649 1032 683 decimo
1048 652 1170 682 octavo
1179 648 1256 694 Jam
1271 648 1370 689 inito,
1390 647 1593 682 Cracoviam
1610 649 1807 685 litterarum
1829 653 2045 688 severiorum

418 721 526 745 causa
544 722 581 745 se
600 711 757 745 contulit.
780 711 929 746 Biennio
951 716 1041 757 post,
1063 711 1264 746 academica
1282 715 1425 746 ornatus
1449 711 1584 753 laurea,
1605 715 1828 760 gymnasium
1848 716 1938 751 rexit
1956 718 2045 752 Var-

419 773 539 809 saviae.
557 773 698 809 Amavit
713 774 908 808 doctrinam
924 774 1021 808 Petri
1035 779 1069 809 et
1084 786 1197 809 mores
1213 778 1342 821 praeter
1357 774 1444 809 alios
1459 776 1748 823 archiepiscopus
1764 778 2046 825 Leopoliensium

418 837 550 872 Paulus
570 837 690 872 Tarlo.
714 837 780 872 Hic
798 838 973 883 juvenem,
996 849 1069 883 prae
1100 837 1227 872 divinis
1260 837 1398 883 quidem
1425 838 1569 884 profana
1601 839 1837 876 fastidientem
1858 844 1985 885 omnia,
2009 849 2046 880 at

418 898 614 933 sacerdotio
630 910 698 933 non
714 899 795 932 dum
811 902 984 933 maturum
1004 910 1066 944 per
1086 903 1237 939 zetatem,
1250 902 1300 938 ut,
1320 910 1359 933 eo
1375 898 1464 945 legis
1479 901 1728 937 ecclesiasticae
1743 904 1920 940 exsolutus
1936 917 2042 948 nexu,

418 960 617 995 initiaretur
648 960 771 1002 sacris,
793 961 947 1001 curavit;
971 972 1050 995 mox
1070 962 1346 996 Rohatinensem
1365 963 1604 1008 praepositum,
1627 964 1754 1000 deinde
1778 966 2045 1013 Leopolitanum

418 1024 624 1058 canonicum
648 1024 792 1058 creavit.
816 1024 884 1058 Sed
906 1024 1031 1058 Petrus
1050 1024 1095 1058 ad
1114 1023 1212 1058 lucra
1234 1023 1430 1057 animorum
1454 1024 1620 1060 salutaria
1649 1028 1815 1062 attentior
1834 1029 1938 1075 (quod
1956 1043 1993 1066 se
2013 1035 2046 1067 et

418 1090 555 1120 naturae
574 1086 749 1132 praesidiis
772 1090 807 1121 et
830 1085 998 1121 doctrinae
1025 1086 1069 1120 ad
1089 1086 1273 1121 dicendum
1305 1085 1567 1132 docendumque
1596 1089 1762 1134 populum
1781 1091 1927 1126 sentiret
1957 1093 2046 1129 bene

417 1149 589 1195 paratum)
608 1160 675 1194 quo
691 1148 753 1182 fiat
777 1148 819 1182 ad
839 1160 963 1183 munus
998 1149 1255 1183 concionatoris
1283 1147 1491 1193 expeditior,
1516 1150 1751 1186 Rohatinensi
1785 1155 1979 1190 sacerdotio
2008 1167 2045 1192 se

421 1211 577 1253 abdicat;
599 1211 679 1246 inde
704 1210 749 1245 ad
781 1210 1059 1246 concionandum
1081 1211 1205 1257 majori
1236 1221 1343 1256 opera
1373 1221 1409 1244 se
1426 1211 1569 1247 ‘dedere
1588 1225 1594 1247 z
1619 1226 1786 1249 novorum
1806 1220 1940 1252 satores
1961 1217 2047 1265 dog-

417 1277 548 1308 matum
578 1273 766 1308 haereticos
795 1273 896 1308 dictis
924 1273 1130 1320 scriptisque
1150 1276 1312 1321 persequi
1331 1289 1336 1310 ;
1355 1276 1527 1311 adversus
1554 1276 1672 1311 hostes
1700 1277 1878 1323 religionis
1906 1291 2045 1316 armare

416 1336 607 1371 catholicos
626 1349 632 1370 :
656 1336 728 1371 suis
751 1335 826 1382 ipse
846 1337 891 1370 ad
910 1336 1074 1382 pietatem
1092 1336 1259 1382 exemplis
1278 1338 1404 1383 praeire
1428 1338 1590 1373 omnibus
1608 1351 1613 1373 :
1643 1338 1797 1374 divinam
1813 1352 1886 1375 rem
1905 1341 1942 1376 in
1960 1346 2045 1377 tem-

416 1398 483 1445 plis
510 1410 633 1434 curare
652 1398 838 1445 diligenter
857 1412 863 1433 z
895 1398 1048 1434 inclusos
1065 1398 1100 1432 in
1119 1398 1295 1434 custodias
1319 1400 1433 1435 visere
1452 1413 1458 1435 :
1481 1400 1516 1435 in
1537 1401 1814 1447 ptochotrophiis
1833 1414 1922 1448 pene
1946 1405 2045 1440 habi-

417 1464 506 1495 tare.
529 1461 583 1495 Ita
601 1460 660 1495 ille
679 1460 849 1495 Societati
863 1460 1066 1506 parabatur.
1091 1461 1271 1496 Sustinere
1286 1462 1345 1496 diu
1364 1462 1459 1498 haud
1475 1464 1586 1509 potuit
1606 1474 1647 1498 ea
1665 1464 1815 1500 hominis
1835 1466 1952 1501 studia
1971 1471 2046 1502 ater

417 1523 559 1569 genius;
582 1523 775 1569 instigabat
801 1523 838 1557 in
865 1527 968 1569 caput
993 1523 1059 1556 viri
1087 1523 1225 1558 invidos
1243 1524 1393 1570 primum
1419 1525 1686 1571 improbosque;
1708 1526 1889 1563 fraudibus
1921 1528 2046 1565 deinde

417 1585 548 1620 frustra
578 1585 795 1631 periclitatus
822 1585 1069 1626 constantiam,
1090 1597 1151 1631 per
1184 1597 1220 1620 se
1252 1586 1326 1632 ipse
1353 1587 1498 1622 Petrum
1526 1588 1698 1633 aggredi:
1722 1590 1927 1635 perturbare
1946 1591 2045 1627 miris

420 1647 509 1682 dolis
541 1647 754 1693 spectrisque
786 1647 966 1688 animum;
999 1647 1173 1682 interdum
1208 1648 1389 1684 trifaucem
1422 1649 1587 1684 mentitus
1618 1650 1867 1696 pamphagum‚
1905 1653 2045 1688 diducto

419 1709 522 1750 rictu,
549 1708 757 1750 solitarium,
780 1713 840 1743 aut
866 1710 1101 1755 quiescentem
1119 1713 1236 1751 noctu,
1257 1710 1403 1746 maxime
1421 1711 1495 1746 Deo
1515 1711 1781 1757 supplicantem,
1804 1714 1978 1756 territare,
2010 1719 2045 1751 et

421 1773 538 1808 nescio
570 1772 653 1818 quid
684 1772 773 1807 velle
805 1776 1024 1818 extorquere
1046 1773 1251 1808 Triennium
1271 1785 1379 1819 prope
1410 1784 1536 1819 graves
1555 1773 1666 1807 hostis
1696 1775 1866 1809 teterrimi
1894 1776 2045 1812 assultus

419 1835 517 1870 fortis
537 1834 702 1869 sustinuit
720 1847 726 1869 :
749 1838 953 1880 tantumque
980 1835 1102 1876 abfuit,
1126 1839 1162 1869 ut
1181 1835 1223 1869 de
1243 1847 1306 1869 3110
1333 1835 1470 1881 pietatis
1486 1834 1600 1869 studio
1631 1834 1819 1881 quidquam
1838 1837 2041 1879 remitteret,

419 1899 457 1930 ut
486 1896 642 1930 animum
672 1896 708 1930 in
743 1895 857 1930 officia
888 1896 953 1931 sibi
982 1897 1161 1943 proposita
1181 1897 1294 1943 magis
1326 1897 1430 1932 etiam
1460 1897 1671 1932 intenderet.
1706 1898 1798 1936 Quin
1824 1911 1890 1945 quo
1915 1901 2044 1946 aegrius

418 1959 523 1993 etiam
558 1958 651 1993 hosti
681 1969 741 1993 suc
780 1958 922 1999 faceret,
967 1958 1167 2004 arctiusque
1203 1958 1308 1994 fidem
1340 1970 1438 1993 suam
1474 1959 1546 1994 Deo
1587 1959 1835 2006 obstringeret,
1870 1966 1907 1996 ut
1942 1975 2042 2010 coop-

418 2025 554 2055 taretur
571 2021 608 2055 in
628 2020 851 2062 Societatem,
874 2021 972 2067 cujus
991 2021 1187 2055 institutum
1202 2022 1277 2068 jam
1295 2021 1376 2055 olim
1396 2022 1608 2063 adamasset,
1630 2024 1856 2069 praepositum
1877 2025 2044 2061 Societati

419 2083 620 2129 generalem
644 2083 777 2124 oravit;
796 2083 954 2129 exemplo
975 2083 1079 2117 etiam
1099 2083 1252 2118 Simonis
1271 2083 1464 2130 Wysockii,
1481 2084 1661 2120 familiaris
1678 2086 1743 2120 sibi
1759 2087 1836 2127 viri,
1858 2087 2039 2123 excitatus.

468 2145 737 2191 Tranquillioris
757 2146 837 2180 vitae
865 2145 1011 2191 cupidus
1038 2146 1172 2187 Simon,
1191 2146 1249 2180 diu
1270 2158 1347 2181 cum
1366 2147 1483 2181 animo
1504 2159 1567 2182 suo
1599 2147 1851 2194 disputaverat,
1874 2150 2040 2193 incertus,

421 2218 498 2253 quae
517 2207 632 2253 potius
651 2208 685 2241 in
706 2207 774 2242 ista
794 2208 964 2242 Ordinum
994 2208 1241 2254 religiosorum
1260 2209 1430 2243 varietate
1449 2210 1535 2243 ratio
1550 2210 1632 2245 vitae
1647 2211 1713 2245 sibi
1732 2216 1826 2246 esset
1840 2212 2040 2258 diligenda;

416 2282 458 2306 ea
477 2275 617 2317 propter
644 2283 761 2306 secum
792 2273 844 2307 sui
864 2272 971 2307 animi
1003 2272 1148 2307 consilia
1169 2273 1213 2307 ad
1246 2273 1389 2307 Petrum
1421 2271 1566 2306 confert.
1600 2272 1662 2307 Ille
1696 2272 1852 2308 divinum
1879 2278 2042 2320 precatus

416 2345 558 2375 numen,
588 2334 722 2368 nullum
741 2335 818 2375 sibi,
841 2335 902 2376 ait,
924 2335 1035 2370 videri
1055 2337 1166 2382 magis
1194 2336 1389 2382 appositum
1405 2336 1449 2370 ad
1480 2336 1661 2381 ingenium
1688 2336 1840 2372 Simonis
1867 2341 1900 2372 et
1927 2349 2042 2373 mores

415 2395 496 2430 vitae
511 2407 634 2442 genus,
655 2407 757 2442 quam
772 2397 816 2431 sit
836 2396 1019 2432 Societatis
1039 2398 1126 2432 Jesu
1144 2398 1314 2433 institutio
1335 2411 1341 2438 ;
1359 2399 1433 2444 ι131111
1454 2398 1548 2433 1111113
1563 2399 1598 2432 111
1614 2409 1722 2444 regno
1756 2399 1861 2433 etiam
1879 2399 2039 2434 Poloniae

414 2457 529 2503 gloria
552 2457 732 2499 doctrinm,
755 2459 1008 2501 sanctimonize,
1030 2472 1215 2506 rerumque
1234 2464 1414 2505 gestarum
1430 2460 1680 2495 efflorescentis
1697 2460 1840 2506 pulchre
1856 2474 1862 2501 ;
1885 2462 1930 2496 ad
1946 2462 2038 2496 hunc

416 2518 582 2553 Ordinem
610 2520 764 2553 animum
797 2520 976 2555 consultor
1000 2521 1210 2556 adverteret.
1246 2522 1317 2557 Suo
1343 2533 1380 2556 se
1412 2522 1504 2557 dicto
1538 2523 1664 2557 Petrus
1684 2522 1938 2557 commonuisse
1973 2523 2039 2557 sibi
