2184 2953
203 829 332 855 Varmior.

202 869 281 895 initia
289 869 357 896 chri.

208 908 303 936 stiana.

203 970 348 997 Brunsber·

202 1019 242 1043 gae
274 1010 342 1037 tem-

203 1050 277 1083 plum
312 1050 337 1076 S.

202 1089 319 1117 Andreae.

204 1228 336 1256 Cathcdra

202 1271 336 1305 Episcopi.

202 1312 314 1340 Limites

202 1357 325 1385 Varmiae.

201 1405 326 1439 Collapsa

200 1445 329 1471 Varmior.

201 1484 312 1518 Religio.

202 1672 331 1699 Schisma-

205 1713 331 1745 graecani—

201 1761 260 1778 cum
287 1753 314 1778 in

202 1792 307 1823 Russia,
321 1793 349 1818 et

202 1832 303 1860 vicinis.

204 2343 256 2370 ΡΡ.
271 2343 350 2369 Fran-

205 2382 303 2409 ciscani
326 2383 353 2407 et

375 288 394 318 4
733 286 1006 317 LITUANICARUM
1032 289 1242 318 SOCIETATIS
1264 289 1350 318 JESU
1375 289 1630 319 HISTORIARUM

376 378 506 414 victum
524 379 673 425 denique
687 379 731 414 ab
746 390 830 426 rege
847 379 917 424 (an.
944 379 1060 425 1560),
1082 384 1233 427 captum,
1253 384 1287 416 et
1305 380 1495 416 abductum
1511 381 1546 416 in
1569 381 1783 424 Masoviam;
1811 382 1904 418 inter
1921 382 1998 418 haec

377 442 609 478 Revalienses
628 442 796 478 defecisse
814 454 836 477 a
854 442 998 478 Polonis
1021 444 1065 477 ad
1091 444 1231 479 Ericum
1250 444 1441 479 Succorum
1463 454 1599 489 regem:
1640 444 1954 490 archiepiscopum,
1978 455 1999 478 a

377 505 651 551 Furstembergo
676 505 873 551 depulsum,
891 505 964 540 suis
987 506 1030 540 ab
1055 505 1215 552 Augusto
1242 504 1442 540 restitutum
1468 505 1711 550 Rigensibus;
1740 506 1912 552 abrogato
1941 506 1999 541 de-

374 567 478 613 nique
508 567 618 602 veteri
649 567 684 614 (1)
717 567 984 613 Crucigerorum
1006 568 1214 613 Magisterio
1235 568 1271 602 in
1294 566 1452 607 Livonia‚
1483 566 1690 602 Gottardum
1713 567 1909 608 Ketlemm,
1938 579 2000 602 au-

375 627 535 662 ctoritate
549 628 644 674 regis
662 628 821 664 Polonici
838 632 995 663 creatum
1012 629 1211 664 Curlandiae
1226 628 1364 674 quidem
1380 630 1414 660 et
1433 626 1651 673 Semigalliae
1669 628 1875 674 principem,
1898 628 2001 663 Livo-

375 689 444 724 niae
465 701 549 725 vero
567 690 837 736 gubernatorem
856 701 919 737 pro
940 701 1037 736 rege.
1060 691 1163 725 Hunc
1182 691 1296 737 itaque
1316 690 1449 724 invenit
1468 691 1611 732 exitum,
1629 696 1702 726 tam
1722 692 1781 726 diu
1799 692 1950 739 integer,
1968 696 2004 728 et

377 751 483 786 rebus
507 753 617 799 gestis
640 752 804 799 inclytus,
827 763 931 798 quam
949 752 1009 786 diu
1027 752 1109 788 fidei
1131 756 1238 787 tenax
1257 753 1451 795 catholicae,
1474 754 1740 799 Crucigerorum
1762 754 1856 789 Ordo
1880 755 1917 789 in
1944 748 2020 789 Li-v

378 814 495 850 vonia.
530 815 794 850 Praeterivimus
823 815 914 849 inter
948 814 1037 854 haec,
1067 814 1240 849 confinem
1274 815 1440 850 Prutenis
1475 815 1670 861 regionem,
1704 816 1899 856 Varmiam,
1925 817 2002 863 Jam

381 888 511 911 annum
541 876 678 911 circiter
711 877 815 916 1260,
850 876 1052 911 Alexandro
1085 876 1135 910 IV
1164 876 1327 911 Romano
1352 877 1536 917 pontifice,
1563 877 1730 912 Anselmo
1758 877 1867 923 primo
1900 878 2004 924 hujus

380 939 542 974 dioecesis
572 939 745 986 episcopo,
779 950 822 974 ex
850 938 981 973 Ordine
1012 937 1152 972 Sanctae
1188 938 1315 972 Mariae
1348 938 1657 986 Jerosolymitanae
1696 938 1801 978 dicto,
1835 938 2003 974 Ecclesiae

380 1001 581 1036 christianae
601 1000 806 1047 subjectam.
833 1001 910 1035 Hoc
927 1000 1093 1035 Antistite
1112 1000 1149 1034 in
1167 1000 1323 1042 Varmia,
1341 1001 1553 1036 aedificatum
1567 1002 1806 1047 Brunsbergae
1819 1002 2000 1048 templum,

378 1065 479 1100 beato
513 1063 666 1099 Andreae
694 1063 863 1110 Apostolo
892 1063 1108 1104 dedicatum;
1140 1063 1249 1098 creati
1278 1062 1464 1098 Antistites
1496 1063 1651 1098 canonici
1680 1064 1785 1099 XXI.
1818 1063 1998 1105 Dioecesis,

377 1125 581 1163 Innocentio
614 1125 664 1160 IV
694 1125 802 1171 Papa,
843 1125 898 1160 his
934 1125 1193 1171 circumscripta
1227 1124 1355 1160 finibus
1374 1138 1381 1160 :
1400 1126 1456 1160 ab
1491 1125 1680 1160 Occidente
1697 1125 1897 1160 fluminibus
1916 1126 2002 1161 Pas-

376 1189 468 1225 seria
493 1192 528 1224 et
556 1188 722 1229 Versero,
748 1199 766 1222 a
794 1187 1051 1234 Septemtrione
1076 1188 1178 1222 Habo
1200 1187 1293 1228 lacu,
1320 1188 1364 1223 ab
1384 1187 1528 1223 Oriente
1552 1187 1718 1234 Pragella
1735 1188 1862 1230 fiuvi0;
1884 1189 2002 1223 Litua-

375 1253 469 1288 niam
486 1263 609 1288 versus
631 1262 734 1286 amne
757 1251 864 1297 Lipsa
891 1250 1120 1285 concluditur.
1149 1251 1302 1286 Tentata
1324 1251 1383 1285 diu
1403 1263 1424 1286 a
1445 1248 1764 1298 pi‘aestigiatoribus
1782 1251 2002 1287 Luteranicis

374 1327 462 1362 gens
475 1314 621 1350 Varmia
634 1314 739 1349 fidem
753 1317 916 1348 constans
935 1314 980 1348 ad
1000 1325 1130 1348 annum
1152 1313 1245 1348 1524
1264 1313 1422 1348 retinuit.
1446 1314 1651 1348 Constantia
1669 1315 1819 1360 denique
1833 1315 2002 1361 exemplis

373 1377 567 1413 vicinorum
586 1376 685 1411 malis
704 1375 808 1411 cessit
826 1379 860 1410 et
883 1376 1017 1410 artibus
1032 1389 1039 1417 ;
1057 1375 1218 1410 molitore
1234 1375 1270 1409 in
1292 1375 1423 1421 primis,
1440 1376 1545 1422 impio
1570 1376 1773 1422 Crucigero,
1791 1376 1998 1417 Heideckio‚

374 1439 620 1486 depeculatore
639 1438 778 1479 civium,
802 1437 910 1484 probe
928 1441 1002 1472 tum
1023 1437 1289 1484 opulentorum
1311 1437 1556 1483 religiosorum
1574 1438 1766 1479 hominum,
1795 1438 2000 1473 Francisca-

372 1513 498 1538 norum
516 1501 552 1535 in
580 1500 713 1546 primis,
740 1503 924 1541 vexatore;
950 1499 1085 1535 latrone
1104 1499 1141 1534 in
1159 1498 1301 1534 Varmia
1319 1499 1543 1534 Luteranico.
1567 1500 1691 1535 Probis
1709 1499 1913 1535 mortalibus
1937 1511 2001 1547 per

374 1563 605 1600 Heideckium
633 1562 689 1598 vel
715 1562 882 1609 depulsis,
906 1561 962 1598 vel
991 1562 1177 1608 corruptis,
1201 1562 1460 1608 degenerarunt
1477 1574 1499 1597 a
1516 1561 1687 1608 religione
1708 1574 1749 1597 ac
1771 1563 1916 1608 perenni
1938 1563 2000 1598 illa

374 1630 408 1662 et
431 1629 625 1661 contestata
644 1625 815 1672 majorum
839 1625 1013 1671 probitate
1038 1624 1186 1659 Varmii.

423 1689 466 1723 In
499 1688 644 1729 Russia,
679 1688 856 1727 Lituania,
892 1686 1064 1728 Polessia,
1100 1685 1346 1733 Subsylvania,
1378 1684 1541 1731 populos,
1581 1696 1602 1719 a
1638 1686 1772 1731 gremio
1800 1687 1998 1722 abstractos

373 1751 554 1791 Ecclesiae,
593 1750 744 1785 schisma
778 1750 891 1784 tenuit
909 1747 1274 1796 graecanicum..Gens
1300 1746 1465 1787 Russica,
1481 1746 1556 1792 jam
1578 1746 1635 1781 vel
1659 1747 1791 1782 Rurico
1809 1748 2000 1783 monarcha

372 1825 449 1854 suo,
492 1812 582 1859 quod
618 1812 771 1858 quidam,
809 1811 878 1853 vel,
917 1812 1008 1858 quod
1041 1814 1188 1846 narrant
1226 1810 1358 1856 plures,
1392 1809 1607 1850 VladimirO,
1636 1822 1765 1856 magno
1796 1812 1995 1847 Russorum

371 1876 472 1917 duce,
509 1875 767 1921 Kijoviensium
801 1873 971 1920 principe,
1006 1873 1206 1908 christianis
1238 1872 1376 1907 initiata
1409 1871 1533 1912 sacris,
1553 1876 1764 1918 procurante
1793 1873 1827 1908 id
1847 1874 1997 1909 maxime

374 1937 524 1973 Nicolao
560 1937 818 1984 Chrysobergo‚
859 1936 953 1971 circa
991 1947 1121 1970 annum
1164 1935 1236 1970 990
1274 1933 1663 1980 Constantinopolitano
1700 1935 1920 1976 Patriarcha,
1953 1935 1998 1971 ad

373 2011 503 2035 annum
549 1999 642 2034 1320
673 1999 835 2034 Romano
866 1997 1029 2033 Pontifici
1057 2010 1135 2032 cum
1172 1996 1331 2032 Ecclesia
1364 1996 1557 2030 christiana
1584 1996 1700 2042 paruit
1746 1997 1996 2040 communiter3

373 2063 439 2098 hoc
466 2062 603 2096 demum
631 2073 723 2096 anno
742 2061 894 2095 subactis
914 2071 935 2094 a
966 2059 1163 2099 Gedimino,
1185 2069 1313 2104 magno
1341 2057 1515 2092 Lituaniae
1548 2058 1648 2100 duce,
1671 2058 1832 2094 Russicis
1859 2060 1998 2105 provin-

373 2125 449 2164 ciis,
479 2126 648 2168 occupata
666 2122 819 2168 Kijovia‚
854 2122 980 2156 ducum
1007 2121 1102 2162 sede,
1141 2121 1205 2155 sub
1231 2121 1319 2167 jugo
1355 2119 1586 2154 Ethnicorum
1617 2120 1668 2154 uti
1700 2121 1772 2155 suis
1801 2121 1899 2166 genti
1930 2133 2000 2155 non

373 2187 423 2222 ita
440 2185 538 2220 licuit
568 2183 1036 2219 christianoruminstitutis.
1075 2183 1229 2229 Olgerdo
1256 2181 1394 2222 deinde,
1433 2181 1608 2216 Gedimini
1639 2181 1709 2216 filio
1727 2211 1734 2223 ‚
1769 2182 2000 2217 Lituanorum

376 2252 410 2284 et
442 2247 641 2281 Russorum
675 2257 804 2291 magno
837 2246 937 2287 duce,
962 2245 1037 2290 jam
1073 2244 1275 2280 christianis
1299 2243 1434 2278 initiato
1466 2243 1587 2283 sacris,
1619 2243 1759 2278 Vilnam
1789 2255 1810 2278 a
1838 2244 1998 2279 Palatino

377 2310 516 2357 quidem
531 2307 688 2343 Podoliae
704 2311 738 2342 et
754 2307 956 2342 Podlachiae
975 2307 1080 2342 Petro
1112 2306 1281 2342 Gastoldo
1303 2305 1492 2340 introducti
1510 2309 1591 2340 sunt
1608 2316 1738 2340 annum
1754 2306 1890 2341 circiter
1908 2306 1999 2342 1303

378 2374 503 2408 Patres
524 2370 751 2406 Franciscani
770 2383 776 2412 ;
797 2381 818 2404 a
838 2370 929 2404 bona
946 2373 1063 2405 autem
1091 2369 1237 2416 Olgerdi
1255 2369 1418 2415 conjuge,
1439 2368 1577 2403 Tveriae
1597 2368 1724 2403 ducum
1759 2368 1844 2410 filia,
1866 2369 1995 2411 Maria,

418 2478 458 2515 (1)
482 2476 695 2513 Crucigcrorum
719 2477 847 2505 interitus
863 2477 890 2504 in
906 2476 1031 2505 Livonia.
1051 2476 1182 2505 Kctlcrus
1204 2475 1356 2503 Livonibus
1372 2478 1399 2503 ct
1413 2473 1560 2502 Curlandis
1577 2475 1729 2510 imponitur
1751 2476 1881 2511 princeps
1904 2484 1917 2503 a
1944 2475 1996 2504 Po-

377 2533 449 2561 lonis
466 2540 530 2561 ann.
551 2532 638 2560 1560.
