2184 2953
301 382 363 408 1601

299 710 430 743 Sper-tacu
439 727 448 731 -

300 747 327 773 la
343 748 445 775 tristis-

299 795 374 815 suna.

365 1375 378 1398 4

305 1412 415 1439 Poiociae

299 1454 382 1480 fames

299 1501 357 1519 cuin
373 1501 415 1526 pe-

299 1535 428 1561 stilentia.

299 1682 405 1708 Vilnam

298 1720 386 1746 eadem
408 1728 449 1746 ex-

298 1761 396 1787 haurit.
407 1761 450 1786 So·

300 1800 396 1826 ciorum
406 1800 450 1833 pia

298 1840 388 1865 officia.

297 1876 385 1902 Pietas

299 1914 434 1948 Episcopi.

300 1953 415 1979 Labores

299 1992 431 2018 Sociorum

299 2032 326 2057 in
338 2031 439 2058 castris.

471 285 531 316 200
862 286 1135 315 LITUANICARUM
1160 286 1370 315 SOCIETATIS
1393 287 1478 316 JESU
1503 286 1753 315 HISTORIARUM

474 379 551 413 nuis
571 379 744 424 Rigensis
760 378 908 425 Collegii
927 379 1053 413 litteris
1073 379 1327 425 consignatam.
1365 380 1417 414 De
1443 380 1509 414 hac
1537 379 1668 414 Paulus
1697 378 1802 413 etiam
1830 378 2036 413 Piaseckius
2066 378 2101 412 111

474 441 546 475 suis
577 443 759 476 Chr-onicis
780 457 787 474 :
812 452 875 475 nec
892 452 1016 486 pauca,
1042 440 1165 486 inquit,
1193 441 1527 488 Hierosolymitanue
1549 442 1647 475 famis
1675 440 1835 486 exempla
1868 446 1952 475 tunc
1970 441 2005 475 111
2032 440 2101 475 illis

472 502 559 537 locis
579 503 853 538 numerabantur
871 516 878 543 ;
909 515 951 537 ex
966 514 1033 548 quo
1048 502 1124 537 lues
1140 503 1341 537 morborum
1357 504 1642 549 contagiosorum
1658 507 1780 538 exorta
1794 507 1902 537 totam
1918 502 2102 537 Poloniam

472 565 638 611 pervasit,
662 568 696 599 et
722 565 756 598 in
784 570 895 599 totum
924 565 1193 610 subsequentem
1225 577 1355 600 annum
1383 565 1509 600 acerbe
1541 565 1693 600 vexavit.
1730 564 1885 599 Redibat
1903 564 2034 609 Rigam
2057 565 2101 599 ab

474 627 580 672 regiis
610 627 827 674 Sigismundi
861 627 986 662 castris
1006 628 1048 661 P.
1068 627 1269 662 Fridericus
1285 628 1503 668 Bamtchius,
1530 628 1565 661 in
1592 627 1703 661 multa
1732 626 1791 661 ille
1822 631 1895 661 tum
1926 627 2102 662 horrenda

475 689 620 724 incurrit
638 689 838 736 spectacula
857 702 863 723 t
886 689 1001 734 quale,
1024 694 1153 735 praeter
1167 689 1251 729 alia,
1275 694 1363 729 erat,
1390 702 1467 724 cum
1493 689 1527 723 in
1556 700 1642 735 agro
1670 688 1891 723 morticinum
1904 689 2101 735 jumentum

474 756 602 786 stratus
620 751 780 792 vernula,
807 751 986 796 esurigine
1005 750 1119 786 ferina
1137 751 1241 797 plane
1260 763 1301 786 ac
1316 752 1425 792 rabie,
1444 752 1618 797 unguibus
1651 751 1882 796 dentibusque
1914 751 2098 791 laceraret,

474 818 663 860 apertaque
679 814 814 848 viscera
832 813 1005 859 ligurii-et.
1030 815 1069 848 In
1085 814 1186 859 pagis
1201 818 1235 848 et
1253 815 1456 849 diversoriis
1471 814 1615 849 horrida
1630 814 1809 849 visebatur
1824 813 1975 849 solitudo
1994 826 2000 848 :
2018 818 2101 849 ante

472 876 565 911 fores
585 887 677 917 ossa,
700 876 832 916 crania,
854 875 964 914 tibiae,
986 879 1097 916 artus,
1114 876 1281 921 jacebant
1299 877 1443 922 passim,
1465 876 1687 911 ambesorum
1715 887 1901 922 corporum
1931 876 2101 910 humano-

472 950 549 973 rum
567 938 724 984 reliquiae
743 950 748 972 :
771 938 805 971 in
822 937 979 972 aediculis
997 937 1054 971 hic
1064 949 1186 972 recens
1206 943 1407 973 enectorum
1426 938 1611 978 cadavera,
1632 938 1703 973 11110
1722 939 1940 973 concisorum
1955 950 2101 985 puerum

470 1000 664 1047 pendentes
684 1011 727 1035 ex
744 1000 843 1034 furca
862 1011 969 1046 supra
987 1000 1173 1034 fumarium
1192 1012 1324 1046 pernae.
1347 1001 1532 1036 Terribilis
1560 1011 1822 1046 quaquaversus
1853 1000 2100 1046 luctuosusque

472 1062 697 1097 mortalitatis
718 1066 912 1108 respectus.
948 1062 1096 1107 Strages
1122 1063 1303 1097 hominum
1335 1063 1485 1109 ingens:
1518 1063 1563 1097 ad
1592 1067 1730 1098 centum
1759 1063 1909 1108 amplius
1938 1062 2047 1098 millia
2066 1063 2100 1097 in

471 1125 635 1159 universa
654 1124 818 1158 Livonia.
840 1124 947 1170 Rigae
966 1124 1113 1169 triginta
1132 1124 1242 1158 millia
1261 1136 1303 1160 ea
1329 1125 1529 1171 pestilentia
1557 1125 1719 1159 dicuntur
1746 1125 1946 1171 absumpta.
1968 1125 2101 1160 Redire

471 1186 579 1232 igitur
594 1186 839 1232 Sigismundus
858 1187 894 1220 in
914 1186 1097 1220 Poloniain
1118 1191 1271 1228 coactus,
1289 1188 1425 1233 imperii
1440 1199 1575 1222 summa
1589 1187 1609 1222 J
1614 1187 1721 1222 oanni
1740 1187 1948 1233 Zamoyskio
1965 1186 2099 1222 cancel-

471 1248 559 1283 lario
575 1248 677 1294 regni
692 1252 726 1282 et
736 1248 815 1282 duci
830 1248 1045 1283 exercituum
1062 1247 1219 1283 Poloniae
1237 1250 1379 1284 tradita.
1404 1249 1524 1284 Nihilo
1540 1249 1663 1285 melior
1677 1249 1804 1283 civium
1823 1249 1857 1282 in
1886 1249 2050 1284 Lituania
2068 1254 2102 1284 et

472 1310 618 1352 Russia,
640 1321 744 1356 quam
759 1310 794 1344 111
811 1310 962 1344 Livonia
978 1310 1146 1344 conditio.

522 1372 677 1408 Polociae
696 1372 818 1407 eodem
833 1376 1002 1418 tempore,
1026 1373 1060 1406 in
1080 1373 1155 1417 ipso
1176 1372 1315 1417 oppido,
1337 1372 1393 1406 vel
1410 1371 1500 1406 fame
1519 1372 1575 1407 vel
1593 1373 1792 1418 pestilentia
1818 1373 1928 1408 millia
1954 1374 2098 1420 quinde-

473 1435 539 1469 cim
558 1445 740 1480 oppressa.
764 1434 814 1469 De
831 1434 987 1479 Collegio
1015 1434 1225 1468 novitiorum
1252 1434 1394 1468 extincti
1427 1438 1584 1480 septem:
1619 1435 1687 1469 duo
1715 1440 1749 1470 et
1767 1435 1892 1481 viginti
1920 1437 2099 1482 pestilenti

473 1500 593 1534 morbo
620 1498 834 1533 conflictati:
869 1509 938 1532 non
962 1497 1088 1533 tentati
1107 1498 1259 1543 quinque
1287 1509 1330 1531 ex
1359 1497 1522 1532 universa
1541 1497 1674 1532 familia
1692 1499 1868 1533 restitere.
1895 1499 2099 1537 Quindecim

475 1561 716 1596 sacerdotibus
736 1561 856 1595 datum
877 1560 1080 1606 negotium3
1110 1560 1168 1605 qui
1198 1560 1234 1594 111
1262 1559 1361 1599 urbe,
1384 1559 1510 1605 quique
1538 1559 1573 1593 111
1601 1560 1702 1606 pagis
1730 1564 1976 1595 succurrerent
1997 1561 2100 1595 mori-

470 1623 617 1663 bundis.
647 1624 900 1658 Trecentorum
931 1622 1112 1656 hominum
1139 1621 1348 1656 miserabilis
1374 1621 1490 1661 turba,
1525 1622 1569 1655 ad
1596 1626 1730 1667 portam
1760 1622 1883 1656 domus
1915 1634 1936 1657 a
1971 1623 2100 1658 nostris

477 1686 632 1733 quotidie
651 1686 686 1720 id
701 1684 868 1731 temporis
889 1685 1109 1730 pascebatur.
1133 1684 1216 1718 Pari
1231 1684 1404 1718 charitate
1421 1684 1587 1718 servitum
1615 1684 1731 1719 Vilnae
1751 1688 1785 1719 et
1802 1685 1926 1720 animis
1952 1697 2100 1731 pereun-

475 1749 561 1783 tium
580 1754 614 1783 et
632 1747 850 1794 corporibus.
873 1747 1110 1793 Receptaculo
1130 1747 1338 1781 miserorum
1357 1747 1662 1793 ptochotrophium
1694 1747 1738 1781 ab
1770 1747 1927 1782 antistite
1959 1748 2100 1783 Vilnen-

476 1812 565 1846 sium
584 1810 777 1846 Benedicto
793 1809 936 1856 Woyna
955 1809 1131 1843 conditum
1146 1809 1210 1843 sub
1227 1809 1366 1843 nomine
1385 1808 1454 1842 divi
1481 1809 1616 1849 Lazari,
1652 1809 1889 1856 sodalitasque
1925 1811 2097 1852 instituta,

477 1879 510 1909 et
532 1885 626 1908 curae
647 1873 828 1908 Sociorum
848 1871 1102 1906 commendata.
1127 1871 1384 1916 Quadringenti
1408 1871 1443 1904 in
1461 1882 1501 1905 eo
1521 1872 1719 1906 nosocomio
1748 1872 1960 1907 curabantur
1979 1885 1984 1907 :
2019 1873 2099 1907 deni

475 1937 511 1970 in
526 1936 599 1971 dies
619 1934 791 1980 singulos,
823 1943 856 1968 et
876 1934 1050 1968 interdum
1074 1933 1191 1979 plures
1223 1933 1376 1967 indidem
1405 1934 1681 1978 exportabantur
1708 1935 1752 1968 ad
1772 1935 1935 1969 tumulos.
1958 1935 2100 1980 Aliquot

473 2010 516 2033 ex
532 1998 653 2033 eodem
672 1997 830 2043 Collegio
850 1997 987 2038 Patres,
1008 1996 1052 2030 ad
1069 2000 1185 2030 castra
1212 1995 1372 2041 polonica
1407 1995 1533 2035 vocati,
1556 1995 1647 2030 inter
1667 1996 1790 2031 funera
1820 1997 1953 2042 pariter
1981 2008 2098 2032 versa-

472 2060 613 2095 bantur.
645 2059 839 2094 interfuere
870 2058 1008 2092 cuidam
1035 2058 1141 2092 etiam
1169 2057 1368 2097 conflictui;
1398 2057 1434 2090 in
1462 2069 1529 2102 quo
1559 2058 1603 2091 ad
1634 2058 1701 2092 tria
1737 2058 1889 2092 hostium
1908 2059 2099 2094 Suecorum

472 2122 581 2157 millia
610 2133 632 2156 a
661 2121 879 2156 nostratibus
911 2131 1017 2154 caesa.
1050 2120 1117 2154 Hic
1147 2119 1197 2153 illi
1228 2119 1453 2154 moribundos
1494 2119 1584 2154 inter
1625 2120 1799 2156 cadavera
1838 2125 2099 2167 peremptorum

471 2185 672 2230 requirere:
696 2183 739 2218 de
760 2182 911 2217 tumultu
930 2182 966 2216 in
984 2182 1061 2216 loca
1080 2193 1202 2221 vacua,
1224 2192 1310 2227 quos
1328 2181 1462 2221 liceret,
1486 2182 1693 2217 subtrahere
1712 2194 1717 2216 :
1741 2182 1901 2217 omnibus
1921 2183 2098 2217 charitatis

471 2246 592 2281 officiis
608 2245 787 2291 adjuvare.
808 2245 860 2278 Ea
887 2244 922 2278 in
946 2244 1034 2284 acie,
1056 2243 1186 2284 nescio,
1217 2255 1261 2277 an
1280 2243 1377 2282 alibi,
1400 2242 1504 2277 alicui
1531 2255 1650 2278 eorum
1670 2244 1808 2278 oblatus
1837 2245 1993 2279 centurio
2012 2257 2019 2286 ;
2042 2245 2099 2291 qui

471 2320 582 2343 annos
606 2307 732 2353 viginti
764 2306 922 2352 exegerit
944 2306 979 2340 in
1011 2306 1148 2340 haeresi.
1186 2305 1265 2345 Hic,
1298 2305 1373 2350 jam
1408 2306 1480 2351 jam
1529 2310 1667 2340 acturus
1704 2307 1870 2343 animam.
1912 2311 2098 2352 conspectu

469 2369 657 2405 sacerdotis
688 2373 880 2408 recreatus,
900 2368 1011 2402 eidem
1025 2371 1147 2402 narrat
1165 2380 1170 2401 :
1197 2382 1212 2395 a
1234 2367 1358 2401 adesse
1377 2367 1455 2408 sibi,
1474 2379 1559 2413 quos
1578 2368 1651 2413 ipse
1679 2372 1850 2407 cerneret,
1885 2379 1962 2402 cum
1990 2368 2097 2402 Patre

473 2447 488 2461 ει
519 2432 677 2466 divinum
698 2442 716 2465 e
736 2430 824 2465 coelo
844 2431 986 2475 genium
1005 2438 1038 2464 et
1053 2429 1221 2475 quosdam
1253 2429 1457 2463 nominatim
1486 2429 1632 2464 beatos:
1662 2430 1830 2464 admirari
1862 2441 1898 2465 se
1918 2434 1953 2465 et
1984 2430 2097 2475 splen-

475 2511 490 2525 κ
517 2495 636 2529 dorem
669 2498 703 2528 et
739 2492 1035 2540 pulchritudinem
1057 2496 1091 2527 et
1117 2491 1368 2537 benignitatem
1391 2491 1594 2537 hospituni;
1628 2492 1686 2536 qui
1717 2503 1755 2527 se
1783 2498 1817 2527 et
1837 2492 2036 2527 solarentur
2062 2497 2096 2527 et
