2184 2953
628 296 734 325 LIBER
759 294 934 324 SEPTIMUS
958 294 1169 329 (1620-1630).
1691 283 1751 314 283

139 389 266 424 strictis
280 388 449 429 faucibus,
466 389 612 423 horrore
630 388 802 435 perfusus,
819 384 1020 431 interceptis
1039 388 1145 425 mem,
1169 395 1247 430 quae
1265 382 1309 417 ad
1328 381 1529 416 concionem
1557 376 1745 415 attulisset,

138 453 241 488 toties
268 453 419 487 haereret
444 452 481 486 in
498 452 582 498 ipsis
611 451 725 486 statim
756 450 933 497 principiis
961 447 1097 483 dicendi
1133 451 1167 482 et
1191 446 1458 483 obmutesceret,
1493 442 1626 489 quoties
1657 437 1751 484 loqui

139 517 333 548 conaretur.
365 513 529 559 Supellex
560 513 681 559 templi
710 513 833 559 partim
861 510 1022 550 contrita,
1049 509 1176 555 partim
1203 519 1280 542 cum
1303 506 1525 545 bibliotheca,
1554 507 1587 538 et
1618 511 1750 547 organo

138 576 283 616 musico,
301 575 392 620 quod
408 579 483 610 erat
498 575 673 621 praecipuo
693 578 926 609 constructum
941 572 1102 611 artificio,
1119 571 1155 605 in
1174 568 1335 604 Sueciam
1350 570 1540 613 asportata.

189 638 496 673 Latrocinantibus
516 638 551 672 in
570 638 714 672 Varmia
731 637 889 672 hostibus
908 635 1093 675 haereticis,
1113 632 1315 679 prodigiosa
1337 641 1393 665 res
1413 628 1550 663 accidit.
1574 622 1754 660 Conscele-

139 699 334 734 ratissimus
354 711 473 734 corum
500 699 636 745 aliquis,
660 699 751 733 inter
781 698 1030 733 commilitones
1057 694 1245 742 improbos,
1268 691 1408 727 Coelites
1426 699 1589 724 execrans
1619 696 1751 725 omneS‚

139 765 240 807 atque
272 761 384 807 ipsum
412 761 515 795 etiam
548 760 780 801 Salvatorem,
803 772 904 806 quem
935 759 1088 793 colerent
1118 754 1292 794 catholici,
1321 752 1443 787 incidit
1472 751 1507 784 in
1535 747 1717 796 pendentis
1736 757 1754 780 e

139 834 240 857 cruce
255 823 385 857 Christi
400 822 632 862 simulacrum,
656 826 808 856 erectum
828 832 927 856 secus
947 821 1051 860 viam,
1073 830 1141 864 qua
1159 817 1316 863 proxime
1335 815 1461 850 subeas
1476 811 1604 847 moenia
1622 810 1754 844 Bruns-

140 884 269 929 berg-ae.
304 884 494 918 Provectus
513 883 547 917 in
566 882 763 923 maledicta,
786 882 935 928 effigiem
954 881 1105 916 divinam
1126 891 1144 914 e
1171 878 1289 913 fistula
1319 877 1433 912 ferrea
1466 875 1585 909 furens
1611 871 1750 917 trajicit.

141 947 286 982 Ostento
306 947 392 980 miro
412 946 549 991 injuriae
568 957 641 979 suae
657 945 780 989 impios
799 945 978 979 admonuit
997 944 1102 978 Deus.
1125 941 1253 976 Tribus
1268 940 1374 974 ictum
1393 937 1595 983 glandibus,
1612 933 1755 969 totidem

138 1011 275 1056 aperuit
301 1010 459 1049 vulnera,
477 1009 644 1054 largoque
677 1008 830 1042 manavit
854 1007 1025 1051 sanguine
1053 1003 1274 1038 simulacrum
1295 1001 1340 1047 (1).
1363 1000 1620 1034 Cohorrescunt
1647 995 1691 1030 ad
1718 994 1753 1028 id

139 1082 256 1105 omnes
270 1075 373 1116 atque
387 1070 442 1104 hic
461 1070 565 1104 etiam
584 1069 709 1103 scelus.
734 1068 946 1113 Pervulgato
963 1065 1143 1104 miraculo⁷
1166 1066 1377 1099 concurrunt
1399 1062 1443 1096 ad
1467 1060 1617 1106 signum,
1640 1057 1754 1092 adhuc

138 1132 368 1179 sanguinans,
391 1144 467 1166 cum
485 1131 659 1166 haereticis
680 1129 842 1164 catholici
865 1143 871 1164 z
894 1129 1053 1174 explorat
1083 1127 1262 1162 veritatem
1281 1124 1432 1171 prodigii
1460 1123 1565 1158 etiam
1586 1121 1655 1155 dux
1679 1120 1757 1153 hos-

137 1195 222 1230 tium
245 1207 251 1229 :
273 1198 368 1229 certa
386 1194 461 1229 visa
481 1198 562 1229 sunt
588 1193 747 1228 omnibus
763 1192 887 1227 offensi
906 1193 1008 1237 signa
1026 1190 1191 1225 numinis.
1222 1189 1376 1223 Rumore
1408 1184 1565 1219 miraculi
1598 1185 1751 1228 accepto,

138 1256 257 1302 regius
283 1256 457 1302 princeps,
487 1255 691 1290 Vladislaus
707 1255 935 1299 Brunsberga
965 1253 1058 1287 haud
1082 1251 1200 1297 longe,
1230 1261 1270 1284 ex
1303 1248 1428 1295 oppido
1455 1246 1637 1292 Regitten,
1666 1243 1757 1278 unde

139 1319 290 1354 hostium
311 1318 519 1353 observabat
537 1318 676 1358 itinera,
699 1318 875 1352 cohortem
898 1314 1036 1361 expedit
1051 1313 1227 1353 continuo,
1250 1322 1327 1357 quae
1351 1321 1426 1345 rem
1440 1309 1583 1355 propius
1609 1318 1755 1353 cognos-

139 1383 244 1420 ceret,
260 1383 376 1425 atque,
394 1380 422 1413 si
442 1379 579 1425 quidem
595 1379 642 1413 ita
666 1383 769 1418 esset,
788 1377 830 1412 ad
849 1382 964 1411 castra
987 1387 1050 1410 sua
1066 1374 1207 1410 afferret
1226 1373 1461 1409 simulacrum.
1484 1373 1682 1407 Veneratus
1701 1370 1756 1416 pie

139 1442 175 1476 in
189 1453 253 1476 sua
268 1441 438 1476 offensum
458 1441 572 1487 effigie
600 1441 832 1480 Salvatorem,
854 1438 1062 1473 Varsaviam
1081 1437 1174 1472 misit
1200 1436 1438 1483 prodigiosum
1470 1435 1534 1469 hoc
1552 1434 1690 1480 signum
1713 1432 1758 1467 ad

138 1515 256 1549 regem
284 1504 558 1550 Sigismundum.
582 1504 776 1538 Ferebatur
802 1513 822 1536 a
842 1500 1007 1547 signifero
1037 1500 1202 1540 cohortis,
1235 1498 1355 1533 labaro
1384 1498 1547 1533 decenter
1565 1497 1752 1543 illigatum.

139 1566 332 1611 Exceptum
351 1566 475 1611 ubique
496 1566 625 1611 pietate
648 1564 897 1600 catholicorum
920 1574 1061 1608 magna,
1080 1561 1249 1596 Meelsaci
1273 1559 1447 1606 praecipue
1466 1560 1500 1593 in
1521 1559 1646 1605 oppido
1666 1558 1754 1592 Var—

138 1627 273 1667 miensi,
291 1627 440 1673 denique
455 1628 650 1667 Varsaviae,
669 1628 725 1661 ubi
741 1627 776 1660 in
792 1627 889 1671 regio
905 1625 1062 1659 conclavi
1077 1625 1240 1671 religiose
1255 1626 1300 1660 ad
1316 1636 1480 1672 suprema
1496 1625 1516 1659 J
1521 1624 1645 1659 oannis
1658 1624 1753 1658 Casi-

141 1689 217 1723 miri
232 1689 325 1735 regis
347 1694 505 1735 tempora
523 1695 698 1724 servatum
720 1692 783 1724 est.
804 1687 1025 1722 Efferebatur
1043 1687 1216 1721 interdum
1235 1687 1279 1720 ad
1303 1687 1432 1721 cultum
1450 1686 1637 1732 publicum,
1657 1685 1753 1720 festis

140 1750 289 1785 maxime
320 1750 440 1785 diebus
467 1751 495 1785 T
499 1751 719 1797 heophoriae;
741 1749 864 1794 quibus
889 1747 1141 1782 Varsavienses
1173 1748 1217 1782 ad
1246 1759 1326 1782 aras
1346 1752 1494 1794 quatuor
1513 1747 1755 1793 supplicabant

140 1812 291 1847 vicatim.
309 1812 411 1846 Anno
427 1812 552 1847 deinde
570 1812 662 1847 1668
685 1812 705 1846 J
710 1822 852 1849 oanneS,
871 1809 968 1854 regio
984 1820 1020 1843 se
1042 1809 1208 1844 abdicans
1224 1809 1446 1855 magistratu,
1464 1809 1601 1854 signum
1617 1820 1753 1843 sacrum

142 1875 394 1921 Neporentam,
413 1886 509 1909 suam
524 1875 559 1908 in
577 1874 709 1914 villam,
727 1874 922 1913 transtulit;
946 1873 1030 1907 aedis
1049 1872 1096 1907 ibi
1116 1884 1134 1907 e
1149 1876 1246 1907 cocto
1261 1871 1377 1917 lapide
1391 1871 1634 1906 construendae
1648 1883 1755 1917 nego-

141 1935 190 1970 tio
206 1935 286 1969 dato
302 1935 556 1980 Kijoviensium
574 1935 817 1969 canonicorum
834 1934 1020 1980 praeposito
1036 1933 1210 1969 Stanislao
1229 1932 1476 1979 Vengierskio.
1500 1932 1628 1967 Decem
1643 1943 1754 1967 annos

140 1997 367 2032 Varmienses
403 1997 483 2032 belli
502 1997 633 2032 Suetici
651 2000 856 2042 tempestate
878 1997 1022 2041 jactam
1059 1996 1124 2030 hac
1155 1996 1302 2041 denique
1334 1998 1558 2034 commutata,
1589 1994 1682 2029 Socii
1708 1995 1752 2029 ad

142 2072 258 2095 rerum
275 2072 415 2094 suarum
431 2060 532 2094 busta
546 2061 693 2095 rediere.
712 2060 868 2094 Primum
888 2059 949 2100 illi,
972 2057 1262 2105 quemadmodum
1281 2058 1407 2097 decuit,
1425 2069 1540 2092 rerum
1559 2056 1755 2091 divinarum

143 2122 225 2167 angi
240 2133 320 2156 cura
338 2134 344 2156 2
363 2121 527 2167 colligere
543 2122 730 2168 dissipatas
744 2121 863 2167 templi
879 2121 1045 2166 reliquias
1064 2133 1070 2154 2
1088 2120 1159 2154 aris
1176 2119 1247 2154 suis
1266 2119 1449 2153 restituere
1469 2130 1609 2164 sparsas
1623 2119 1752 2165 passim

143 2183 300 2218 divorum
326 2183 496 2228 imagines
519 2196 525 2217 :
556 2183 676 2218 usibus
708 2183 815 2217 sacris
839 2194 1026 2228 corrogare
1059 2180 1309 2227 supellectilem
1340 2192 1346 2214 :
1373 2184 1543 2226 tropaeum
1574 2181 1752 2227 religionis

144 2256 216 2278 suae
232 2244 485 2290 prodigiosum,
508 2256 645 2279 crucem
665 2245 761 2278 illam
780 2244 947 2289 reliquam
974 2256 1050 2278 cum
1069 2243 1222 2288 imag-ine
1247 2253 1347 2276 sacra
1372 2241 1453 2276 olim
1471 2242 1689 2288 profanatam
1708 2243 1752 2277 ab

142 2305 269 2351 impiis,
291 2306 394 2340 hodie
413 2306 612 2352 religiosius
626 2306 692 2341 coli
707 2310 856 2352 coeptam
875 2318 895 2340 a
910 2306 986 2351 piis,
1009 2303 1138 2339 sacello
1153 2303 1388 2344 circumdare;
1411 2304 1446 2337 in
1464 2315 1583 2338 omnes
1599 2316 1636 2339 se
1651 2316 1750 2339 cura-

143 2377 220 2400 rum
238 2372 355 2412 partes
376 2371 538 2402 versante
567 2368 607 2402 P.
630 2368 767 2403 Joanne
797 2367 964 2407 Berendt,
993 2366 1131 2400 afflictio.
1166 2366 1288 2400 domus
1320 2365 1482 2411 praeside.
1513 2365 1666 2401 Restitui
1691 2378 1752 2401 rex

138 2427 245 2472 jussit
264 2439 362 2462 suum
382 2429 729 2474 Brunsbergensibus
749 2429 888 2475 pignus,
912 2429 1124 2473 Neporentae
1144 2427 1352 2472 depositum,
1376 2427 1556 2462 orantibus
1585 2427 1617 2461 id
1647 2428 1757 2463 Sociis

185 2494 228 2534 (1)
246 2497 306 2525 Vid.
325 2498 476 2526 Historiam
491 2498 608 2526 Prnssiae
624 2497 740 2525 Joannis
758 2498 859 2525 Leonis
873 2505 937 2534 pag.
957 2497 1024 2524 502.

1777 386 1840 412 1626

1778 432 1915 466 Templum

1779 472 1908 505 profanari

1780 513 1851 537 vetat

1778 551 1856 576 Deus.

1782 817 1893 844 Simula-

1779 863 1852 881 crum

1783 894 1882 920 Christi

1783 933 1910 966 prodigio-

1782 983 1838 1001 sum
1851 986 1857 1005 ;

1782 1014 1913 1041 haeretico-

1783 1064 1839 1081 rum
1878 1056 1926 1082 im-

1783 1095 1867 1128 pietas
1877 1103 1927 1121 cor-

1785 1136 1858 1166 repta
1886 1143 1928 1161 os-

1783 1175 1863 1200 tento.

1788 1995 1896 2021 Varmiae

1785 2036 1852 2062 Socii
1863 2036 1897 2062 ad

1785 2083 1832 2102 sua
1843 2075 1912 2102 rede-

1784 2115 1839 2141 unt.
