2184 2953
274 392 336 420 1605

268 2266 336 2293 Socii
352 2266 379 2293 in

269 2307 374 2333 vincula

267 2345 331 2373 dati.

445 292 506 324 208
838 295 1112 327 LITUANICARUM
1136 295 1347 325 SOCIETATIS
1369 296 1455 326 JESU
1482 296 1733 325 HISTORIARUM

447 398 547 433 ritur.
567 398 658 432 Hinc
672 398 776 445 hujus
790 399 915 446 reliqui
926 412 1064 436 errores
1077 401 1218 436 fabulae.
1237 401 1545 448 Opportunitatem
1558 400 1736 436 tentandis
1751 402 2072 448 persequendisque

445 460 600 495 consiliis
620 460 693 495 suis
708 466 829 496 nactus
845 462 1007 498 idoneam
1026 467 1235 509 personatus
1254 463 1314 499 1116
1334 463 1534 498 Demetrius
1554 463 1729 510 Hryszka,
1756 463 1876 498 multis
1903 463 2070 505 Polonos,

446 523 505 569 qui
527 534 565 558 se
591 523 768 559 vindicent
799 525 948 565 exulem,
983 530 1018 560 et
1048 526 1085 560 in
1114 530 1299 572 paternum
1326 530 1500 572 reponant
1513 525 1652 565 solium,
1674 526 1855 571 promissis
1877 525 2068 561 sollicitat:

444 586 596 621 maxime
621 586 763 622 obtentu
785 588 966 633 religionis
994 588 1176 623 catholicae
1202 589 1238 623 in
1263 588 1431 623 Russiam
1453 587 1719 622 Moscoviticam
1747 588 1968 623 revocandae.
1994 589 2071 628 Quo

444 648 610 694 majorem
629 648 734 684 faeiat
748 650 928 695 promissis
946 649 1064 691 fidem,
1087 651 1253 685 Patribus
1275 662 1293 685 e
1313 650 1488 685 Societate
1507 649 1737 685 erudiendum
1757 661 1794 684 se
1809 650 1913 685 tradit
1932 663 1938 685 z
1957 650 2072 697 ejurat

444 711 596 746 schisma
611 711 875 757 graecanicum:
900 723 940 746 eo
964 713 1114 758 denique
1129 716 1305 748 nostrates
1324 713 1493 759 quosdam
1523 723 1687 758 proceres
1714 711 1890 758 perpellit,
1922 717 1959 746 ut
1990 724 2071 747 con-

443 772 532 807 fecto
581 772 652 808 suis
692 773 857 819 impensis
900 775 1069 816 exercitu,
1113 775 1331 810 Demetrium
1366 775 1457 809 hunc
1514 774 1550 808 in
1601 785 1713 814 suum,
1778 774 2071 819 quemadmodum

444 835 706 877 existimabant,
727 836 852 870 solium
880 841 963 871 eant
983 837 1195 872 restitutum.
1226 837 1400 883 Trajectae
1431 836 1497 871 hoc
1523 847 1616 870 anno
1648 839 1809 877 exeunte,
1841 837 1951 883 copiae
1978 836 2072 882 apud

444 898 622 944 Kijoviam
642 898 868 934 Boristhene.

493 961 706 1001 Demetrius,
736 961 912 1007 plerisque
930 960 1156 995 Moschorum
1181 960 1216 994 in
1247 960 1301 995 sui
1330 971 1515 995 assensum
1559 959 1695 994 consilii
1739 959 1920 1000 traductis,
1957 959 2074 994 vicina

444 1022 572 1069 oppida
604 1022 782 1057 Putivium
815 1023 850 1056 in
873 1022 994 1069 primis
1021 1027 1055 1057 et
1079 1022 1257 1057 Bielscum
1288 1026 1447 1068 occupat.
1487 1022 1673 1068 Inopinato
1692 1022 1864 1056 excitatus
1895 1033 2073 1056 armorum

444 1085 591 1130 strepitu
610 1085 789 1124 Borissus,
804 1085 1021 1122 ,contrahere
1044 1088 1079 1118 et
1096 1084 1170 1130 ipse
1191 1096 1274 1119 suas
1292 1084 1441 1130 impigre
1459 1084 1596 1130 copias:
1615 1084 1714 1129 queri
1732 1095 1794 1129 per
1822 1083 1960 1129 legatos
1982 1083 2075 1129 apud

443 1158 564 1193 regem
588 1147 747 1182 Poloniae
772 1146 814 1182 cle
844 1147 1108 1193 importunitate
1137 1146 1241 1187 belli;
1272 1146 1496 1192 expostulare
1512 1146 1554 1181 (16
1570 1146 1714 1186 foedere,
1734 1146 1825 1192 quod
1841 1145 1968 1180 factum
1983 1149 2076 1180 esset

443 1220 560 1244 secum
607 1209 643 1243 in
687 1220 798 1243 annos
841 1209 979 1255 viginti,
1018 1209 1162 1244 violato.
1202 1209 1388 1255 Comperto
1425 1208 1588 1254 denique,
1623 1220 1695 1242 rem
1741 1207 1924 1242 fraudibus
1967 1207 2076 1253 ipsius

441 1272 605 1317 Gregorii
624 1275 658 1307 et
673 1272 905 1318 perduellium
920 1272 1140 1318 quorundam
1159 1283 1343 1318 procerum
1364 1283 1505 1306 suorum
1521 1271 1592 1317 agi,
1620 1271 1786 1317 expedire
1813 1282 1923 1311 arma,
1954 1270 2074 1304 hostes

442 1334 616 1380 persequi.
640 1334 685 1368 Et
699 1345 783 1368 vero
802 1334 969 1369 Borissus
996 1334 1091 1369 nullo
1118 1334 1261 1380 negotio
1293 1333 1440 1368 hostiles
1473 1333 1605 1379 copias,
1640 1333 1793 1379 quinque
1826 1344 1895 1367 non
1927 1332 2073 1378 amplius

441 1396 564 1437 millia,
586 1408 777 1442 eorumque
796 1397 1107 1437 mercenariorum,
1126 1396 1376 1442 oppressisset;
1399 1396 1468 1430 nisi
1489 1406 1551 1430 sua
1578 1394 1724 1430 consilia
1752 1407 1845 1429 mors
1874 1395 2070 1440 repentina,

442 1457 522 1492 dum
559 1463 593 1493 et
624 1470 706 1493 suos
737 1467 864 1500 armat,
899 1463 933 1494 et
959 1459 1098 1505 legatos
1125 1470 1146 1493 a
1185 1458 1399 1505 principibus
1445 1462 1616 1503 exceptat,
1662 1457 1777 1491 idibus
1818 1457 1902 1503 ipsis
1936 1456 2071 1502 aprilis,

441 1524 662 1566 occupasset.
685 1520 771 1554 Inde
791 1520 915 1566 reliqui
934 1532 1098 1567 proceres
1125 1520 1169 1554 ad
1189 1520 1402 1565 Gregorium
1433 1519 1601 1554 inclinare
1620 1532 1627 1559 ;
1662 1519 1776 1553 aleam
1806 1518 1954 1552 maxime
1973 1517 2069 1558 belli,

442 1583 535 1629 apud
554 1583 739 1617 Moscuam
760 1583 880 1617 urbem
897 1583 969 1617 suis
995 1583 1125 1629 jactam
1159 1594 1229 1616 non
1262 1593 1442 1628 prospere,
1477 1582 1596 1616 secuti.
1637 1581 1752 1627 Hujus
1784 1592 1857 1615 suae
1886 1580 2074 1626 impatiens

442 1644 592 1680 fortunae
619 1645 757 1679 Borissi
790 1645 893 1680 vidua
921 1645 1029 1679 filiam
1065 1644 1244 1690 filiumque
1281 1656 1381 1678 suum
1410 1655 1533 1682 ,secum
1581 1643 1711 1689 pariter
1748 1653 1883 1677 veneno
1916 1641 2070 1676 sustulit.

443 1708 577 1743 Rerum
591 1707 709 1753 itaque
728 1708 858 1754 potitus
873 1708 1056 1753 regnique,
1075 1707 1272 1742 Demetrius
1291 1707 1490 1752 insignibus
1506 1706 1640 1752 imperii
1655 1705 1726 1739 XII
1746 1704 1917 1739 kalendas
1932 1703 2074 1738 sextiles

442 1774 598 1805 ornatur.
618 1769 738 1805 Altero
754 1774 833 1816 post
852 1769 908 1804 die
940 1769 1081 1804 viduam
1110 1769 1130 1803 J
1137 1769 1261 1803 oannis
1289 1768 1469 1809 Basilidis,
1500 1780 1521 1803 a
1548 1766 1736 1802 Theodoro
1764 1767 1799 1800 in
1820 1766 2071 1801 monasterium

441 1839 655 1876 contrusam,
677 1834 884 1880 proceribus
899 1834 1085 1869 comitatus
1105 1833 1188 1867 visit
1207 1845 1212 1867 ;
1235 1844 1310 1867 eam
1325 1843 1387 1878 pro
1407 1835 1552 1877 parente
1569 1829 1712 1870 salutat,
1729 1828 1839 1863 filium
1868 1828 1924 1862 hic
1954 1840 2068 1868 suum,

442 1896 631 1931 admiranti
645 1896 809 1943 primum,
831 1900 902 1931 tum
923 1896 1022 1942 signa
1042 1896 1117 1942 ejus
1150 1895 1214 1935 rei,
1249 1907 1326 1940 quae
1358 1894 1501 1929 afferret
1532 1893 1605 1938 ipse
1639 1904 1720 1927 vero
1746 1903 1849 1938 quam
1878 1891 2068 1929 simillima,

442 1948 707 2004 recognoscenti
721 1958 888 1999 foeminae,
910 1958 1014 1993 homo
1034 1958 1079 1992 ad
1104 1957 1352 2004 imponendum
1378 1959 1623 2001 comparatus3
1650 1954 1773 1989 eadem
1800 1953 1936 1988 ratione
1957 1953 2069 1987 consi-

441 2019 525 2054 lium
545 2031 682 2066 quoque
706 2031 805 2054 suam
825 2020 1108 2055 existimantibus
1129 2031 1203 2054 rem
1222 2018 1366 2053 arbitris
1387 2017 1583 2051 confirmat.
1603 2016 1682 2050 Jam
1707 2015 1879 2061 regnabat
1911 2026 2068 2055 securus,

441 2082 611 2128 polonicis
647 2083 797 2118 maxime
841 2086 962 2129 septus
997 2082 1193 2129 praesidiis:
1222 2082 1298 2127 jam
1343 2079 1476 2114 civibus
1513 2079 1585 2113 suis
1621 2084 1655 2114 et
1691 2077 1842 2112 clemens
1888 2077 2071 2122 imperium

442 2144 696 2180 benevolentiae
716 2145 949 2191 argumentis,
972 2149 1005 2179 et
1020 2144 1113 2190 quod
1127 2155 1239 2190 nuper
1258 2142 1403 2178 Polonis
1422 2146 1617 2187 receperat,
1640 2140 1848 2186 religionem
1863 2139 2071 2173 catholicam

443 2208 734 2249 commendabat;
770 2209 845 2254 ejus
876 2207 1118 2254 propaganda}
1150 2206 1267 2252 gratia
1298 2205 1430 2250 aliquot
1472 2216 1490 2238 e
1535 2203 1721 2238 Lituanica
1761 2202 1948 2237 Societatis
1985 2202 2070 2236 Jesu

445 2269 625 2316 provincia
644 2271 803 2316 patribus
822 2271 1015 2305 accersitis.
1040 2270 1078 2304 Id
1098 2281 1180 2304 vero
1200 2279 1296 2314 aegre
1311 2266 1401 2301 ferre
1422 2271 1530 2301 sectae
1550 2270 1692 2301 tenaces
1723 2265 1902 2311 photianae
1920 2276 1926 2298 t
1958 2263 2069 2309 suspi-

446 2332 520 2366 cari
539 2331 697 2366 fraudem
718 2345 723 2367 :
743 2332 824 2377 quid
842 2332 994 2367 hominis
1014 2343 1097 2366 suus
1116 2331 1173 2365 hic
1192 2330 1353 2377 princeps
1374 2329 1573 2364 Demetrius
1597 2332 1631 2362 et
1645 2327 1738 2362 unde
1761 2327 1863 2367 foret,
1882 2325 2065 2371 indagare.

443 2394 546 2429 Anno
562 2394 711 2440 denique
730 2395 822 2431 1606
841 2398 1019 2440 comperta
1037 2393 1173 2434 fraude,
1200 2392 1286 2428 XVI
1305 2391 1479 2427 kalendas
1498 2390 1629 2436 junias,
1663 2389 1775 2435 prima
1794 2388 1862 2423 diei
1889 2388 1966 2423 luce
1993 2399 2069 2422 cum

444 2457 588 2492 Polonis
620 2457 855 2504 compluribus
886 2457 1091 2492 trucidatur.
1129 2455 1339 2492 Sacerdotes
1384 2454 1507 2493 nostri,
1550 2454 1584 2487 in
1621 2451 1760 2487 vincula
1791 2451 1953 2497 conjecti,
1990 2455 2091 2496 post,

444 2532 619 2555 {erumnas
646 2524 680 2555 et
706 2520 883 2555 cruciatus
915 2519 1042 2554 multos
1079 2530 1176 2563 aegre
1204 2519 1240 2552 in
1270 2517 1470 2551 libertatem
1503 2515 1683 2550 vindicati.
1714 2513 1944 2549 Moscoritica
1967 2516 2071 2558 gente
