2184 2953
810 327 1043 357 APPEchns.
1675 335 1737 368 453

174 425 287 462 Simili
305 425 513 467 constantia,
536 426 596 461 sed
622 425 733 472 magis
756 430 887 472 aperte,
926 426 1074 461 Sanctus
1105 425 1311 463 Ambrosius
1337 428 1489 466 Justinae
1521 432 1736 479 Imperatrici

125 485 313 520 arianismo
342 484 479 518 infectae
509 484 620 518 noluit
647 483 836 519 concedere
861 482 1168 528 basilicam‚quam
1195 483 1238 517 ab
1266 495 1306 518 eo
1337 496 1399 530 pro
1430 485 1640 524 Arianorum
1671 502 1736 525 usu

125 540 283 587 petebat:
315 543 348 574 et
378 551 453 574 cum
487 551 560 574 eam
596 539 767 574 violenter
798 538 985 573 Gratianus
1018 539 1211 584 Imperator
1247 539 1433 575 Ambrosio
1469 543 1573 578 etiam
1606 545 1737 580 nolenti

125 595 322 642 eripuisset,
355 598 472 629 tamen
501 594 642 628 Arianis
678 606 754 629 eam
784 605 852 628 non
884 593 1041 635 dederat,
1062 593 1225 628 nimirum
1251 598 1289 629 ut
1307 595 1491 632 Ambrosio
1522 599 1734 641 restitueret,

125 651 414 699 quemadmodum
466 650 585 684 scribit
617 650 788 684 Baronius
819 649 864 683 ad
898 661 1027 683 annum
1056 648 1183 684 Christi
1212 650 1296 691 380,
1330 656 1367 685 n⁰
1410 652 1445 686 7.
1477 653 1612 690 Deinde
1659 667 1736 690 cum

123 720 216 744 anno
254 707 380 742 Christi
408 707 479 741 386
507 706 653 740 eandem
687 709 852 751 negatam
878 709 1063 741 conaretur
1090 705 1224 751 eripere
1253 707 1301 749 (ut
1320 707 1439 742 scribit
1468 708 1673 746 Ambrosius
1691 712 1736 746 ab

124 762 337 800 Auxentium
367 762 515 808 epistola
549 762 608 802 32,
639 765 673 796 et
703 761 876 796 Baronius
903 761 949 795 ad
978 760 1075 795 illum
1105 760 1259 807 annum),
1288 761 1494 797 Ambrosius
1524 766 1651 811 populo
1681 779 1737 802 ca-

123 819 253 855 tholico
281 817 492 852 unanimiter
515 828 631 852 secum
649 816 887 851 consentiente
918 816 1089 857 obstabat;
1113 820 1146 851 et
1172 816 1311 862 quando
1331 829 1446 852 comes
1473 819 1629 855 militaris
1660 834 1736 857 cum

125 874 293 920 expeditis
304 873 442 908 volebat
461 873 654 907 Ecclesiam
669 872 815 918 eripere,
834 883 952 907 omnes
971 872 1133 907 catholici
1149 872 1348 906 obtulerunt
1363 884 1399 907 se
1413 873 1488 908 neci
1502 886 1565 920 pro
1581 876 1732 912 Christo.

125 930 283 966 Tandem
319 940 410 963 anno
437 928 564 963 Christi
586 928 670 968 338,
708 940 785 962 cum
811 927 985 967 catholici,
1013 932 1155 963 auctore
1179 929 1340 974 episcopo
1366 929 1528 974 quodam,
1537 931 1736 976 judaeorum

125 988 397 1033 synagogam,et
420 984 598 1018 monachis
622 984 847 1018 incitantibus
869 983 1197 1019 Valentinianorum
1219 984 1465 1019 haereticorum
1500 986 1679 1032 templum,
1701 988 1736 1022 in

127 1055 193 1090 quo
220 1042 367 1088 triginta
398 1041 445 1075 dii
484 1041 700 1080 colebantur,
723 1040 937 1075 exussissent
948 1040 984 1074 in
1003 1039 1128 1086 oppido
1144 1039 1315 1080 Callinici,
1337 1044 1371 1074 et
1389 1041 1608 1077 Theodosius
1628 1043 1737 1089 Impe-

125 1103 220 1135 rator
236 1098 346 1132 iratus
369 1096 546 1137 edixisset,
569 1100 606 1130 ut
624 1100 657 1130 et
687 1107 906 1142 synagogam
919 1095 1049 1141 judaeis
1070 1099 1104 1130 et
1129 1095 1248 1129 fanum
1274 1094 1532 1131 Valentinianis
1563 1097 1736 1133 instaura—

125 1159 216 1195 rent,
237 1153 441 1189 Ambrosius
460 1152 571 1187 literis
591 1152 822 1187 Orientalium
840 1151 1050 1192 admonitus,
1071 1154 1167 1185 tanta
1188 1150 1349 1185 libertate
1363 1151 1453 1197 apud
1488 1151 1738 1198 Imperatorem

126 1211 199 1257 egit
213 1221 274 1256 pro
289 1208 484 1244 revocando
507 1208 658 1249 decreto,
680 1211 718 1242 ut
732 1207 909 1253 scripserit
923 1207 955 1241 ei
978 1219 984 1241 ς
1011 1209 1089 1241 Erit
1116 1210 1208 1241 locus
1220 1207 1418 1248 judaeorum
1438 1210 1605 1250 perfidiae
1627 1211 1740 1251 saccus

125 1269 168 1301 de
182 1267 319 1300 exuviis
337 1267 497 1299 Ecclesiae
508 1267 523 1297 ?
537 1269 567 1298 et
581 1265 836 1306 patrimonz‘wn
847 1264 936 1305 quod
949 1265 1073 1305 favore
1091 1263 1217 1296 Christi
1230 1263 1437 1304 acquisitum
1457 1267 1506 1296 est
1524 1265 1737 1305 christianis,

126 1324 189 1356 lzoc
217 1324 454 1363 transferetur
472 1322 517 1354 ad
547 1321 696 1353 donaria
712 1321 932 1362 perfidorum
948 1322 962 1353 ‚2
978 1318 1111 1353 Deinde
1131 1317 1165 1351 in
1191 1328 1339 1363 persona
1357 1317 1433 1359 Dei,
1464 1330 1567 1364 quam
1586 1319 1743 1355 Valenti-

126 1377 223 1413 niani
249 1375 466 1411 contumeliis
511 1374 722 1414 afficiebant,
764 1374 812 1409 sic
838 1373 1009 1408 allocutus
1036 1376 1088 1408 est
1118 1373 1152 1407 in
1186 1373 1365 1414 concione,
1406 1374 1569 1409 audiente
1600 1376 1740 1422 populo,

129 1434 377 1479 Imperatorem
396 1444 402 1466 2
421 1434 492 1475 Eyo
508 1435 539 1464 te
558 1433 814 1473 Imperatorem
828 1431 908 1471 feci,
926 1441 985 1473 eqo
1010 1430 1070 1463 tibi
1083 1430 1277 1462 ewercz'tum
1295 1430 1431 1462 inimici
1450 1431 1500 1463 tui
1518 1432 1662 1471 tradidi,
1684 1443 1743 1475 090

127 1491 309 1523 inimicum
321 1493 417 1522 tuum
430 1489 465 1520 in
486 1492 582 1520 tuam
602 1488 719 1529 recleqz'
734 1490 948 1529 potestatem,
975 1497 1033 1529 390
1070 1489 1100 1518 te
1125 1485 1346 1526 triumphare
1365 1486 1440 1518 sine
1468 1486 1585 1519 labore
1608 1488 1691 1528 feci,
1713 1492 1744 1520 et

127 1547 164 1578 tu
182 1546 224 1577 de
249 1555 304 1577 me
329 1544 482 1576 inimicis
509 1544 595 1575 meis
620 1543 729 1575 donas
756 1543 979 1584 triumphos?
1010 1541 1064 1575 Ita
1082 1539 1252 1575 Paulinus
1271 1539 1307 1573 in
1342 1541 1417 1574 Vz'ta
1435 1540 1471 1575 S.
1500 1540 1688 1583 Ambrosii,
1712 1546 1755 1577 et*

127 1599 332 1634 Ambrosius
346 1598 445 1643 epist.
468 1598 528 1632 29.
547 1597 633 1635 Quae
648 1597 751 1642 plane
771 1596 887 1631 omnia
902 1596 1067 1642 applicari
1084 1599 1231 1642 possunt
1248 1595 1414 1641 praesenti
1432 1595 1644 1632 affectationi
1658 1610 1744 1633 non-

127 1655 315 1694 unitorum,
339 1653 518 1697 ecclesiam
537 1653 573 1687 S.
596 1653 735 1698 Sophiae
748 1653 845 1686 unito
870 1652 1130 1698 archiepiscopo
1149 1651 1283 1697 eripere
1301 1651 1504 1687 volentium.

178 1710 270 1744 Hinc
292 1709 460 1755 sequitur,
478 1720 542 1743 nec
561 1709 796 1754 episcopatum
816 1707 1082 1742 aneoriensem
1101 1718 1203 1753 posse
1218 1707 1325 1741 adimi
1344 1707 1511 1742 moderno
1532 1708 1692 1754 episcopo
1711 1714 1745 1745 et

127 1766 219 1801 tradi
232 1764 431 1804 non-unito,
450 1768 486 1798 ut
500 1764 723 1810 praetendunt
738 1763 923 1797 non-uniti.
942 1763 1033 1801 Quia
1051 1763 1159 1808 majus
1182 1762 1264 1797 inde
1284 1766 1489 1809 sequeretur
1506 1764 1745 1810 praejudicium

129 1821 308 1861 Ecclesiae,
330 1832 433 1866 quam
454 1832 496 1855 ex
521 1820 708 1854 traditione
743 1818 999 1853 Premisliensis
1031 1818 1265 1865 episcopatus,
1296 1830 1365 1853 non
1396 1819 1464 1853 nisi
1499 1823 1578 1865 post
1599 1825 1747 1856 mortem

128 1877 287 1913 moderni
306 1875 561 1911 Premisliensis
573 1875 725 1921 episcopi
751 1874 839 1909 uniti
853 1873 1127 1919 exequenda.Et
1140 1875 1307 1909 moderno
1332 1874 1556 1909 Luceoriensi
1586 1875 1746 1922 episcopo

128 1933 225 1968 unito
253 1932 364 1978 major
377 1932 504 1978 injuria
519 1932 632 1971 fieret,
655 1932 684 1966 si
703 1931 841 1978 quidem
859 1931 894 1965 id
922 1931 953 1965 ei
973 1930 1196 1972 adimeretur,
1217 1931 1308 1976 quod
1321 1930 1402 1977 jure
1418 1930 1521 1976 pleno
1537 1934 1570 1966 et
1588 1930 1746 1977 legitimo

129 1988 313 2035 acquisivit
328 1992 362 2023 et
380 1992 458 2022 actu
477 1987 642 2033 possidet.

179 2045 265 2079 Cum
300 2055 384 2089 ergo
415 2055 521 2089 supra
552 2043 588 2077 in
618 2044 794 2089 responsis
813 2044 858 2078 ad
877 2044 1066 2079 secundum
1093 2046 1278 2092 quaesitum
1293 2045 1521 2086 ostenderim,
1550 2057 1619 2080 non
1645 2058 1749 2092 posse

129 2101 220 2136 tradi
237 2100 433 2135 non-unitis
453 2099 689 2145 episcopatum
714 2100 997 2135 Premisliensem
1015 2101 1117 2135 etiam
1148 2102 1181 2148 (1)
1209 2105 1288 2148 post
1320 2105 1466 2136 mortem
1484 2101 1643 2136 moderni
1661 2102 1749 2136 uniti

131 2155 402 2196 Premislieusis‚
423 2155 530 2189 multo
556 2156 669 2190 minus
700 2160 814 2201 potest
848 2156 938 2190 tradi
968 2156 1214 2191 Luceoriensis
1249 2157 1392 2192 vivente
1425 2156 1541 2191 adhuc
1582 2161 1616 2192 et
1651 2169 1750 2192 suum

132 2212 368 2258 episcopatum
381 2211 581 2256 possidente
600 2211 765 2245 moderno
786 2210 968 2259 [antistite]
984 2212 1095 2246 unito.

181 2266 438 2302 Confirmantur
462 2267 537 2301 haec
565 2267 680 2301 omnia
712 2279 880 2313 responsa
906 2267 941 2301 in
972 2279 1113 2313 genere,
1148 2271 1185 2302 ut
1224 2268 1360 2314 opinor,
1392 2267 1620 2303 validissime.
1663 2269 1751 2307 Quia

133 2328 166 2359 et
184 2335 205 2358 a
224 2322 375 2357 Summis
394 2323 620 2357 Pontificibus
649 2327 716 2358 eta
744 2324 903 2369 Regibus
934 2323 1092 2358 Poloniae
1119 2323 1332 2369 Magnisque
1363 2324 1519 2359 Ducibus
1553 2325 1751 2360 Lithuaniae

133 2384 166 2415 et
180 2378 321 2414 Russiae
337 2378 418 2412 data
435 2383 468 2413 et
487 2378 691 2414 confirmata
710 2384 790 2414 sunt
806 2379 1010 2414 nominatim
1030 2379 1112 2414 solis
1132 2380 1294 2414 Romano
1324 2380 1490 2414 Pontifici
1509 2380 1752 2415 obedientibus

131 2436 306 2472 Ruthenis
341 2435 446 2470 unitis
487 2437 602 2471 omnia
628 2448 748 2472 eorum
766 2436 848 2482 jura
868 2440 900 2471 et
919 2436 1113 2482 privilegia.
1150 2436 1217 2474 Qui
1243 2446 1326 2481 ergo
1355 2447 1397 2471 ex
1427 2435 1497 2471 illis
1529 2436 1661 2482 aliquid
1691 2447 1753 2470 au-

176 2537 215 2574 (1)
232 2537 261 2565 In
277 2537 335 2566 MS.
350 2540 480 2574 primum.
