2184 2953
416 287 475 318 308
803 284 1073 314 LITUANICARUM
1098 285 1307 315 SOCIETATIS
1330 287 1417 317 JESU
1440 287 1691 317 HISTORIARUM

247 389 312 416 1633
419 378 597 413 contendit
615 377 810 412 itineribus.
834 377 984 412 Strenue
1010 377 1101 411 inter
1128 377 1204 412 haec
1230 389 1293 424 pro
1319 390 1382 413 sua
1400 383 1500 425 parte
1519 379 1648 425 agebat
1665 379 1700 412 in
1728 376 1944 412 Smolenscia
1963 377 2036 411 Ra-

420 440 571 474 divillus.
595 439 680 474 Plus
706 439 814 473 animi
832 438 939 472 multo
958 438 1152 483 viriumque
1184 439 1320 474 addidit
1339 445 1545 487 conspectus
1577 441 1617 475 ab
1641 440 1788 474 adverso
1808 439 2040 485 Borysthenis

419 503 536 538 littore
554 502 599 536 ad
617 506 768 536 montem
788 501 1002 535 Pokroviuni
1021 512 1095 535 rex.
1125 501 1212 535 Tum
1235 501 1305 535 dux
1330 504 1571 552 exercitusque
1600 502 1764 542 alacrior,
1783 502 1912 547 impetu
1940 500 2042 535 simul

420 564 454 598 in
475 564 611 598 hostem
625 564 730 603 facto,
753 563 877 597 sternit
901 566 1152 608 repugnantes,
1176 563 1323 609 dissipat
1351 565 1483 607 obvios,
1506 566 1667 610 viamque
1694 564 1771 609 regi
1797 575 1858 610 per
1886 566 2042 608 stragem

422 627 651 661 barbarorum
681 625 856 671 patefacit.
889 625 1065 659 Postridie
1093 625 1325 660 dimicationis
1355 627 1443 672 ejus,
1473 631 1661 673 conspectu
1688 627 1792 661 etiam
1820 637 1882 660 suo
1910 625 2043 659 solatus

250 676 397 744 maffia}
423 692 475 723 est
502 688 595 723 cives
622 687 836 722 Vladislaus.
868 686 1001 721 Gratiae
1036 687 1110 721 Deo
1137 691 1226 721 actae
1255 688 1289 721 in
1318 689 1460 734 templo,
1482 689 1595 723 Sociis
1614 688 1688 734 ejus
1708 687 1855 733 Collegii
1881 698 2040 732 praeeun-

252 759 317 784 riam
333 757 399 784 Socii
423 749 529 791 tibus,
547 749 678 795 insigni
697 753 770 783 tum
789 748 1055 794 oppidanorum,
1073 752 1146 782 tum
1161 750 1392 784 castrensium
1412 750 1553 796 pietate.
1572 750 1686 795 Regis
1705 749 1853 784 subinde
1871 749 1991 789 virtus,
2010 752 2044 782 et

253 805 397 863 Ξῗζῒῡίἓῖῃῐῃ
423 811 572 847 felicitas
591 811 731 851 civium,
755 810 894 856 publica
917 810 1077 845 oratione
1096 822 1157 856 per
1176 823 1282 845 unum
1298 824 1316 846 e
1333 812 1514 847 Sociorum
1533 811 1688 857 Collegio
1714 811 1901 846 celebrata.

279 921 284 926 .
317 878 348 903 14
475 874 546 908 Sub
564 878 700 919 tempus
719 873 807 918 regii
827 872 863 906 in
882 872 1078 906 Lituaniam
1093 873 1264 907 adventus
1284 873 1405 907 habita
1419 874 1534 908 Vilnae
1552 873 1776 919 provincialis
1792 872 2040 917 Congregatio.

254 920 400 946 Vssnaeeon-
426 936 581 976 Electus,
602 935 797 981 missusque
825 935 988 975 Romam,
1010 940 1216 980 procurator
1236 936 1277 970 P.
1305 936 1461 971 Joannes
1480 935 1804 975 Jamielkowskius,
1836 935 2046 969 Varsavien-

256 970 285 983 α’
302 961 383 991 satio.

254 970 402 1043 {ie-lamiel-
427 998 473 1032 sis
493 997 615 1032 domus
634 996 855 1043 praepositus.

255 1039 374 1104 {ffivtfflr
476 1059 704 1094 Nesvisiense
723 1058 918 1104 Collegium
936 1069 1055 1092 mense
1067 1058 1169 1103 junio
1189 1059 1269 1092 visit
1286 1070 1418 1104 praeses
1446 1058 1636 1105 provinciae
1661 1058 1829 1093 Nicolaus
1850 1057 2046 1092 Lancicius.

253 1126 383 1184 pgpcura-
427 1122 517 1156 Rem
538 1122 583 1155 ibi
604 1122 726 1156 domus
745 1120 914 1166 comperit
938 1125 1077 1154 auctam
1097 1120 1284 1166 insigniter
1306 1133 1312 1154 :
1336 1126 1464 1166 praeter
1482 1122 1552 1155 alia
1572 1121 1706 1155 duobus
1726 1121 1882 1167 praediis,
1903 1133 1921 1156 a
1940 1121 2048 1166 Sigis—

296 1180 301 1185 ’
320 1191 370 1235 1-5..
426 1184 554 1218 mundo
574 1182 751 1218 Radivillo
771 1181 805 1216 S.
829 1181 877 1215 R.
901 1182 929 1215 I.
961 1181 1131 1227 principe,
1154 1183 1326 1217 Lituaniae
1346 1183 1509 1223 incisore,
1532 1183 1671 1217 donatis
1690 1195 1696 1216 :
1719 1184 2049 1218 medicamentorum

253 1230 384 1296 {³3¹3ss
427 1246 610 1292 apotheca,
633 1244 901 1284 valetudinariQ
924 1248 957 1278 et
980 1244 1098 1286 horto,
1121 1246 1213 1280 intra
1240 1246 1402 1280 domicilii
1430 1251 1528 1292 septa
1551 1246 1743 1280 instructis.
1771 1246 1888 1280 Pinsci
1914 1257 2050 1292 quoque

255 1317 338 1355 rerunn
358 1309 400 1335 do-
427 1309 637 1354 patefactum
656 1307 778 1353 pietati
806 1306 931 1340 civium
951 1306 1116 1341 sacellum
1131 1308 1306 1353 januariis
1327 1309 1430 1355 hujus
1448 1309 1532 1342 anni
1546 1308 1708 1343 kalendis
1731 1321 1737 1342 ;
1760 1308 1914 1343 revocati
1933 1308 1976 1342 ad
1996 1320 2049 1342 ec-

255 1352 402 1417 ffiffissr'e
428 1371 571 1405 clesiam
590 1370 795 1404 catholicam
817 1368 1012 1414 complures
1028 1381 1045 1403 a
1061 1370 1247 1404 schismate
1262 1371 1458 1415 graecanico
1477 1382 1483 1404 z
1502 1370 1737 1415 quadraginta
1757 1369 1891 1404 nobiles
1901 1370 2050 1415 juvenes

255 1431 359 1495 Isneeliiilit'-
428 1433 462 1466 in
478 1432 633 1466 scholam
651 1443 669 1466 e
687 1431 790 1477 pagis
806 1430 956 1471 collecti;
978 1431 1204 1476 pronuntiare
1219 1431 1271 1464 illi
1285 1442 1303 1465 e
1318 1431 1456 1465 theatro
1471 1442 1491 1465 a
1507 1430 1675 1476 magistro
1707 1430 1800 1464 docti
1823 1431 2048 1476 exercitique‚

255 1516 311 1534 rum
325 1507 403 1533 initia
425 1494 559 1528 duobus
578 1493 722 1539 prolatis
742 1494 776 1527 in
792 1505 932 1528 scenam
948 1493 1117 1528 dramatis
1136 1505 1142 1527 2
1166 1493 1277 1526 altero
1298 1492 1341 1526 ad
1361 1492 1604 1538 cenotaphium
1624 1491 1818 1526 Salvatoris
1839 1492 1977 1526 Domini
1997 1492 2052 1527 die

255 1547 391 1611 {il-¹3³3&
428 1557 665 1590 Parasceves:
688 1555 775 1590 alias
802 1555 844 1590 de
872 1555 1091 1590 sanctissimo
1121 1555 1350 1589 Eucharistiaev
1378 1557 1610 1593 sacramento,
1639 1554 1703 1588 sub
1731 1554 1908 1589 schemate
1932 1555 2046 1600 panis,

425 1623 539 1654 castra
557 1618 833 1653 Madianitarum
862 1618 1108 1658 subvertentis,
1138 1617 1264 1657 altero,
1296 1616 1415 1650 divina
1440 1615 1609 1650 beneficia
1627 1616 1877 1661 praedicarunt.
1901 1616 1975 1650 Res
1994 1628 2047 1657 ea,

424 1686 463 1716 ut
481 1693 558 1727 quae
577 1681 611 1715 id
638 1680 704 1715 loci
728 1692 907 1726 nunquam
934 1679 1049 1714 adhuc
1076 1679 1163 1720 visa,
1187 1690 1350 1724 magnam
1372 1678 1640 1712 admirationem
1663 1679 1698 1712 in
1721 1678 1849 1724 populo
1870 1678 2046 1713 excitavit.

427 1742 584 1787 Cognitis
617 1742 697 1776 inde
733 1741 886 1787 planius,
920 1741 1081 1776 doctrina
1112 1740 1307 1781 Sociorum,
1342 1740 1457 1774 studio
1493 1739 1648 1785 pietatis,
1675 1743 1709 1774 et
1736 1740 1922 1778 industria,
1946 1744 2049 1774 orant

425 1804 617 1850 principem
646 1803 751 1844 cives,
774 1808 811 1838 ut
830 1807 944 1849 coepta
960 1804 1077 1838 Pinsci
1094 1806 1293 1842 maturaret,
1314 1802 1523 1847 scholasque
1542 1802 1623 1836 filiis
1652 1802 1723 1836 suis
1743 1801 1943 1836 erudiendis
1970 1813 2050 1848 ape-

425 1866 522 1900 riret.
544 1865 661 1900 Vilnae
680 1868 766 1905 tum,
786 1866 822 1899 in
840 1865 940 1911 regia
960 1864 1133 1899 Vladislai
1152 1864 1245 1904 aula,
1267 1863 1434 1898 Albertus
1450 1863 1651 1897 Radivillus
1668 1864 1892 1898 Pinscensem
1916 1863 2050 1908 accepit

426 1933 613 1962 oratorem.
646 1927 783 1962 Placuit
803 1927 896 1961 istud
922 1927 1103 1972 negotium
1123 1927 1228 1961 etiam
1257 1925 1452 1960 Vladislao.
1478 1926 1648 1971 Apertum
1664 1925 1885 1971 gymnasium
1901 1925 1972 1959 XII
1989 1925 2049 1959 ka-

426 1990 546 2025 lendas
562 1990 734 2025 octobres.
753 1990 849 2025 Male
868 1990 903 2024 id
921 1990 1043 2024 habuit
1062 2001 1183 2024 osores
1202 1989 1445 2023 Romanorum
1470 1988 1665 2022 Photianos
1682 1988 1891 2022 Pinscenscs
1913 2000 1918 2021 :
1942 1987 2054 2022 moliri

429 2053 545 2087 statim
564 2057 598 2087 et
616 2053 683 2099 ipsi
701 2064 801 2087 suam
828 2053 966 2093 artium,
984 2051 1093 2085 latina
1113 2050 1363 2085 tradendarum
1382 2050 1516 2094 lingua,
1539 2050 1721 2084 tabernam
1741 2063 1748 2090 ;
1778 2061 1903 2095 cogere
1927 2061 2049 2096 puero-

429 2127 505 2149 rum
532 2127 675 2161 gregem
707 2128 713 2149 :
742 2118 919 2161 praecepta
946 2113 1186 2160 grammaticae
1217 2124 1261 2147 ex
1292 2111 1522 2146 Emmanuele
1553 2116 1673 2145 nostro
1702 2112 1832 2145 Alvaro
1861 2111 2048 2157 explicare.

431 2177 511 2212 ‹Jam
542 2177 591 2211 illi
623 2177 872 2223 Carthaginem
900 2177 965 2211 sibi
994 2176 1165 2222 quandam
1196 2174 1364 2209 adversus
1392 2174 1572 2208 Romanos
1592 2173 1655 2207 visi
1684 2178 1765 2208 sunt
1793 2174 1909 2208 Pinsci
1934 2174 2051 2208 condi-

432 2240 545 2280 disse;
575 2239 867 2286 quemadmodum
895 2238 989 2285 apud
1016 2249 1097 2272 suos
1127 2237 1270 2282 gloriosi
1295 2235 1545 2281 praedicabant.
1577 2236 1616 2270 Id
1644 2247 1725 2271 vero
1753 2237 1824 2281 pati
1853 2247 1922 2270 non
1941 2240 2053 2281 potuit

261 2304 368 2331 Natalis
431 2302 591 2336 conditor
610 2302 768 2347 Collegii,
787 2301 964 2336 studiosus
984 2300 1112 2346 publici
1129 2299 1209 2333 boni
1224 2298 1478 2343 religiosusque
1493 2298 1668 2344 princeps,
1686 2298 1861 2333 Albertus.
1883 2298 2050 2344 Apertam

263 2343 408 2411 {cipp-larum
432 2375 601 2399 concessu
619 2364 727 2403 nullo,
759 2375 903 2409 eamque
930 2362 1062 2397 civitati
1089 2361 1325 2407 pestilentem,
1356 2371 1458 2404 quam
1488 2360 1521 2394 id
1550 2360 1697 2405 primum
1725 2360 1883 2401 inaudiit,
1917 2360 2051 2395 occludi

427 2426 528 2473 jubet
546 2426 701 2461 scholam
726 2439 731 2460 ε
761 2427 876 2471 itaque
897 2426 1074 2470 Carthago
1096 2424 1156 2458 illa
1180 2422 1327 2457 ridicula
1359 2423 1502 2456 corruit.
1538 2422 1669 2456 Mirum
1700 2428 1775 2458 erat
1806 2423 2047 2469 prudentibus,

431 2492 535 2535 atque
554 2489 641 2524 adeo
665 2488 851 2523 ridiculum
870 2488 1044 2527 omnibus,
1070 2486 1282 2532 appetivisse
1313 2483 1451 2529 publica
1475 2485 1602 2518 artium
1632 2485 1822 2519 difficilium
1847 2485 2050 2531 magisteria
