2184 2953
632 298 737 326 tissnn
765 297 906 326 sExTus
930 297 1139 333 (1610-1620).
1354 310 1359 316 ·
1639 291 1698 321 243

91 395 204 429 choris
222 393 404 439 angelicis,
427 404 549 428 novem
570 393 713 438 scirpeis
728 394 911 437 exportare
926 389 1097 427 sabulum,
1115 388 1257 428 lateres,
1277 398 1433 428 arenam,
1452 385 1697 421 caementitium
1725 388 1789 414 1616

91 456 266 490 ferrumen
284 455 442 489 manibus
461 454 661 489 ministrare
693 455 778 495 suis,
813 464 880 487 non
899 452 1022 498 piguit.
1058 451 1250 490 Placuisse‚
1282 453 1431 495 oportet,
1457 450 1592 494 superis
1619 460 1696 484 eam
1721 443 1770 487 Pia
1781 443 1850 476 prin-

89 517 225 553 Nicolai
244 517 407 562 pietatem
422 529 427 550 :
447 527 526 550 nam
540 516 637 550 brevi
660 515 756 550 locus
775 516 804 549 is
815 514 1007 548 clarescere
1025 513 1128 557 coepit
1147 511 1242 545 miris
1255 511 1319 545 Dei
1333 509 1523 550 beneficiis,
1540 514 1695 556 propter·
1721 482 1870 544 iiiiistashuet

91 590 198 624 eaque
217 590 237 612 a
255 578 381 624 populo
396 577 576 612 celebrari.
601 577 691 611 Hinc
708 588 806 611 mons
822 575 893 616 ille,
912 574 1017 619 vulgo
1031 573 1232 619 Angehcus,
1266 571 1385 607 Beatis
1404 570 1534 605 scilicet
1551 570 1695 616 Angelis
1722 555 1830 619 ζᾞῇῒο

92 651 203 680 sacer,
222 644 451 685 nuncupatur.
1722 640 1789 658 rum.

141 701 244 735 Haud
263 700 369 734 multo
384 704 461 745 post
474 700 495 734 J
499 710 632 734 oannes
653 698 797 733 Carolus
821 696 1075 736 Chodkiewicz,
1093 694 1220 729 sacello
1238 694 1305 728 hoc
1325 704 1386 728 seu
1405 692 1517 727 diruto
1537 704 1598 728 seu
1634 705 1695 739 pro

90 762 289 798 accessione
309 762 442 796 aedibus
459 761 635 806 adjuncto,
662 760 791 795 ibidem
810 759 974 805 templum
995 757 1169 797 condidit;
1195 756 1310 801 idque,
1332 766 1395 789 sua
1413 755 1561 789 Joannis
1576 755 1695 789 volun-

90 829 175 865 tate,
194 824 315 858 Beatis
329 824 487 869 Angelis,
509 823 543 856 in
563 822 682 868 primis
698 834 817 856 eorum
830 820 990 867 principi,
1013 820 1099 854 Divo
1115 817 1279 853 Michaeli
1294 816 1489 851 dedicatum
1504 820 1567 851 est.
1592 816 1697 851 Cura-

91 887 140 921 vit
158 886 290 921 scilicet
305 886 429 931 exequi
452 886 560 919 victor
575 885 644 925 ille,
663 883 754 930 quod
770 894 877 929 nuper
889 883 962 927 ipse
977 885 1120 915 voverat
1128 880 1218 914 bello
1229 879 1375 913 Turcico
1387 878 1456 912 dux
1470 878 1695 913 exercituum.

91 948 178 982 Eam
197 948 451 983 dedicationem
479 946 597 992 templi
616 957 682 991 quo
710 945 837 979 clarius
865 943 1090 989 significaret,
1120 941 1315 988 populoque
1338 944 1564 986 proponeret,
1586 944 1700 975 rector

91 1009 235 1055 Collegii
257 1008 414 1043 Michael
434 1008 644 1042 Ginkiewicz
658 1035 665 1047 ,
700 1018 823 1040 novem
851 1005 988 1039 sacellis
1014 1004 1218 1044 minoribus,
1240 1003 1277 1037 in
1292 1002 1489 1037 coemeterio
1509 1001 1630 1047 positis
1657 1002 1700 1036 ad

90 1082 270 1105 numerum
288 1070 472 1104 chororum
487 1068 691 1108 coelestium,
714 1067 880 1112 templum
897 1065 1136 1100 circumdedit.
1151 1065 1192 1099 In
1210 1064 1274 1098 hoc
1289 1063 1377 1098 colle
1401 1063 1561 1109 angelico
1578 1062 1700 1101 Sociis,

92 1134 146 1179 qui
179 1145 221 1168 ex
255 1133 412 1168 instituto
445 1137 561 1167 nostro
593 1136 670 1178 post
698 1131 812 1165 studia
842 1131 1036 1165 litterarum
1063 1129 1267 1175 probantur,
1300 1129 1450 1174 positum
1484 1128 1695 1162 domicilium

91 1206 182 1229 anno
206 1195 309 1236 1689,
329 1194 469 1240 praediis
483 1199 516 1228 et
535 1193 726 1228 redditibus
740 1198 878 1227 auctum
889 1203 909 1226 a
924 1192 1034 1225 Tobia
1048 1190 1300 1231 Grochovskio,
1312 1189 1525 1224 Lukoviensi
1539 1190 1691 1229 tribuno,
1725 1190 1824 1236 Ibidem

92 1260 126 1290 et
144 1267 207 1290 sua
229 1255 422 1296 Elisabeth,
453 1266 471 1289 e
495 1260 599 1300 gente
619 1253 875 1289 Szczavinskia.
898 1254 1036 1287 Primus
1063 1256 1176 1287 rector
1194 1250 1378 1297 praefectus
1406 1251 1516 1286 Sociis
1536 1251 1694 1286 Andreas
1723 1231 1867 1298 iffissiego‘

91 1317 283 1364 Rybskius.
298 1316 366 1352 Sed
376 1317 451 1362 jam
469 1316 515 1350 ad
528 1316 711 1351 Nicolaum
721 1315 909 1361 principem
925 1318 1151 1349 revertamur.
1166 1314 1246 1348 Non
1262 1314 1346 1348 satis
1364 1312 1423 1348 ille
1438 1313 1558 1358 pietati
1572 1313 1695 1348 fecisse
1723 1310 1868 1355 t{ae1,>1·0ba-

91 1391 163 1414 suae
181 1379 382 1419 videbatur;
405 1378 483 1412 aliis
505 1379 645 1423 insuper
672 1378 870 1412 muneribus
890 1378 977 1411 bene
1005 1376 1128 1411 mereri
1156 1376 1284 1421 pergit.
1311 1376 1432 1410 Ordini
1452 1376 1521 1410 divi
1548 1376 1695 1411 «Ioannis
1724 1351 1810 1375 moins.

91 1440 110 1475 J
116 1440 375 1486 erosolymitani
389 1468 396 1480 ,
422 1440 494 1474 sive
513 1439 750 1485 Melitensium
766 1440 933 1485 equitum,
963 1449 1097 1472 annuos
1123 1437 1290 1478 redditus,
1309 1438 1398 1472 unde
1417 1438 1532 1472 alatur
1547 1439 1694 1473 vicarius
1724 1431 1771 1496 ff?
1791 1431 1869 1496 §ffel

94 1501 256 1541 curionis,
280 1501 450 1546 assignat.
474 1502 731 1541 Franciscanis,
753 1513 774 1535 a
793 1502 963 1536 strictiore
990 1500 1213 1534 observantia
1244 1499 1357 1540 dictis,
1379 1501 1574 1534 coenobium
1589 1512 1695 1548 gyne·
1723 1510 1784 1536 alia.
1806 1478 1821 1503 p

96 1574 206 1597 caeum
216 1563 423 1609 virginibus,
441 1564 634 1597 institutum
645 1564 715 1597 divi
726 1552 903 1597 Benedicti
916 1562 1172 1608 profitentibus,
1187 1561 1305 1596 condit
1317 1562 1471 1596 Nesvisii
1486 1575 1492 1603 ;
1506 1563 1619 1603 Mirae,
1634 1575 1696 1598 8110

93 1625 128 1659 in
144 1624 269 1670 oppido
289 1625 397 1659 aedem
409 1625 566 1672 Myrensi
577 1625 626 1658 illi
635 1625 669 1658 in
686 1626 794 1671 Lycia
805 1630 924 1659 sancto
940 1624 1086 1658 antistiti
1097 1623 1243 1658 Nicolao
1253 1634 1388 1658 sacram
1401 1635 1418 1658 e
1429 1636 1526 1658 muro
1537 1624 1698 1665 solido,et

95 1686 240 1720 alteram
250 1686 286 1720 in
300 1686 425 1731 oppido
439 1685 603 1720 Svierzna
616 1685 749 1725 fundat,
762 1691 861 1731 atque
881 1685 1084 1721 sacerdotiis
1106 1685 1307 1731 locupletat.
1327 1686 1455 1720 Omitto
1470 1698 1581 1727 arces,
1593 1698 1697 1721 xeno-

95 1747 231 1788 dochia,
250 1747 523 1792 ptochotrophia,
537 1747 794 1792 gerontocomia
814 1752 847 1781 et
866 1747 952 1788 alia3
975 1758 1051 1792 quae
1072 1747 1147 1780 usui
1162 1746 1298 1792 publico
1313 1746 1431 1781 multis
1441 1747 1525 1781 locis
1540 1748 1698 1783 condidit

95 1809 149 1843 vel
167 1808 266 1843 donis
285 1808 431 1842 ornavit.
463 1808 619 1842 Familiae
649 1820 720 1843 suae
741 1809 939 1843 Radivflliae
954 1808 1127 1843 consuluit
1145 1809 1328 1854 sapienter.
1353 1809 1407 1842 Ne
1426 1820 1487 1854 per
1502 1810 1697 1845 foemineam

94 1870 225 1916 prolem
243 1870 337 1905 avita
356 1870 625 1905 Radivilliorum
654 1870 743 1904 bona
762 1875 1001 1905 averterentur
1032 1870 1100 1904 alio
1134 1870 1222 1905 dotis
1254 1871 1404 1910 nomine,
1435 1872 1495 1905 sed
1522 1871 1598 1917 ipsa
1626 1872 1697 1907 doti

96 1932 239 1977 pecunia
274 1931 466 1971 diceretur;
488 1932 523 1965 in
542 1932 710 1966 bonorum
730 1943 810 1966 vero
838 1932 1078 1966 haereditatem
1098 1936 1279 1977 paternam
1297 1932 1363 1977 ipsi
1377 1932 1601 1968 succederent
1619 1933 1693 1974 filii,

95 1997 162 2034 aut,
186 1993 252 2027 nisi
271 1996 387 2027 essent
404 1992 478 2032 filii,
500 1993 763 2043 herciscundam
790 1993 965 2038 proximus
983 2004 1001 2027 e
1019 1992 1233 2038 patruelibus
1260 1992 1499 2028 haereditatem
1514 1999 1691 2036 cerneret;

93 2055 183 2090 idem
198 2054 377 2095 Nicolaus,
398 2054 562 2088 fratribus
583 2055 666 2095 suis,
688 2054 830 2090 Alberto
861 2058 895 2089 et
913 2054 1100 2094 stanislao,
1124 2054 1430 2094 consentientibus,
1453 2056 1572 2090 statuit
1591 2068 1690 2090 cura-
1718 2052 1857 2096 Ordinatio

95 2116 221 2162 vitque,
244 2127 307 2150 sua
325 2120 361 2150 ut
379 2115 445 2149 ista
462 2116 642 2150 conventio
662 2120 696 2150 et
714 2116 812 2161 regia
831 2115 1042 2161 Sigismundi
1059 2116 1108 2149 ΙΙΙ
1120 2119 1154 2150 et
1168 2115 1292 2149 civium
1311 2116 1517 2151 auctoritate
1536 2116 1571 2151 in
1590 2118 1694 2153 comi·
1720 2091 1778 2156 liltgd
1779 2091 1837 2117 1V1l-

96 2178 152 2212 tiis
167 2177 267 2223 regni
281 2188 368 2211 anno
387 2177 477 2212 1589
488 2176 696 2211 firmaretur.
715 2178 800 2216 Quae
814 2189 877 2212 sua
892 2177 1161 2211 Radivilliorum
1176 2178 1289 2223 pactio
1307 2179 1542 2212 Ordinationis
1556 2180 1694 2215 nomine

94 2240 263 2285 hodieque
283 2243 512 2285 nuncupatur.
526 2239 676 2274 Amorte
687 2240 844 2285 conjugis
863 2251 948 2279 sure,
969 2250 1046 2284 quae
1061 2239 1097 2273 in
1115 2250 1172 2273 an.
1190 2239 1280 2274 1597
1291 2239 1423 2279 incidit,
1436 2240 1501 2274 etsi
1515 2252 1592 2276 cum
1608 2245 1693 2277 aetas

96 2302 232 2347 integra
250 2304 323 2335 tum
345 2302 532 2335 amicorum
548 2301 695 2335 consilia
712 2302 756 2336 ad
776 2301 912 2347 nuptias
927 2300 1097 2335 secundas
1117 2301 1304 2335 invitarent
1323 2313 1329 2334 :
1353 2305 1388 2335 ut
1402 2306 1519 2337 tamen
1537 2303 1572 2337 id
1602 2304 1691 2339 face-

98 2367 160 2404 ret,
178 2362 280 2397 nullis
296 2363 405 2408 potuit
422 2363 537 2397 induci
556 2363 720 2397 consiliis.
741 2363 930 2397 Consilium
950 2362 1052 2396 Pauli
1071 2362 1218 2407 apostoli
1234 2362 1347 2407 potius
1361 2362 1413 2397 illi
1433 2364 1592 2399 omnibus
1610 2364 1686 2400 fuit.

98 2424 151 2459 Ex
184 2436 224 2459 eo
255 2424 405 2470 reliquos
440 2425 481 2459 19
507 2435 617 2459 annos
642 2425 723 2459 vitae
761 2424 899 2463 caelebS,
927 2423 1094 2457 sollicitus
1130 2423 1171 2457 de
1202 2423 1243 2457 iis
1274 2427 1417 2465 tantum,
1449 2436 1526 2470 quae
1553 2426 1692 2462 Domini
1719 2432 1823 2458 Caelibis

99 2490 227 2527 essent,
249 2486 417 2532 quomodo
431 2486 544 2531 magis
563 2486 716 2531 placeret
734 2486 820 2526 Deo,
842 2485 1030 2530 transegit,
1053 2484 1132 2519 inde
1163 2485 1311 2520 maxime
1328 2485 1377 2519 ita
1400 2486 1521 2531 pietati
1540 2487 1690 2527 deditus,
1722 2472 1779 2498 laus
1795 2472 1866 2498 vitae.
