2184 2953
412 294 451 326 72
779 296 1054 327 LITUANICARUM
1078 297 1288 327 SOCIETATIS
1310 298 1396 328 JESU
1417 297 1669 328 HISTORIARUM

243 395 305 419 1579
417 400 432 414 α
455 389 548 427 runt,
570 389 767 434 statumque
797 388 896 423 illum
920 391 1079 422 nostrum
1099 392 1133 422 et
1151 388 1358 434 aequabilem
1376 389 1459 424 vitae
1479 390 1723 436 rationumque
1741 402 1880 426 cursum
1901 394 2039 426 contur-

416 463 431 477 α
454 449 624 484 baverunt
640 454 744 497 atque
763 452 998 486 confecerunt.
1021 451 1097 485 Etsi
1116 451 1207 486 enim
1236 452 1270 486 in
1297 452 1487 488 amissione
1513 457 1583 487 tam
1612 453 1775 489 salutaris
1794 455 1859 489 viri
1879 467 1948 490 non
1972 467 2038 502 ego

416 526 430 540 α
454 512 562 554 solus,
585 513 644 547 sed
673 514 766 548 orbis
786 513 994 548 christianus
1014 514 1196 549 universus
1216 515 1456 549 incredibilem
1471 516 1646 561 jacturam
1663 517 1792 552 -fecerit
1810 530 1816 551 :
1839 529 1893 552 me
1920 522 2036 553 tamen

415 589 430 603 a
453 585 560 609 unum
577 575 655 610 haec
672 576 774 611 ruina
793 577 1009 622 oppressisse
1028 576 1203 623 praecipue
1217 577 1375 619 videtur;
1394 577 1452 623 qui
1470 589 1491 612 a
1511 578 1641 613 teneris
1665 580 1766 614 annis
1786 580 1821 614 in
1836 580 1929 615 illius
1949 592 2037 626 pene

415 652 429 666 α
452 637 530 672 sinu
549 641 583 673 et
601 639 734 684 gremio
754 639 935 679 educatus,
958 639 1101 684 ejusque
1128 639 1296 686 exemplis
1315 643 1348 674 et
1366 640 1533 675 institutis
1564 640 1767 684 instructus,
1789 646 1894 689 atque
1925 643 2036 678 incre-

414 713 439 730 ιι.
451 699 614 734 dibilibus
633 700 808 735 beneficiis
828 700 1034 740 cumulatus,
1057 701 1093 735 in
1115 705 1250 735 tantam
1269 701 1311 735 ad
1327 705 1519 736 extremum
1535 703 1718 739 orbitatem
1733 704 1852 745 incidi,
1874 704 2035 740 omnibus

413 776 427 789 α
450 761 531 797 vitae
550 763 723 808 praesidiis
742 767 776 798 et
787 763 1067 809 jucunditatibus
1092 763 1142 798 ita
1167 763 1281 798 subito
1298 763 1464 809 spoliatus
1480 776 1569 805 sum,
1592 769 1629 800 ut
1643 766 1751 801 vitam
1769 779 1906 813 quoque
1923 768 2035 813 ipsam

412 837 427 851 a
451 835 522 858 non
540 824 583 858 ob
602 824 695 859 aliud
715 824 799 859 mihi
819 824 989 870 reliquam
1014 825 1223 864 existimem,
1246 836 1350 871 quam
1377 829 1415 860 ut
1441 826 1599 872 praebeat
1619 838 1760 862 sensum
1787 830 2035 875 materiamque

412 899 426 913 a<
449 885 562 920 malis.
585 886 764 924 Quomodo
780 886 885 927 enim,
909 898 1027 932 quaeso
1046 890 1093 927 te,
1116 887 1192 921 htec
1211 887 1295 921 mihi
1314 888 1385 921 vita
1413 888 1528 922 vitalis
1547 892 1608 923 aut
1620 889 1775 934 jucunda
1795 901 1871 925 esse
1903 894 2031 937 potest,

411 961 426 975 κ
448 959 526 982 cum
544 947 576 982 ei
594 947 701 982 vitam
728 949 925 994 ademptam
952 949 1102 989 videam,
1125 949 1183 994 qui
1211 948 1329 983 multis
1356 949 1463 983 vitam
1491 950 1575 984 dare
1603 950 1759 986 solebat!
1790 952 1848 997 qui
1866 952 1993 988 multos
2013 964 2034 988 a

411 1025 425 1039 a
448 1013 558 1047 morte
585 1022 623 1044 ac
649 1015 746 1056 peste
765 1011 809 1045 ad
829 1011 932 1045 vitam
951 1011 1209 1057 sanitatemque
1229 1011 1475 1056 sempiternam
1496 1012 1690 1053 revocabat,
1715 1013 1772 1059 qui
1792 1014 1886 1049 solus
1907 1005 2031 1061 prope—

410 1087 425 1101 α
447 1072 587 1107 modum
604 1077 698 1109 recte
716 1073 788 1108 vita
802 1073 852 1108 uti
866 1073 1018 1108 sciebat?
1036 1073 1183 1115 Quibus,
1202 1074 1355 1119 inquam,
1374 1074 1482 1109 oculis
1497 1075 1590 1110 hanc
1604 1079 1739 1111 tantam
1755 1077 1924 1113 Ecclesiae
1939 1078 2032 1112 solli-

409 1148 424 1163 a
447 1134 647 1176 citudinem,
669 1139 741 1170 tam
760 1135 958 1176 excellenti,
978 1135 1067 1170 sicut
1091 1136 1134 1170 de
1153 1147 1215 1170 suo
1236 1135 1367 1169 Basilio
1392 1136 1441 1170 ait
1464 1136 1663 1183 theologus,
1682 1138 1796 1183 gloria
1816 1140 1972 1174 detonsae
1991 1152 2033 1175 ac

409 1210 424 1224 ιε
447 1196 618 1242 spoliatae,
639 1200 744 1243 atque
770 1197 970 1243 hujusmodi
997 1209 1126 1232 corona
1157 1209 1326 1238 exoussae,
1355 1198 1590 1244 aspiciemus?
1617 1200 1756 1235 Bellum
1784 1201 2029 1237 haeretieorum

409 1273 424 1288 κ
445 1259 621 1300 imminet;
644 1264 678 1294 et
696 1259 755 1305 qui
774 1259 897 1294 ducem
917 1270 954 1294 se
972 1259 1072 1294 nobis
1100 1260 1270 1306 praebeat,
1292 1271 1362 1294 non
1389 1265 1454 1295 est.
1478 1261 1634 1297 Laborat
1665 1262 1927 1298 infirmitatibus
1965 1265 2030 1299 Ec-

409 1335 423 1349 «
446 1320 562 1362 clesia,
580 1325 614 1356 et
637 1321 808 1356 medicum
823 1333 893 1356 non
908 1321 1116 1357 invenimus.
1136 1323 1288 1369 Tempus
1303 1322 1437 1357 consilii
1453 1327 1516 1364 est,
1539 1328 1573 1359 et
1596 1312 1777 1360 consilium
1810 1326 1893 1360 dare
1908 1326 2030 1361 solitus

408 1397 422 1411 a
445 1383 540 1418 abiit.
563 1384 687 1419 Helias
707 1388 908 1430 assumptus
930 1388 996 1424 est,
1019 1389 1053 1419 et
1074 1384 1213 1419 Eliseus
1231 1396 1299 1418 non
1320 1388 1374 1419 est
1393 1385 1546 1421 relictus.

456 1460 471 1474 α
495 1446 524 1480 O
544 1446 780 1481 calamitatem
810 1446 1077 1487 intolerabilem,
1100 1447 1198 1493 cujus
1217 1447 1330 1482 exitus
1352 1456 1421 1481 non
1445 1449 1611 1494 apparet!
1634 1461 1653 1483 O
1677 1454 1815 1485 noctem
1840 1451 2023 1486 acerbissi-

407 1522 421 1536 α
444 1518 549 1549 mam,
572 1520 649 1554 quae
667 1508 754 1543 lucis
774 1513 888 1543 ortum
906 1519 977 1542 non
996 1509 1195 1554 exspectat!
1218 1508 1344 1544 Amisit
1367 1509 1524 1544 Ecclesia
1544 1510 1608 1545 Dei
1627 1511 1877 1553 confessorem,
1899 1513 2027 1559 religio

406 1584 421 1598 α
444 1574 755 1616 propugnatorem,
777 1570 967 1616 antiquitas
987 1576 1281 1612 conservatorem,
1301 1571 1464 1606 novitatis
1484 1571 1719 1618 depulsorem,
1743 1574 1891 1620 populus
1911 1574 2026 1610 docto-

406 1649 422 1663 “
443 1645 530 1676 rem,
552 1635 644 1669 docti
663 1638 928 1681 praeceptorem,
951 1634 1063 1681 pietas
1081 1638 1245 1673 tutorem,
1269 1632 1427 1678 impietas
1446 1637 1718 1678 persecutorem,
1738 1638 1895 1679 pastores
1913 1647 2028 1671 exem-

407 1711 421 1725 α
444 1696 552 1742 plum,
574 1696 780 1742 impostores
800 1697 1054 1738 adversarium,
1079 1696 1206 1731 veritas
1226 1694 1450 1736 domicilium,
1473 1695 1566 1729 orbis
1593 1696 1629 1729 in
1660 1696 1768 1731 tantis
1795 1696 1899 1731 hodie
1928 1701 2028 1733 tene-

231 1786 358 1819 Dignitas
407 1772 422 1786 α
444 1757 516 1792 bris
542 1758 661 1793 lumen
686 1758 919 1793 clarissimum
944 1758 1073 1798 amisit,
1095 1748 1178 1798 etc.‚
1196 1760 1277 1797 etc.‚
1299 1760 1364 1790 etc.
1395 1755 1546 1790 Interest
1573 1756 1740 1797 omnium,
1772 1758 1830 1803 qui
1859 1758 2026 1804 pietatem

229 1825 287 1852 viri.
407 1834 421 1847 α
443 1818 574 1860 colunt,
593 1819 682 1854 scire
698 1819 859 1859 Hosium,
877 1819 954 1865 quis
967 1819 1085 1861 fuerit3
1104 1823 1181 1855 erat
1194 1819 1286 1854 enim
1301 1818 1481 1863 singulare
1496 1819 1636 1854 vivendi
1655 1821 1896 1867 moriendique
1913 1833 2025 1857 exem-

405 1899 420 1913 «
442 1885 550 1931 plum,
571 1884 672 1919 nobis
693 1885 910 1931 propositum
929 1887 989 1925 ita,
1012 1888 1049 1919 ut
1075 1883 1144 1918 nisi
1173 1881 1444 1928 pulcherrimum
1463 1881 1507 1915 sit
1526 1881 1619 1916 istud
1641 1887 1692 1914 τοῦ
1719 1885 1801 1915 ὁσίου
1817 1894 2022 1929 cognomen,

406 1961 420 1975 a
443 1947 534 1993 quod
553 1958 574 1982 a
591 1947 782 1992 majoribus
810 1947 881 1981 suis
910 1947 1114 1992 accepisset,
1137 1945 1171 1979 id
1192 1945 1266 1990 ipse
1290 1943 1356 1978 sibi
1383 1943 1599 1989 posterisque
1627 1945 1701 1979 suis
1738 1945 1867 1980 virtute
1886 1957 1949 1980 sua
1967 1957 2024 1991 pe-

405 2023 420 2036 «
442 2008 600 2054 perisset.
620 2008 753 2049 Bonus,
771 2008 925 2054 inquam,
943 2012 977 2043 et
995 2008 1170 2053 perfectus
1188 2011 1264 2041 erat
1281 2005 1402 2039 doctor
1420 2005 1561 2040 Hosius.
1577 2007 1725 2053 Agebat,
1743 2007 1833 2052 quod
1850 2007 1996 2042 docebat
2015 2020 2022 2048 ;

404 2084 418 2098 a<
442 2071 558 2104 omnia
576 2070 658 2105 vitae
682 2082 756 2105 suae
777 2074 937 2116 tempora
955 2074 989 2104 et
1007 2072 1183 2104 momenta
1210 2071 1309 2102 tanta
1340 2079 1415 2101 cum
1436 2068 1644 2104 innocentia}
1664 2069 1765 2104 laude
1784 2074 2018 2115 transegerat,

403 2147 418 2161 a
441 2135 478 2167 ut
503 2132 619 2167 nullus
638 2144 789 2178 unquam
809 2144 886 2168 eum
913 2133 1005 2167 diem
1032 2133 1172 2174 viderit,
1206 2143 1272 2178 quo
1299 2131 1503 2176 cujusquam
1530 2132 1716 2168 interesset
1744 2132 1890 2166 Hosium
1917 2133 2016 2167 mori

404 2209 419 2223 α
441 2193 556 2228 Tanta
576 2198 747 2240 praeterea
767 2194 988 2229 contentione
1010 2198 1114 2240 atque
1134 2194 1293 2229 doctrina
1315 2192 1570 2238 verlwrumque
1589 2198 1623 2229 et
1650 2194 1899 2229 sententiarum
1920 2195 2020 2230 uber-

403 2272 418 2286 «
440 2260 512 2292 tate
530 2257 634 2292 fidem
653 2257 822 2293 Ecclesia}
841 2261 913 2292 tum
932 2258 1071 2304 scriptis
1093 2257 1130 2292 in
1148 2267 1268 2291 omnes
1287 2254 1380 2289 orbis
1401 2255 1583 2290 christiani
1615 2260 1731 2302 partes
1755 2256 2020 2291 ferventissimis

227 2313 371 2346 Sapientia.
402 2334 416 2348 u
440 2319 509 2353 illis
536 2323 570 2353 et
596 2319 861 2354 admirabilibus
891 2319 1061 2365 epistolis,
1090 2323 1163 2354 tum
1190 2318 1293 2352 etiam
1321 2317 1420 2351 libris
1452 2318 1553 2353 editis
1584 2319 1807 2364 propagavit;
1842 2322 1893 2359 ut,
1929 2319 2020 2364 quod

402 2395 417 2410 κ
441 2380 523 2416 olim
547 2380 590 2415 de
614 2380 787 2426 Gregorio
815 2381 1095 2426 Thaumaturgo,
1124 2380 1190 2414 hoc
1217 2379 1259 2415 de
1288 2380 1389 2414 Hosii
1421 2392 1557 2427 quoque
1583 2382 1694 2416 nostri
1720 2382 2020 2417 lucubrationibus

403 2458 417 2473 α
439 2447 533 2479 recte
561 2443 628 2477 dici
652 2454 754 2489 posse
779 2443 942 2477 videatur
964 2455 970 2477 :
993 2443 1085 2488 quod
1112 2453 1151 2477 ea
1177 2442 1255 2488 ipsa
1281 2442 1346 2476 Dei
1374 2442 1493 2478 Mater
1510 2443 1621 2490 Virgo
1640 2444 1804 2479 scribenti
1822 2444 2017 2485 dictaverit;

403 2520 418 2535 κ
440 2517 503 2541 nec
524 2504 593 2541 alia
621 2508 699 2551 post
721 2504 818 2540 illum
845 2504 1021 2541 scribendi
1053 2508 1174 2540 contra
1200 2504 1352 2540 haereses
1381 2505 1529 2540 materia
1552 2506 1777 2551 scriptoribus
1803 2506 1926 2542 relicta
1943 2518 2020 2542 esse
