2184 2953
642 303 745 331 LIBER
771 303 923 332 TERTIUS
948 305 1154 339 (1580-11590).
1683 308 1722 337 95

108 393 248 436 eratque
266 390 412 425 Moscho
431 391 600 426 foederum
623 393 761 439 religio,
783 392 907 439 leg-atis
934 393 1047 438 datur)
1065 395 1109 428 ab
1134 394 1229 429 inille
1256 395 1399 430 ducenis
1431 396 1616 442 peditibus,
1638 401 1720 432 ante

110 455 336 490 decumanam
367 456 462 491 urbis
488 460 624 502 portam
654 458 816 494 adventui
848 457 1120 503 opperientibus,
1142 458 1301 504 serieque
1332 462 1499 504 perpetua
1527 460 1719 506 dispositis,

109 527 279 550 concursu
298 517 416 562 populi
434 518 596 559 maximo,
620 519 752 555 bellicis
770 515 851 553 hinc
870 519 963 553 illinc
986 519 1156 554 machinis
1176 520 1389 560 tonantibus,
1413 520 1722 555 acclamationibus

108 577 224 623 populi
243 577 379 618 faustis,
403 578 552 624 undique
581 581 741 615 omnibus
767 581 939 626 hospitem
968 580 1236 622 celebrantibus,
1260 581 1501 616 Smolenscum
1519 582 1718 617 introducit.

107 639 170 673 Est
197 650 237 673 ea
263 639 347 673 urbs
377 640 445 674 sita
471 641 506 674 in
533 642 625 676 valle
651 642 697 676 ad
724 643 865 677 fluvium
897 642 1166 688 Borysthenem,
1201 642 1308 688 sylvis
1344 643 1457 677 cincta
1480 647 1514 677 et
1549 643 1720 684 collibus3

108 700 287 745 opulenta,
308 704 342 736 et
369 712 431 746 pro
455 713 496 736 ea
522 706 729 748 tempestate
756 705 840 738 satis
859 704 992 738 munita
1013 716 1019 737 1
1043 707 1147 749 caput
1170 704 1359 749 provinciae
1386 704 1624 750 amplissimae,
1647 716 1725 750 quae

108 762 256 796 civitatis
278 762 417 797 nomine
444 764 640 809 appellatur
658 766 886 801 Smolenscia.
917 765 1001 799 Tria
1021 765 1147 810 oppida
1177 766 1355 811 praecipua
1380 770 1512 800 tractus
1544 766 1601 800 ille
1633 778 1724 800 com-

108 824 269 869 plectitur
287 838 294 865 ;
316 825 527 867 Viessmam,
549 827 788 868 Domhubum,
811 831 856 868 et,
878 827 976 872 cujus
1007 827 1115 873 ipsius
1147 827 1307 862 dioecesis
1337 827 1529 872 amplitudo
1550 827 1725 862 Ludovico

111 886 300 921 Gotofredo
333 888 584 933 cosmographo
616 889 723 934 longa
751 894 803 923 est
829 889 946 924 leucas
978 893 1165 929 trecentas,
1194 888 1267 922 lata
1292 889 1365 923 fere
1393 889 1548 929 totidem,
1579 889 1727 923 Mosais-

109 959 198 982 cum.
230 948 363 983 Urbem
391 952 425 983 et
458 953 569 983 totam
609 950 861 985 Smolensciam
903 951 1056 985 Basilius
1094 951 1154 990 IV,
1185 950 1385 985 Moscorum
1414 951 1505 988 Dux,
1542 951 1724 985 fraudibus

108 1011 295 1057 proditoris
312 1012 499 1047 Michaelis
529 1012 681 1048 Glinskii
712 1014 933 1048 mareschalli
958 1014 1133 1048 Lituaniae
1164 1013 1316 1059 adjutus,
1337 1012 1538 1048 Alexandro
1567 1014 1726 1049 Poloniae

107 1074 182 1120 regi
210 1074 350 1119 eripuit.
381 1074 584 1110 Smolensco
613 1075 827 1110 Possevinus
855 1076 1087 1121 Starzyciam,
1109 1075 1167 1109 ubi
1186 1079 1259 1109 tum
1286 1075 1443 1110 Joannes
1472 1076 1523 1110 M.
1556 1076 1633 1110 Dux
1652 1088 1728 1111 ver·

110 1135 264 1175 sabatur,
298 1146 463 1180 passuum
496 1136 809 1182 quadrigentorum
836 1136 981 1171 millium
1013 1137 1138 1171 itinere
1169 1137 1340 1181 pervenit.
1365 1136 1555 1172 Castellum
1586 1138 1651 1173 hoc
1681 1139 1726 1172 ad

109 1195 259 1242 Volgam
273 1197 384 1242 jacet,
411 1196 553 1230 fluvium
585 1197 724 1242 scriptis
757 1198 1040 1244 geographorum
1072 1201 1106 1232 et
1124 1198 1309 1233 Persarum
1340 1199 1512 1234 mercibus
1543 1200 1723 1246 inclytum,

109 1257 300 1293 Ptolomaeo
336 1260 430 1300 Rha,
464 1259 556 1294 Edel
587 1260 746 1295 Tartaris
783 1261 924 1296 dictum.
965 1261 1016 1295 Eo
1049 1261 1273 1301 Possevinus,
1312 1264 1546 1296 trecentorum
1574 1262 1726 1307 equitum

112 1322 334 1357 ornatissimo
363 1322 542 1363 comitatu,
564 1323 669 1357 misso
701 1335 722 1357 a
753 1324 885 1370 Magno
914 1325 1019 1362 Duce,
1041 1324 1201 1369 stipatus,
1223 1323 1291 1358 XV
1315 1323 1486 1358 kalendas
1513 1324 1726 1369 septembres

110 1396 185 1419 cum
212 1388 361 1430 quatuor
388 1385 501 1420 Sociis
528 1396 565 1420 se
592 1386 750 1420 contulit.
779 1386 846 1420 Hic
865 1397 940 1426 nos,
964 1384 1243 1431 quandoquidem
1269 1384 1459 1425 narrando,
1495 1385 1722 1420 possevinum

110 1457 151 1481 ex
195 1446 361 1480 Lituania
396 1447 431 1481 in
463 1447 629 1482 Russiam
656 1460 764 1494 usque
799 1447 1064 1482 Moscoviticam
1098 1446 1220 1485 secuti,
1254 1446 1394 1492 longius
1430 1446 1533 1492 paulo
1567 1457 1588 1480 a
1619 1446 1723 1481 rebus

111 1508 242 1542 nostris
269 1509 422 1553 provecti
450 1520 580 1550 sumus,
606 1513 791 1555 antequam
811 1510 855 1544 ad
874 1510 1069 1544 institutum
1088 1508 1306 1548 redierimus,
1329 1507 1371 1542 de
1390 1508 1627 1553 hospitalitate
1650 1509 1722 1554 ejus

110 1569 234 1604 vicinae
266 1562 368 1604 nobis
402 1571 516 1616 gentis
543 1571 786 1617 moribusque,
815 1572 890 1617 jam
917 1582 986 1605 non
1013 1570 1056 1604 iis
1088 1570 1249 1610 omnino,
1287 1569 1411 1614 quibus
1440 1569 1541 1604 hodie
1574 1571 1722 1616 przedita

109 1634 314 1679 suspicitur,
336 1634 484 1679 paucula
510 1645 553 1668 ex
578 1635 704 1669 annuis
730 1634 856 1669 litteris
883 1644 1141 1679 persequemur.

157 1694 338 1730 Maturius
358 1707 379 1729 a
398 1695 484 1729 duce
512 1707 553 1730 ex
576 1696 657 1730 aula
676 1696 785 1736 missi,
815 1695 968 1729 Michael
995 1693 1196 1733 Unokorus,
1218 1693 1417 1728 Victoroius
1442 1694 1663 1734 strachorus,
1686 1698 1720 1728 et

111 1755 231 1790 Simon
258 1757 470 1797 Pafnieides‚
509 1762 613 1803 atque
640 1757 691 1791 illi
725 1762 959 1792 trecentorum
997 1756 1157 1790 ductores
1189 1755 1356 1799 equitum,
1385 1755 1429 1788 ad
1460 1755 1578 1789 luxum
1610 1766 1717 1800 usque

110 1819 208 1860 lauti,
229 1819 396 1865 legatum,
417 1821 477 1855 ubi
496 1832 533 1855 se
558 1820 694 1861 obtulit,
717 1831 778 1865 pro
806 1830 843 1853 se
870 1819 1015 1863 quisque
1034 1818 1201 1853 honorem
1219 1817 1405 1851 verborum
1432 1817 1718 1852 innumerabiles-

110 1891 174 1925 que
193 1880 358 1926 principis
385 1881 438 1914 sui
466 1880 585 1915 titulos
613 1892 708 1915 more
736 1881 850 1926 gentis
878 1892 950 1914 suae
980 1880 1130 1926 praefati,
1151 1880 1384 1921 consalutant,
1415 1892 1455 1915 ac
1481 1882 1613 1926 primus
1644 1883 1718 1927 qui-

110 1940 186 1975 dem
221 1954 227 1975 :
269 1956 284 1970 a
316 1942 459 1982 Antoni,
492 1942 616 1987 inquit,
648 1954 797 1988 magnus
836 1944 900 1977 Dei
938 1943 1051 1988 gratia
1082 1943 1258 1989 hospodar
1294 1943 1374 1984 Car,
1408 1948 1511 1989 atque
1541 1945 1593 1979 M.
1625 1945 1714 1985 Dux,

115 2017 130 2030 α
151 2003 307 2039 Joannes
336 2003 523 2043 Basilides,
544 2005 651 2039 totius
679 2004 833 2045 Russize,
860 2005 1114 2045 Volodimiriae,
1146 2005 1348 2046 Moscoviae,
1384 2006 1636 2051 Novogardiae,
1658 2007 1720 2041 Ca-

113 2080 128 2094 «
150 2067 271 2108 saniae,
293 2067 548 2109 Astrachaniae,
571 2068 731 2103 dominus
763 2067 965 2107 Plescoviae,
992 2071 1096 2112 atque
1124 2067 1174 2101 M.
1205 2068 1274 2101 dux
1301 2068 1540 2110 Smolensciae,
1561 2069 1713 2110 Tveriae,

113 2142 128 2156 α
153 2128 332 2174 Tugoffiae,
367 2130 528 2170 Perrniae,
562 2130 696 2164 Viatcae
724 2133 787 2165 etc.
820 2129 978 2163 dominus
1007 2132 1040 2162 et
1066 2128 1118 2162 M.
1148 2129 1218 2162 dux
1255 2129 1430 2163 inferioris
1464 2130 1715 2176 Novogarcliae,

113 2204 128 2218 α
150 2189 419 2232 Czernichoviae‚
446 2192 640 2233 Rostoviae,
662 2192 839 2231 Resaniae,
861 2190 1082 2230 Jaroslaviae,
1105 2190 1276 2231 Livoniae,
1304 2192 1461 2233 Udoriae,
1489 2193 1663 2234 Obdoriae,
1686 2198 1719 2227 et

113 2265 128 2280 a
149 2252 255 2287 totius
282 2254 436 2299 regionis
456 2254 604 2289 Siberiae
631 2259 664 2289 et
692 2255 845 2290 Severiae
870 2254 1078 2293 dominator,
1102 2253 1239 2298 quaerit,
1270 2253 1319 2287 uti
1346 2254 1461 2289 valeat
1479 2256 1718 2291 sanctissimus

113 2327 129 2341 α
150 2317 247 2359 pater
275 2314 468 2361 Gregorius
494 2316 584 2350 XIII
613 2317 711 2362 Papa
729 2318 921 2352 Romanus.
945 2317 1053 2357 Bene,
1083 2317 1271 2362 respondet
1293 2318 1443 2364 legatus,
1464 2332 1542 2366 quae
1570 2321 1644 2356 Deo
1675 2323 1719 2357 sit

114 2389 129 2403 ει
152 2376 278 2420 gratia.
305 2376 394 2411 Tum
421 2376 507 2411 alter
534 2376 654 2411 eadem
682 2379 863 2413 titulorum
882 2379 1048 2424 principis
1077 2380 1130 2413 sui
1149 2380 1279 2425 jugera
1305 2393 1497 2423 remensus,
1527 2388 1630 2429 rogat
1652 2397 1658 2418 ε
1681 2390 1717 2419 ut

114 2453 129 2468 α
150 2440 352 2485 equitaverit
378 2442 526 2487 hospes;
556 2443 616 2482 ita,
647 2443 791 2488 reponit,
819 2443 988 2487 Magnum
1020 2443 1149 2477 Ducem
1184 2444 1276 2478 Deus
1304 2450 1419 2480 servet
1446 2447 1661 2481 incolumem.
1698 2464 1712 2477 n

111 2500 369 2547 Antiquioribus
387 2503 545 2537 nimirum
562 2504 685 2538 Rossis
712 2504 747 2537 in
775 2504 865 2537 omni
896 2504 968 2538 fere
996 2504 1203 2539 salutatione
1230 2506 1358 2541 eisdem
1386 2508 1716 2553 interrogationibus

1754 406 1814 431 1581

1756 586 1902 612 Smolensci

1752 626 1825 651 urbis
1844 627 1870 651 et

1753 665 1894 692 Provincia}

1754 704 1864 737 descript
1871 707 1902 732 in.

1748 1710 1887 1744 Starzyeiae

1747 1752 1862 1785 Legatus

1746 1792 1883 1826 accipitur.
