2184 2953
632 311 738 340 LIBER
759 311 914 340 DEeiuus
939 311 1153 350 (1650-1664).
1658 312 1716 344 381

110 404 223 447 sperat
248 401 386 436 interim
404 404 438 436 et
455 401 565 443 timet,
588 406 621 437 et
643 402 788 438 horrore
814 402 929 438 nescio
950 414 1015 448 quo
1043 402 1246 448 perstrictus
1276 406 1461 449 respectat,
1491 415 1571 439 ecce
1589 403 1651 438 tibi
1669 403 1713 438 ab
1741 412 1804 440 1657

108 463 268 509 expedita
286 475 396 509 nuper
427 464 570 500 cohorte
589 476 651 499 sua
681 465 844 506 nuntius;
866 464 955 511 ipse,
986 465 1108 510 opinor
1128 465 1297 500 centurio.
1328 465 1396 500 Sed
1423 465 1513 507 vide,
1537 477 1640 511 quam
1659 466 1713 500 sui

109 537 270 561 reverens
289 526 452 573 principis
484 527 595 568 miles,
617 539 685 562 non
716 527 914 573 interpellat
944 526 1199 573 colloquentem
1217 539 1279 573 per
1310 527 1502 562 orationem
1528 540 1604 563 cum
1623 529 1709 570 Dee,

109 592 297 634 exspectat,
312 588 392 623 dum
414 601 451 624 se
471 593 569 625 vocet
587 590 705 630 herus;
725 590 824 636 quasi
843 590 1031 625 etiamnum
1046 589 1075 624 is
1093 590 1227 629 vivens,
1242 601 1399 636 unusque
1421 589 1535 625 adhue
1562 602 1580 625 e
1603 590 1712 625 famu-

108 649 183 684 litio
203 650 325 692 aulico,
348 663 391 685 ne
422 652 486 686 sibi
506 652 540 686 id
573 652 736 697 temporis
762 655 862 687 vacet
888 652 931 686 ab
952 651 1076 692 officio,
1099 651 1213 697 quoad
1236 655 1313 686 orat
1331 651 1505 697 princeps,
1528 652 1713 687 sarmentis

109 711 170 746 alit
197 712 314 758 ignem
333 714 368 748 in
386 713 562 749 luculento
582 713 731 748 cubiculi
750 714 884 748 camino
901 727 908 756 3
939 714 973 748 id
1002 725 1084 748 vero
1111 714 1223 760 ipsum
1242 725 1286 749 ex
1307 717 1461 760 tempore
1479 714 1574 749 visus
1604 715 1717 760 egisse

108 773 284 816 misellus;
307 775 365 820 qui
385 787 466 810 suos
484 776 584 821 ignes
607 787 676 810 non
697 776 744 810 ali
763 775 900 822 quidem
914 780 1069 822 cuperet,
1092 776 1153 811 sed
1172 775 1340 822 extingui.

158 836 386 883 Conspectum
411 838 586 873 hominem
612 838 713 873 laetus
733 838 868 873 salvere
881 838 982 884 jubet
1012 838 1128 879 herus,
1146 849 1192 872 an
1215 837 1479 873 commilitiones
1499 838 1603 873 etiam
1628 838 1716 873 salvi
1741 848 1837 876 Cohors

107 898 273 934 redierint
291 900 434 946 pariter,
457 900 592 946 quaerit.
631 916 646 928 e-
669 900 773 941 Salvi,
802 912 879 946 quae
905 901 979 935 Deo
998 900 1042 935 sit
1068 900 1195 946 gratia,
1225 900 1412 946 respondet
1430 901 1584 936 nuntius.
1620 901 1715 936 Salvi
1740 889 1864 954 gglfffi'iu

112 975 127 989 κ
149 972 267 996 sumus
286 973 417 1004 omnes,
448 963 477 997 si
504 963 598 997 salus
618 962 755 1008 quidem
786 965 960 1008 spectetur
991 962 1225 1008 sempiterna3
1248 966 1413 998 caeterum
1444 974 1563 997 omnes
1587 963 1717 1009 pariter
1740 968 1811 1033 aeiifit

1742 1016 1767 1033 ln
1813 1016 1856 1035 um

112 1038 127 1053 κ
149 1024 371 1059 occubuiinus
396 1025 431 1059 in
456 1024 589 1070 praelio.
626 1025 740 1059 Hodie
772 1025 862 1059 inter
889 1036 1009 1060 manes
1036 1024 1184 1071 vectigal
1204 1036 1265 1071 pro
1286 1024 1420 1059 delictis
1437 1024 1471 1058 in
1491 1025 1573 1070 igne
1591 1037 1718 1071 purga·
1742 1048 1827 1076 beata.

113 1100 128 1115 α
149 1086 238 1121 torio
258 1086 385 1121 divinae
410 1087 590 1133 pendimus
615 1087 774 1132 justitiae,
804 1087 1077 1122 misericordiam
1108 1098 1275 1133 opemque
1305 1087 1542 1133 imploramus.
1573 1088 1718 1122 Succur-

112 1162 127 1177 ιι
149 1152 242 1184 reret
260 1149 436 1194 princeps,
454 1149 577 1194 quibus
596 1151 725 1195 posset,
742 1149 900 1195 piaculis,
922 1149 1026 1184 sciret
1044 1153 1161 1184 autem
1176 1153 1248 1184 tum
1263 1161 1300 1185 se
1318 1149 1442 1184 fecisse
1461 1150 1599 1185 demum
1619 1150 1717 1192 satis,

112 1224 127 1239 a
150 1222 227 1245 cum
246 1211 311 1246 hoe
342 1211 443 1257 signo
474 1212 624 1246 monitus
652 1211 767 1247 fuerit.
799 1212 943 1253 Lacum,
964 1212 1057 1247 villae
1086 1225 1159 1247 suae
1176 1213 1381 1259 proximum,
1398 1214 1473 1259 Jam
1499 1215 1558 1249 diu
1578 1215 1722 1250 oblima-

109 1287 125 1301 α
147 1275 218 1306 tum
240 1284 328 1314 esse,
348 1274 492 1319 et‚quod
507 1274 610 1309 sciret
629 1274 715 1319 ipse,
734 1263 952 1320 piscantibus
976 1274 1182 1321 malignum.
1201 1275 1346 1310 Curaret
1365 1276 1442 1321 pius
1456 1287 1518 1322 pro
1533 1276 1721 1312 interfectis

111 1349 126 1364 α
148 1335 382 1370 ecclesiastica
413 1336 570 1381 piacula:
592 1336 721 1371 tentari
736 1336 874 1371 interim
886 1337 1029 1382 juberet
1048 1337 1083 1371 in
1106 1337 1184 1372 lacu
1202 1338 1393 1384 piscatum;
1424 1350 1464 1373 ac
1482 1342 1555 1373 tum
1573 1339 1721 1386 denique

111 1411 126 1426 κ
149 1409 186 1433 se
217 1398 397 1443 sociosque
417 1409 537 1433 manes
565 1398 728 1433 liberatos
761 1410 836 1433 esse
855 1398 1078 1444 intelligeret,
1113 1411 1191 1434 cum
1219 1411 1384 1446 magnam
1410 1401 1554 1447 piscium
1584 1402 1719 1448 copiam

111 1473 126 1487 α
149 1460 279 1495 retibus
294 1460 463 1495 inclusam
481 1461 619 1495 viderit.
646 1478 661 1492 π
679 1460 777 1495 Nihil
793 1461 908 1495 omisit
926 1461 1101 1507 princeps,
1120 1462 1211 1507 quod
1225 1462 1330 1497 etiam
1344 1466 1512 1508 praeterea
1531 1475 1595 1498 sua
1608 1464 1719 1510 pietas

109 1523 355 1568 suggessisset.
377 1523 443 1557 Diu
462 1523 600 1558 interim
618 1534 717 1558 cassa
734 1523 920 1558 verrebant
948 1523 1061 1558 lacum
1080 1524 1181 1558 retia.
1209 1524 1331 1559 Multis
1350 1528 1526 1571 pestremo
1546 1526 1666 1561 effusis
1685 1527 1719 1560 in

108 1595 206 1631 Opem
225 1585 359 1620 miseris
376 1585 555 1620 serendam
574 1597 750 1620 nummum
765 1585 929 1627 millibus,
952 1597 1012 1632 spe
1028 1587 1138 1632 major
1164 1587 1414 1633 comprehensa
1431 1588 1575 1635 piscium
1602 1577 1718 1623 multi-

106 1647 201 1682 tudo.
235 1647 289 1681 Ab
320 1659 360 1682 eo
392 1659 471 1682 mox
502 1647 648 1693 piscatu,
678 1651 752 1681 tota
783 1647 909 1682 dicitur
927 1647 988 1681 illa
1007 1658 1070 1682 sua
1097 1651 1238 1682 caterva
1256 1649 1413 1691 Alberto,
1434 1650 1526 1685 inter
1549 1651 1718 1685 orandum

108 1709 310 1754 suspicienti
341 1710 477 1751 coelum,
512 1710 713 1756 apparuisse
745 1722 786 1744 ex
821 1721 913 1750 aere,
948 1709 1056 1744 multo
1096 1710 1387 1756 splendidissima,
1423 1713 1718 1759 triumphantique

108 1770 242 1812 similis,
265 1771 441 1817 signisque
468 1772 571 1807 certis
589 1771 769 1807 liberatori
797 1783 859 1806 suo
887 1771 1002 1817 egisse
1037 1774 1171 1817 gratias
1191 1772 1236 1819 (1).
1263 1773 1390 1808 Civiles
1414 1774 1578 1820 principis
1593 1774 1715 1809 laudes

108 1831 239 1867 Paulus
270 1833 471 1874 Potockius,
494 1833 799 1869 Camenecensium
818 1845 948 1879 praeses
979 1834 1204 1875 castellanus⁹
1228 1835 1326 1870 brevi
1340 1836 1406 1870 hoc
1434 1837 1469 1870 in
1485 1848 1548 1871 sua
1566 1837 1716 1872 clarissi-

109 1895 413 1930 morumvirorum
439 1896 596 1932 centuria
630 1896 890 1942 comprehendit
922 1896 1036 1941 elogio
1056 1896 1115 1942 (2):
1149 1896 1314 1932 Albertus
1349 1898 1518 1944 majorum
1552 1899 1719 1934 institutis

108 1958 369 2004 propugnandis
389 1959 555 2005 impendit
574 1959 693 2000 vitam,
711 1959 880 1994 adversus
896 1959 979 1994 vitia
998 1959 1212 2005 reipublicae,
1236 1971 1299 1994 sua
1317 1960 1408 1995 mole
1430 1961 1593 2003 labentis,
1623 1962 1718 1997 stetit

110 2020 207 2066 quasi
222 2020 329 2062 solus,
351 2021 612 2067 cadentemque,
634 2025 799 2068 quantum
817 2021 948 2056 retrahi
972 2021 1097 2067 potuit,
1118 2022 1272 2063 retinuit,
1295 2021 1376 2057 dum
1394 2023 1491 2059 vixit.
1518 2024 1638 2059 Oratio
1668 2023 1718 2058 illi

108 2083 222 2119 minus
243 2088 390 2131 compta,
411 2085 472 2120 sed
499 2085 622 2131 ipsum,
643 2086 700 2131 qui
730 2085 767 2119 in
798 2085 913 2119 animo
929 2087 1016 2125 erat,
1044 2084 1252 2131 loquebatur
1281 2085 1465 2120 candorem
1487 2085 1635 2132 :lingua
1664 2086 1716 2120 illi

109 2156 186 2180 eum
216 2150 355 2192 pectore
387 2148 474 2183 mira
521 2148 759 2184 consentiebat
801 2147 995 2182 harmonia.
1045 2146 1206 2182 Mortuus
1232 2147 1380 2188 Gedani,
1416 2147 1518 2183 funus
1565 2147 1716 2184 transla-

108 2210 181 2242 tum
200 2208 362 2254 Olykam,

156 2271 381 2307 Varmienses
393 2273 685 2315 Socii‚domieiliis
696 2273 767 2308 suis
783 2272 900 2318 inopia
914 2275 948 2307 et
961 2271 1180 2318 pestilentiae
1189 2272 1294 2313 xacti,
1307 2271 1580 2318 Regiomontum
1590 2272 1722 2320 aliquot

108 2336 355 2379 penetrarunt3
382 2347 448 2381 que
462 2336 536 2382 jam
555 2335 674 2371 multae
693 2346 735 2370 ex
749 2334 926 2375 Lituania,
960 2334 1104 2375 Russia,
1130 2334 1336 2379 Samogitia,
1360 2334 1516 2380 profanae
1539 2346 1616 2370 eum
1636 2335 1714 2370 reli-

149 2414 195 2455 (1)
216 2415 276 2445 Huc
291 2418 364 2445 refer
380 2418 499 2452 elogium
524 2418 637 2456 Georgii
655 2415 849 2453 Tyszkiewiez
865 2426 910 2454 ep.
929 2415 1001 2444 Viln.
1018 2417 1091 2445 bene
1107 2416 1141 2445 de
1159 2416 1298 2446 societate
1314 2417 1403 2445 meriti
1423 2417 1431 2454 (
1447 2425 1473 2445 v.
1491 2418 1517 2446 in
1530 2416 1612 2445 Facie
1629 2424 1720 2446 rerum

108 2468 198 2498 Sarm.
219 2470 250 2498 P.
267 2470 469 2504 Naramowski‚
484 2480 511 2507 p.
527 2471 607 2508 363),
625 2472 677 2500 hoc
690 2480 761 2500 anno
779 2472 877 2500 mortui
896 2472 923 2498 in
935 2470 1058 2504 Prussia‚
1081 2470 1129 2508 (ib.
1145 2471 1164 2498 l.
1184 2471 1212 2506 02,
1227 2478 1253 2499 e.
1274 2470 1312 2507 9).
1327 2485 1367 2491 ——
1379 2470 1418 2508 (⁰2)
1431 2470 1499 2500 Mss.
1517 2470 1717 2505 Radivilianus,

110 2526 137 2551 et
151 2524 222 2559 apud
240 2524 269 2553 Ρ.
293 2523 424 2553 Adamum
451 2524 640 2554 Naramowski
667 2525 762 2554 Facies
791 2533 882 2554 rerum
909 2525 1134 2558 Sarmaticarum,
1154 2524 1212 2552 Lib.
1238 2524 1337 2560 primo,
1354 2532 1379 2554 c.
1405 2524 1453 2558 17,
1479 2532 1544 2563 pag.
1572 2523 1640 2554 ⁶231.
