2184 2953
794 304 1025 334 APPENDICES.
1660 305 1720 338 407

105 407 188 440 Divi
196 408 375 447 casimiri,
408 414 513 450 opera
548 403 590 438 P.
635 403 656 437 J
661 400 783 437 oannis
818 399 990 447 Rywocki
1033 398 1116 434 edit.
1153 397 1279 433 Vilnae.
1315 399 1354 433 In
1408 398 1497 434 libro
1530 405 1716 439 Theatrum

106 469 176 493 non
191 457 308 492 omisit
323 459 473 505 scriptor
487 459 697 494 mentionem
713 456 829 503 templi
848 455 1033 491 dedicandi
1046 455 1090 490 D.
1116 454 1158 489 O.
1177 455 1227 490 M.
1241 454 1341 489 titulo
1353 455 1389 490 S.
1411 456 1569 491 Casimiri
1587 457 1632 491 ad
1646 457 1720 491 Do-

106 525 199 548 mum
216 517 371 548 nostram
390 514 602 560 professam3
624 525 691 560 quo
717 517 871 558 tempore
890 512 1004 558 posita
1025 514 1106 546 sunt
1124 510 1342 545 aedificandae
1363 521 1472 545 sacrae
1491 512 1576 546 aedis
1599 511 1720 546 funda-

107 572 235 604 menta.
270 584 286 599 u
317 570 399 604 Dies
419 570 555 610 tertius,
577 569 700 615 inquit,
729 568 838 615 primo
856 566 974 613 templi
1000 565 1389 611 Casimirianijaciendo
1404 566 1511 612 lapidi
1531 567 1632 602 datus
1652 571 1717 602 est.

106 624 228 660 Jactus
259 629 313 660 est
339 637 428 671 pone
446 626 577 667 forum;
613 629 662 666 ut,
685 636 751 670 quo
771 624 846 659 loco
878 634 1010 658 merces
1029 623 1199 658 hactenus
1230 622 1471 668 prestiterant,
1492 623 1540 657 ibi
1558 623 1721 670 deinceps

107 680 314 715 commercia
331 681 558 716 instituantur
574 680 739 715 coelitum.
763 678 975 714 Benedictus
990 683 1043 715 est
1060 678 1149 725 lapis
1164 677 1235 720 ille,
1258 681 1292 713 et
1310 678 1445 714 solenni
1464 679 1531 714 ritu
1546 690 1723 714 consecra-

107 739 163 770 tus
181 747 203 770 a
221 736 381 772 Vilnensi
402 737 554 772 antistite
573 735 777 776 Benedicto,
807 735 989 781 praeniissa
1009 746 1109 770 sacra
1127 734 1255 775 missa;
1283 733 1380 779 cujus
1409 734 1445 768 in
1464 734 1590 776 medio,
1621 735 1723 770 senii-

107 791 229 826 horam
248 792 398 833 circiter,
419 792 466 826 ad
489 791 679 827 confertum
700 791 889 826 Procerum
907 790 1092 837 populique
1111 793 1237 825 coetum
1259 789 1463 824 Vilnensem
1483 789 1570 825 dixit
1591 802 1667 825 cum
1682 791 1724 826 de

108 847 205 882 statis
222 859 333 883 sacrae
353 848 438 883 aedis
453 847 642 883 sundandae
660 847 796 888 ritibus,
824 850 895 881 tum
917 847 960 882 de
978 846 1222 892 religiosorum
1240 845 1424 880 Societatis
1445 846 1528 881 Jesu
1549 846 1707 882 instituto

109 913 242 942 eorum,
264 904 334 949 qui,
352 904 387 938 in
406 903 603 950 perfectiori
621 903 732 948 gradu
752 902 822 942 siti,
841 901 990 947 professi
1009 902 1183 943 dicuntur,
1205 903 1238 936 et
1261 911 1303 935 ex
1318 911 1414 935 mera
1427 901 1562 947 piorum
1597 901 1722 937 libera-

108 957 205 993 litate
217 958 351 994 vivunt.
375 958 430 994 Ad
450 959 513 994 hos
527 958 618 994 enim
637 969 720 992 cura
738 957 824 992 aedis
840 957 1080 993 Casimirianae
1099 957 1258 993 derivata
1273 959 1338 991 est.

559 1085 637 1126 ΑΒ
678 1084 923 1128 MERUM
968 1085 1019 1128 νΙ
1063 1084 1155 1130 (pas
1191 1082 1286 1127 270)-

160 1205 228 1241 An.
255 1206 357 1242 1620.
381 1205 611 1242 Characteres
629 1206 729 1241 incisi
748 1206 783 1240 in
801 1205 953 1252 lapidem
971 1206 1192 1253 angularem,
1208 1206 1340 1253 jactum
1366 1205 1573 1241 aedificando
1600 1205 1728 1254 templo

115 1261 254 1297 Crosis:
847 1263 890 1297 D.
914 1263 956 1298 O.
979 1263 1032 1298 M.

289 1344 321 1380 A
341 1344 528 1380 Salutifero
547 1345 784 1391 integerrimae
798 1344 955 1390 Virginis
970 1349 1071 1391 partu
1090 1356 1183 1381 anno
1201 1346 1312 1392 primo
1328 1357 1433 1392 supra
1452 1345 1640 1381 MDCXX.

165 1399 298 1435 Christi
317 1400 351 1435 iu
367 1401 470 1436 terris
484 1400 624 1435 Vicario
644 1400 689 1434 ad
707 1400 843 1435 clavum
860 1399 1027 1436 Ecclesiae
1045 1403 1233 1438 tenendum
1249 1401 1411 1437 secundis
1429 1402 1595 1449 auspiciis
1609 1414 1731 1438 recens

116 1454 240 1496 electo,
259 1456 488 1491 Sanctissimo
512 1456 555 1491 D.
574 1456 620 1491 N.
644 1456 816 1502 Gregorio
831 1456 901 1491 XV
919 1468 926 1490 ;

166 1511 391 1546 Ferdinando
412 1513 443 1547 II
477 1512 581 1547 Rom.
613 1512 699 1558 Imp.
724 1524 861 1558 semper
895 1511 1069 1558 Augusto,
1099 1510 1298 1546 felicissime
1327 1512 1543 1548 Orthodoxae
1574 1513 1675 1549 Fidei
1699 1517 1733 1549 et

118 1567 236 1607 Pacis,
263 1567 401 1602 domitis
419 1567 590 1609 hostibus,
612 1568 647 1602 in
673 1568 896 1613 imperatorio
916 1567 1065 1602 culmine
1096 1567 1309 1603 trietericum
1336 1569 1522 1605 emetiente
1550 1571 1700 1616 spatium
1723 1581 1729 1604 1

120 1622 353 1658 Serenissimo
385 1623 611 1658 Poloniarum
643 1634 728 1669 rege
772 1623 997 1669 sigismundo
1030 1623 1095 1665 ΙΙΙ,
1120 1623 1303 1670 septimum
1331 1623 1451 1660 divina
1482 1625 1666 1661 clementia
1698 1626 1733 1660 in

120 1678 245 1714 throno
264 1678 377 1725 regali
392 1678 594 1714 considente
611 1679 760 1714 lustrum
778 1692 784 1714 :

171 1734 262 1769 Olim
279 1745 301 1768 a
319 1733 378 1769 fel.
400 1734 535 1770 record.
570 1734 612 1769 D.
638 1734 830 1770 Melchiore
858 1735 944 1770 duce
968 1735 1154 1782 Giedroyc‚
1184 1735 1347 1783 episcopo
1367 1737 1584 1784 Samogitiae,
1607 1738 1733 1773 Crosos

123 1789 157 1824 in
178 1790 406 1836 Samogitiam
421 1790 586 1825 Patribus
603 1790 786 1825 Societatis
806 1791 891 1825 Jcsu
911 1790 1051 1825 adscitis
1069 1803 1075 1825 :

173 1845 264 1880 Illmi
283 1845 326 1880 D.
348 1846 496 1880 ,Ioannis
516 1845 631 1880 Caroli
663 1845 917 1887 Chodkiewicz,
939 1846 1092 1881 Palatini
1110 1846 1290 1882 Vilnensis
1308 1847 1359 1882 M.
1378 1847 1421 1883 D.
1444 1848 1618 1883 Lituaniae
1637 1860 1735 1885 exer-

125 1900 254 1935 cituum
270 1902 435 1947 supremi,
457 1913 521 1936 nec
547 1913 615 1935 non
644 1900 812 1936 adversus
832 1902 982 1936 Turcam
1002 1902 1046 1936 ab
1070 1903 1232 1938 universo
1268 1915 1378 1949 regno
1406 1909 1577 1951 susceptae
1597 1904 1735 1952 expedi-

126 1956 230 1990 tionis
264 1956 446 1991 Generalis
483 1957 602 1997 Ducis‚
637 1957 794 1992 Livoniae
833 1957 1091 2003 gubernatoriS,
1125 1959 1260 1994 comitis
1292 1960 1327 1994 in
1369 1960 1519 2002 Szklow‚
1557 1961 1669 2007 Mysz,
1704 1966 1738 1997 et

127 2011 297 2058 Bychow,
319 2012 560 2058 Derpatensis,
579 2012 732 2053 Luban.‚
766 2012 792 2046 V
796 2012 888 2047 elon.
906 2012 1128 2048 castellorum
1151 2014 1327 2055 Praefecti,
1349 2015 1738 2052 munificaliberalitate

128 2067 280 2103 fundatis
297 2081 304 2103 :
327 2068 408 2103 dum
422 2069 526 2104 iidem
546 2070 672 2104 Patres
690 2069 811 2116 primae
831 2071 1016 2103 structurae
1033 2069 1165 2116 templi,
1186 2070 1223 2105 in
1240 2070 1409 2105 honorem
1424 2082 1561 2117 semper
1574 2071 1737 2107 immacu-

130 2125 211 2161 latae
229 2125 388 2172 Virginis
415 2126 552 2168 Mariae,
575 2126 638 2161 sub
658 2127 732 2173 ejus
756 2125 931 2172 praecipue
959 2125 994 2159 in
1021 2125 1145 2160 coelum
1163 2125 1421 2172 Assumptionis
1443 2127 1544 2162 titulo
1564 2128 1735 2174 erigendi,

131 2193 235 2228 supra
255 2182 346 2216 dicto
365 2193 470 2224 anno,
493 2182 548 2218 die
567 2183 590 2218 2
608 2183 689 2217 maii
711 2182 796 2217 dant
822 2181 971 2223 initium,
1002 2181 1177 2216 Coelicolis
1195 2182 1282 2217 bene
1308 2182 1517 2225 faventibus,
1535 2184 1739 2231 Terrigenis

130 2237 434 2284 applaudentibus.

180 2293 251 2328 Per
270 2293 408 2328 Illmum
428 2305 468 2328 ac
487 2294 617 2330 Rever.
648 2295 682 2329 in
711 2295 848 2330 Christo
868 2295 1009 2330 Patrem
1027 2299 1061 2330 et
1078 2294 1279 2338 Dominum,
1299 2295 1343 2332 D.
1362 2296 1577 2332 stanislaum
1592 2298 1737 2339 Kiszka‚

132 2347 197 2383 Dei
220 2351 254 2383 et
271 2347 394 2394 Apost.
417 2349 509 2384 sedis
534 2351 650 2395 gratia
679 2351 879 2397 episcopum
906 2351 1122 2397 Samogitiae,
1152 2353 1339 2399 primarius
1366 2353 1508 2390 dedicor
1534 2359 1568 2391 et
1585 2355 1620 2390 in
1640 2360 1743 2391 terrae

132 2403 326 2438 visceribus
341 2403 470 2439 condor
488 2403 590 2451 lapis.

184 2470 378 2507 Celebravit
395 2472 485 2507 hanc
505 2473 758 2509 dedicationem
784 2473 1006 2516 carminibus,
1029 2485 1106 2520 quae
1133 2474 1309 2522 inscripsit
1326 2488 1333 2511 ε
1354 2478 1464 2512 Sacra
1482 2480 1690 2513 Lithothesz's
1708 2478 1744 2515 in

135 2527 247 2574 prima
263 2527 397 2574 templi,
420 2528 563 2575 Magnae
594 2529 734 2575 Virgini
753 2529 861 2565 Matri
880 2529 1044 2573 dedicati,
1073 2531 1259 2574 erectione,
1283 2532 1325 2569 P.
1355 2532 1510 2570 Mathias
1528 2533 1740 2571 Sarbievius.
