2184 2953
621 302 724 330 LIBER
748 302 902 330 TERTIUS
923 301 1134 339 (1580-1500).
1656 303 1712 333 121

98 407 174 431 eam
200 395 452 430 consedissent.
484 394 602 429 Primo
630 395 775 430 istorum
802 395 1001 430 mortalium
1029 395 1181 430 adventu
1215 407 1316 430 omne
1345 408 1456 441 genus
1484 397 1630 443 piscium
1658 397 1713 432 vel

97 461 303 496 emortuum,
326 456 380 490 vel
406 457 488 497 alio,
518 468 559 490 ac
579 457 607 490 si
632 458 754 503 gavias
786 458 982 503 cephosque
1009 458 1287 502 conspexissent,
1308 469 1465 492 aversum
1487 471 1573 494 esse.
1601 461 1711 495 Orant

94 519 239 564 Collegii
259 519 428 565 Rigensis
457 523 629 553 rectorem
659 521 881 554 Leonardum
912 520 1113 560 Rubenum,
1136 520 1304 554 veneficio
1332 520 1539 555 medicinam
1558 523 1712 568 aliquam

95 586 131 616 ut
160 581 296 616 afferat.
330 581 474 627 Experti
502 593 581 615 mox
608 582 819 627 piscatores,
851 582 1035 616 ritualibus
1063 583 1284 616 sacerdotum
1312 583 1563 618 catholicorum
1591 597 1710 630 preca-

93 643 246 678 tionibus
261 643 413 677 divinam
434 643 548 677 inesse
568 644 731 679 virtutem
751 658 756 679 :
777 644 879 679 rediit
898 645 1064 678 continuo
1078 644 1178 689 aquis
1197 656 1259 679 sua
1278 645 1499 680 foecunditas.
1523 646 1621 687 Inde,
1640 647 1711 681 laeti

93 704 273 746 beneficio,
305 705 528 739 Leonardum
555 706 696 739 vicatim
725 706 889 746 ductant,
927 710 1032 751 atque
1068 706 1103 739 111
1135 706 1205 741 suis
1237 706 1381 747 retibus,
1412 707 1461 741 illi
1496 708 1642 741 stabulis
1679 712 1713 743 et

93 767 215 806 hortis,
238 766 296 800 alii
316 767 419 801 rebus
439 766 669 802 familiaribus
697 768 775 802 aliis
799 768 968 801 adversus
988 767 1184 801 daemonum
1213 767 1385 802 maleficia
1404 769 1499 803 Deus
1520 768 1639 803 famuli
1660 770 1713 804 sui

92 830 289 876 precatione
323 830 485 863 virtutem
513 829 673 864 similiter
699 834 736 864 ut
765 829 952 875 impertiat,
985 834 1096 863 orant.
1133 829 1262 864 Omnes
1292 831 1379 869 fere.
1411 835 1580 877 quotquot
1612 836 1712 866 erant

92 901 112 924 a
140 890 250 925 Sociis
278 890 440 929 instituti,
472 891 520 924 sic
552 891 586 924 in
620 891 735 925 studio
767 891 948 925 catholicae
981 890 1161 935 religionis
1194 896 1294 925 erant
1326 891 1491 938 deinceps
1521 893 1624 933 firmi,
1659 898 1709 933 ut,

94 952 221 998 saepius
249 951 316 986 fide
346 963 409 985 sua
436 956 582 993 tentata,
614 953 707 986 omni
741 953 1002 987 asseveratione
1042 952 1302 992 confirmarent,
1344 955 1480 989 animas
1517 967 1553 990 se
1599 956 1709 1001 prius,

93 1026 195 1060 quam
234 1013 441 1059 religionem
485 1014 549 1048 sibi
586 1015 876 1055 commendatam,
920 1015 1136 1049 dimissuros.
1172 1015 1211 1049 111
1241 1016 1294 1050 1113
1328 1021 1403 1050 erat
1443 1017 1495 1050 vir
1534 1017 1710 1052 nobilissi-

93 1087 181 1115 mus,
212 1075 414 1110 Fridericus
446 1076 613 1116 Ducerus‚
650 1089 760 1123 nuper
791 1077 833 1111 ad
867 1077 1030 1123 populum
1066 1076 1205 1111 fidelem
1236 1082 1468 1124 aggregatus,
1506 1090 1547 1113 ac
1570 1084 1710 1126 propte-

92 1148 152 1171 rea
178 1137 372 1172 invidiosus
409 1138 493 1172 adeo
525 1138 714 1179 hrerefficis,
738 1144 775 1173 ut
806 1144 1024 1185 quaereretur
1056 1138 1100 1172 ad
1137 1151 1268 1175 necem.
1300 1141 1457 1176 Ducerus
1481 1142 1515 1176 in
1553 1143 1705 1184 circulis,

95 1199 252 1233 Ducerus
281 1199 315 1233 111
344 1200 480 1245 popinis
516 1200 664 1235 maxime
696 1205 729 1235 et
761 1202 898 1246 ganeis,
936 1201 1015 1235 telis
1060 1201 1203 1236 invidiae
1240 1204 1399 1239 omnibus
1433 1205 1631 1250 configitur.
1670 1207 1708 1240 Ι11

91 1260 157 1294 isto
185 1260 384 1295 mortalium
413 1267 585 1295 conventu
613 1262 753 1308 aliquis,
784 1263 829 1296 ad
858 1263 1069 1297 mentionem
1102 1262 1144 1297 de
1177 1264 1358 1300 Friderico
1389 1266 1536 1306 illatam,
1567 1268 1647 1302 vino
1677 1272 1710 1302 et

92 1322 162 1356 bile
191 1322 341 1368 plenus:
365 1323 447 1368 quin
469 1324 559 1369 jam,
590 1325 713 1369 inquit,
745 1326 972 1363 excurrimus,
992 1329 1096 1369 atque
1122 1327 1293 1373 papistam
1321 1329 1414 1364 hunc
1443 1341 1569 1364 novum
1596 1330 1712 1365 conso-

94 1382 230 1418 dimus?
261 1384 357 1418 Ilicet
385 1384 513 1429 gladiis
533 1385 696 1419 succincti
726 1386 878 1421 evolant.
910 1387 978 1421 Sed
1008 1388 1142 1423 facinus
1168 1389 1322 1424 vindicta
1354 1390 1469 1425 divina
1509 1393 1708 1427 antevertit.

104 1448 142 1482 In
163 1448 237 1494 ipso
257 1460 423 1494 procursu
443 1449 635 1483 concitator
653 1450 848 1495 procumbit
867 1462 873 1484 1
891 1461 912 1483 a
928 1450 1093 1493 cerdone,
1114 1453 1183 1488 alio
1202 1454 1410 1489 collineante
1437 1455 1508 1496 illo,
1545 1467 1564 1491 e
1595 1456 1713 1491 fistula

96 1512 208 1547 ferrea
222 1513 401 1558 traiectus.
417 1513 471 1547 Ita
486 1525 567 1548 suos
584 1514 676 1548 Deus
695 1514 767 1548 suis
782 1515 870 1559 tegit
885 1515 1071 1560 praesidiis,
1090 1515 1256 1550 maleficis
1272 1516 1307 1550 in
1322 1516 1500 1551 interitum
1515 1518 1708 1553 ruentibus.

144 1575 301 1620 Derpati,
323 1575 358 1608 in
380 1575 570 1609 excolenda
590 1575 760 1610 Estonum
781 1580 898 1621 gente,
921 1577 1054 1622 agresti
1070 1577 1129 1611 illa
1148 1577 1287 1623 quidem
1306 1578 1462 1624 ingenio,
1494 1580 1555 1613 sed
1582 1580 1713 1626 3111116-

95 1636 177 1670 tatis
209 1636 361 1670 studium
389 1648 576 1682 propenso,
599 1637 773 1672 industria
806 1638 986 1673 Sociorum
1015 1639 1146 1674 utiliter
1173 1640 1393 1675 versabatur,
1423 1641 1503 1675 Jam
1536 1642 1713 1677 Estonicae

94 1697 331 1733 difficultatem
350 1698 483 1744 linguae
497 1699 643 1734 advenae
664 1700 773 1734 nostri
789 1701 1039 1735 exercitatione
1055 1705 1088 1735 et
1104 1713 1166 1735 usu
1187 1695 1422 1748 infregerant;
1445 1705 1530 1739 scite
1545 1704 1635 1739 inter
1654 1716 1713 1739 eos

93 1761 366 1795 concionabatur
385 1761 527 1807 Derpati
549 1762 590 1796 P.
610 1761 763 1796 Thomas
784 1762 945 1797 Busaeus.
970 1764 1007 1796 ln
1024 1763 1098 1797 foro
1119 1764 1275 1798 ‚Joannes
1296 1765 1502 1807 Velcherus,
1527 1767 1559 1800 111
1581 1767 1713 1801 111611133

95 1833 131 1856 36
150 1822 323 1856 nundinas
343 1834 561 1868 paganorum
588 1823 783 1862 insinuans,
807 1824 979 1858 elementa
999 1824 1079 1859 fidei
1107 1837 1148 1859 ex
1175 1826 1288 1871 lapide
1309 1831 1369 1860 aut
1392 1827 1523 1873 stipite,
1545 1840 1612 1874 quo
1644 1833 1713 1863 tur-

93 1883 146 1918 bae
166 1888 259 1918 esset
278 1885 510 1930 conspectior,
533 1889 697 1919 contenta
716 1897 812 1924 voce,
842 1890 879 1920 ut
905 1886 1040 1920 animos
1064 1887 1109 1920 ad
1137 1888 1330 1922 orationem
1355 1900 1453 1923 suam
1473 1890 1709 1933 adverterent,

92 1945 266 1980 monebat.
285 1946 386 1985 Tum,
408 1946 500 1980 facta
523 1947 589 1981 sibi
613 1947 806 1987 audientia,
838 1948 1030 1982 orationem
1059 1948 1280 1988 dominicam,
1310 1950 1507 1996 angelicam
1532 1952 1712 1988 salutatio-

98 2018 187 2048 nem,
214 2008 453 2053 apostolorum
468 2009 676 2055 symbolum,
699 2010 871 2044 recitabat
890 2021 967 2043 cum
986 2010 1138 2055 populo;
1162 2011 1241 2048 inde
1261 2023 1400 2057 agmen,
1420 2025 1462 2047 ex
1477 2014 1711 2051 intervenien-

96 2068 186 2103 tibus
211 2074 362 2111 auctum,
381 2082 519 2105 carmen
536 2082 672 2105 sacrum
697 2071 917 2111 continuans,
941 2071 985 2105 ad
1010 2072 1175 2117 templum
1191 2073 1397 2108 deducebat.
1420 2074 1475 2109 Ad
1489 2087 1586 2111 aram
1607 2089 1711 2123 oppe-

91 2131 244 2165 riebatur
273 2132 436 2177 populum
466 2132 646 2173 sacerdos,
678 2137 886 2179 operaturus
907 2134 1029 2173 sacris,
1061 2134 1089 2167 si
1105 2135 1214 2169 festus
1239 2140 1332 2170 esset
1352 2137 1438 2177 dies,
1463 2140 1633 2174 matutino
1653 2153 1658 2174 :
1682 2141 1711 2175 si

95 2193 279 2238 pmfestus,
303 2195 542 2240 pomeridiano
563 2199 730 2241 tempore,
755 2197 911 2230 110113101-
931 2208 948 2230 6
974 2196 1131 2241 Collegio
1165 2199 1383 2243 expectabat.
1411 2201 1495 2235 Post
1523 2202 1597 2237 liaec
1628 2203 1709 2237 Vel—

94 2255 217 2290 cherus
241 2268 318 2291 cum
349 2261 439 2291 coetu
465 2269 527 2291 3110
557 2269 677 2292 rursus
712 2259 745 2291 in
775 2258 904 2297 sorum,
943 2258 989 2291 ibi
1025 2258 1115 2303 legis
1151 2259 1351 2295 christianae
1383 2268 1570 2309 praecepta,
1600 2266 1709 2300 ternis

92 2319 316 2363 quaternisve
347 2320 492 2354 coetibus
523 2320 666 2360 coactis,
698 2320 867 2366 magister
895 2321 1103 2365 exponebat.
1134 2321 1275 2363 Mirum,
1308 2328 1450 2369 quanto,
1473 2338 1576 2372 quam
1600 2327 1709 2362 alacri

90 2378 126 2412 id
148 2384 222 2414 erat
253 2381 478 2427 obsequentis
504 2382 621 2428 populi
656 2383 784 2416 studio.
816 2382 1004 2422 Nimirum,
1031 2383 1122 2427 quod
1148 2383 1221 2428 jam
1258 2384 1420 2427 diximus,
1446 2385 1552 2434 {gens
1580 2392 1644 2428 est,
1672 2392 1708 2423 ut

91 2440 236 2487 simplex
255 2446 288 2477 et
310 2443 411 2478 facile
426 2444 612 2485 versatilis,
634 2444 681 2478 sic
701 2444 745 2478 ad
760 2444 967 2490 religionem
983 2455 1131 2485 omnem,
1153 2445 1350 2492 cujuscujus
1368 2452 1402 2482 te
1418 2448 1483 2482 sibi
1502 2450 1707 2495 magistrum

89 2502 272 2547 obtuleris,
294 2505 472 2541 voluntate
499 2518 693 2551 propensa3
712 2507 828 2551 itaque
852 2510 885 2540 et
905 2518 981 2550 quae
998 2505 1080 2550 ipsis
1106 2518 1242 2548 narras,
1260 2513 1456 2553 perattente
1483 2512 1702 2547 auscultant:

1548 2573 1577 2598 16

1742 402 1805 428 1584

1794 441 1834 466 25.

1740 481 1885 507 Ritualium

1741 520 1871 554 precatio-

1739 568 1801 585 num
1820 559 1860 585 vis

1739 599 1766 624 in
1776 599 1886 631 piscatu.

1743 637 1874 664 RRubeni

1740 684 1813 702 curm.

1741 1004 1862 1069 0311161311-

1741 1090 1825 1108 (ῸΓῙΠΥΙ
1833 1091 1884 1109 Vll*-

1740 1123 1791 1147 tus.

1794 1254 1833 1279 27.

1741 1292 1840 1325 Sangui

1740 1330 1807 1356 narii
1822 1330 1865 1355 ho-

1740 1369 1819 1394 minis
1832 1369 1859 1394 in

1739 1414 1785 1431 suo
1795 1406 1880 1431 crimi-

1740 1452 1771 1470 ne
1786 1453 1869 1478 poena.

1787 1576 1818 1594 9:

1788 1591 1827 1601 μμ.

1740 1616 1852 1643 Estones

1739 1656 1773 1681 ad
1784 1656 1886 1689 religio—

1740 1703 1798 1720 nem
1812 1703 1868 1721 eru-

1739 1733 1856 1760 (liuntur.
