2184 2953
630 320 736 348 LIBER
757 317 910 347 TERTIUS
931 314 1143 352 (1:380-1590).
1659 308 1716 339 133

104 408 207 447 diam,
234 407 443 442 sermunculi
464 409 555 443 inter
577 408 765 444 malevolos
791 412 824 442 et
847 404 1094 451 querimoniae;
1124 408 1161 439 ut
1185 408 1370 449 propterea
1400 403 1566 437 Claudius
1600 402 1713 438 (310110-
1746 408 1810 435 1585

104 469 200 511 ralis,
219 470 425 505 concedente
444 471 628 516 Gregorio,
650 472 725 505 istis
749 469 977 506 Possevinum
993 467 1087 501 curis
1102 466 1308 506 exsolverit;
1330 465 1413 510 quin
1432 477 1453 499 a
1471 466 1717 511 procuratione

104 532 207 567 etiam
231 533 508 573 seminariorum,
527 534 650 578 quibus
670 533 854 579 praefectus
874 534 966 565 esset
986 529 1021 562 in
1043 528 1202 568 polonia,
1220 527 1393 562 revocarit
1410 527 1455 560 ad
1474 527 1719 572 conjungenda

104 605 179 628 cum
197 594 346 639 negotiis
367 595 530 640 Campani
554 594 824 640 provincialibus
851 591 1011 627 consilia.
1041 590 1109 624 Per
1135 589 1340 628 Antonium,
1368 588 1411 621 ad
1439 588 1591 622 Polonos
1622 588 1719 633 lega-
1796 639 1827 663 35

1750 677 1860 703 Polociae

104 718 267 764 praefecto
292 716 469 753 Stanislao’
485 718 652 754 Wloszek
676 723 822 754 rectore.
850 718 934 751 Inde
955 717 988 757 (1)
1009 713 1223 750 Possevinus
1257 712 1416 757 Rigense
1440 715 1473 745 et
1502 710 1720 755 Derpatonse
1750 717 1881 742 Sociorum

105 791 165 825 pro
190 780 364 825 Campano
385 781 465 814 visit
485 781 663 826 Collegia3
690 793 756 826 quo
789 792 826 815 se
848 779 976 818 turbae,
1005 777 1176 811 adversus
1206 774 1340 814 Socios,
1374 773 1464 818 quod
1487 772 1718 810 narravimus,
1750 755 1881 820 {ffissngsslm

103 841 261 875 excitatae
284 847 464 877 vocarunt.
487 843 639 877 Comites
658 843 779 876 habuit
804 843 877 877 PP.
906 841 1077 876 Thomam
1112 837 1270 876 Samum,
1297 837 1469 871 Joaniiein
1496 835 1719 875 Fornerium‚
1752 831 1838 893 ffeltia

103 660 185 695 tum,
208 656 415 701 praepositus
442 656 625 701 Aquaviva
648 657 817 691 coloniam
843 655 1024 689 Sociorum
1046 652 1274 686 Polocensem
1293 650 1389 684 auxit
1415 649 1515 683 titulo
1549 649 1718 694 Collegii,

104 907 137 938 et
155 903 441 950 Christophorum
460 905 494 938 in
518 917 555 939 re
574 905 770 939 domestica
790 903 997 949 adjutorem.

152 965 313 999 Jucunda
336 977 473 1012 quoque
492 978 611 1000 eorum
634 966 844 1003 recordatio,
871 976 951 1009 quie
971 963 1053 998 alibi
1082 963 1265 997 Sociorum
1297 961 1488 996 ministerio
1512 960 1629 994 divina
1652 960 1725 1005 egit
1779 1013 1786 1017 .
1803 964 1840 1017 3ιὸ-

104 1025 314 1070 benignitas.
338 1025 544 1071 Peramplos
576 1026 708 1060 fructus
735 1026 876 1071 collegit
902 1025 998 1060 labor
1020 1025 1144 1071 ipsius,
1175 1026 1266 1060 inter
1296 1024 1381 1059 alios
1402 1022 1604 1068 satagentis,
1628 1021 1723 1056 Petri
1752 1004 1896 1067 {lgssssigffilm

106 1087 256 1133 Skarga.
288 1088 382 1122 Inter
411 1087 500 1122 bene
527 1088 653 1122 multos
678 1089 721 1123 ad
761 1088 950 1122 Ecclesiam
981 1090 1162 1121 revocatos
1188 1087 1256 1121 duo
1284 1090 1384 1121 erant
1406 1085 1562 1130 insignes
1585 1097 1590 1118 :
1620 1084 1720 1118 alter.
1751 1082 1896 1147 ffimEssngf

106 1148 241 1194 spirans
263 1148 349 1183 illud
370 1160 388 1183 e
407 1149 544 1195 tripode
567 1149 773 1183 Calviniano
796 1149 987 1189 oraculum,
1010 1147 1158 1193 triginta
1188 1148 1282 1193 ipsos
1315 1158 1426 1181 annos
1457 1150 1669 1191 repurgatae,
1695 1146 1724 1179 si
1751 1163 1844 1189 vocati

107 1209 179 1244 Deo
204 1209 330 1255 placet,
362 1210 542 1255 religionis
577 1211 757 1255 magister,
790 1210 946 1244 Adamus
982 1209 1154 1255 Copichus
1182 1223 1188 1244 :
1219 1209 1321 1250 alter,
1351 1221 1369 1244 e
1396 1209 1519 1243 castris
1541 1208 1723 1243 Societatis

107 1271 236 1316 pariter
259 1283 298 1305 ac
321 1272 491 1306 Roman-ee
515 1271 684 1307 Ecclesiae
707 1272 864 1318 perfuga,
890 1272 1109 1307 Christianus
1130 1272 1370 1306 Franchenus.
1393 1272 1458 1306 His
1483 1276 1516 1305 ct
1531 1271 1609 1305 aliis
1630 1276 1723 1306 ante-

107 1345 195 1380 pone
219 1334 318 1375 duos,
355 1335 495 1380 generis
522 1334 718 1376 nobilitate,
745 1335 946 1369 muneribus
977 1334 1140 1380 publicis,
1165 1338 1199 1369 et
1220 1335 1353 1370 meritis
1378 1335 1413 1369 in
1435 1335 1583 1380 patriam
1615 1334 1722 1379 longe

109 1393 319 1429 clarissimos
341 1406 347 1428 :
369 1394 543 1428 Joannem
568 1394 753 1429 Dulskium
775 1397 1005 1431 castellanum
1033 1396 1265 1437 Culmensem,
1289 1408 1488 1443 supremum
1512 1395 1613 1441 regni
1648 1396 1724 1431 the-

112 1454 317 1494 saurarium,
340 1466 361 1488 a
378 1466 485 1500 puero
513 1454 547 1488 in
569 1454 650 1489 aula
669 1456 819 1502 Augusti
845 1459 858 1492 Ι
883 1459 1040 1493 Poloniae
1062 1460 1157 1506 regis
1183 1461 1273 1495 inter
1294 1461 1478 1496 haereticos
1507 1461 1692 1496 educatum
1715 1473 1721 1494 :

113 1518 297 1553 Ernestum
314 1519 517 1559 Veiherum,
536 1532 555 1554 e
573 1524 772 1566 pervetusta
787 1521 1014 1555 Pomeranica
1028 1525 1145 1566 gente,
1163 1522 1197 1556 in
1221 1522 1367 1556 Prussia
1384 1522 1526 1557 familiae
1542 1526 1722 1568 parentem

110 1591 194 1621 suae,
215 1580 355 1616 heroem
379 1582 483 1616 rebus
507 1582 617 1627 gestis
640 1582 829 1628 inclytum,
856 1583 1090 1617 communioni
1117 1583 1273 1618 fidelium
1297 1595 1402 1630 opera
1417 1585 1514 1619 Petri
1530 1585 1720 1618 restitutos.

69 1653 71 1655 ·
109 1641 258 1677 Pulchra
281 1654 416 1690 quoque
436 1644 583 1678 facultas
607 1644 711 1678 officii
743 1644 860 1679 oblata
890 1648 943 1679 est
973 1644 1119 1680 Alberto
1152 1645 1416 1680 Mroskowskio
1446 1646 1725 1680 Nesvisiensium

111 1703 289 1738 Sociorum
322 1705 450 1740 rectori
475 1717 537 1751 per
566 1710 745 1741 auctorem
777 1707 851 1752 ejus
881 1706 1029 1751 Collegii
1068 1706 1257 1753 principem
1291 1707 1476 1742 Nicolaum
1512 1707 1725 1742 Radivillum
1751 1702 1887 1767 Βδέέῖίῃᾟ

111 1766 327 1801 Vilnensium
345 1768 531 1813 praesidem
551 1768 758 1814 palatinum.
781 1768 906 1802 Datam
926 1768 991 1802 sibi
1016 1779 1127 1814 nuper
1145 1769 1181 1802 in
1206 1769 1463 1803 matrimonium
1488 1769 1726 1804 Elisabetham
1751 1760 1875 1813 principis

111 1828 351 1874 Euphemiam,
373 1829 526 1864 Andreae
548 1829 801 1865 Visniovieckii
822 1829 968 1875 palatini
992 1830 1260 1864 Volhinensium
1286 1831 1406 1870 filiam,
1436 1831 1596 1876 princeps
1627 1831 1724 1865 insti·
1751 1826 1881 1884 ἓῖηξῑξω

110 1893 193 1924 tutae
215 1891 258 1925 ad
281 1891 507 1926 christianam
534 1892 702 1938 pietatem
720 1892 801 1925 vitre
824 1891 993 1937 exemplis
1013 1903 1086 1925 suae
1109 1897 1143 1926 et
1166 1892 1321 1929 consiliis
1341 1892 1488 1931 induxit,
1507 1904 1527 1926 a
1543 1892 1725 1927 Photianis
1751 1899 1818 1926 laus,

112 1953 286 1987 erroribus
321 1954 365 1987 ad
400 1954 582 1999 religionis
619 1954 801 1989 veritatem
837 1953 1018 1988 catholicae
1044 1957 1082 1987 ut
1113 1954 1313 1999 respiceret.
1347 1955 1386 1988 In
1420 1959 1578 2000 suscepto
1602 1955 1724 1989 salutis

115 2014 256 2049 consilio
285 2015 342 2060 qui
363 2027 440 2050 eum
468 2016 662 2061 adjuvaret,
687 2016 869 2051 Albertum
891 2015 1049 2049 accersiit
1073 2016 1351 2055 Sandomiriam;
1374 2016 1431 2050 uhi
1452 2020 1525 2049 tum
1556 2017 1723 2061 conjuges

114 2077 415 2111 commorabantur
434 2078 548 2112 ambo.
570 2078 651 2112 Rite
666 2078 701 2111 111
717 2077 910 2112 Ecclesiam
932 2080 1072 2121 accepta
1095 2081 1205 2111 totam
1224 2088 1261 2111 se
1277 2077 1397 2122 pietati
1413 2076 1555 2118 dedidit,
1574 2078 1724 2123 aequabi-

112 2136 246 2183 lemque
270 2138 350 2173 inde
369 2139 450 2173 vitae
470 2139 515 2173 ad
542 2151 740 2185 supremum
760 2139 850 2173 diem
872 2139 984 2172 tenuit
1007 2138 1190 2173 rationem.
1218 2138 1382 2183 Elogium
1406 2138 1510 2184 hujus
1536 2139 1571 2172 in
1593 2139 1721 2185 templo

114 2199 257 2245 Collegii
268 2201 501 2236 Nesvisiensis
513 2206 625 2235 exstat
635 2202 699 2236 hoc
713 2201 792 2236 etin
803 2202 1036 2234 Monumentz's
1047 2200 1199 2233 Simonis
1211 2200 1441 2234 Starowolski
1455 2213 1461 2234 1
1474 2212 1720 2236 ELISABETHAE.
1750 2226 1895 2260 Epitaphi-

115 2272 321 2297 EUPHEMIAE.
338 2275 395 2298 DE.
414 2275 625 2298 vismovfflc.
644 2275 840 2297 MATRONAE.
859 2272 1140 2296 HoNEsTISSIMAE.
1159 2273 1318 2295 PALMAM.
1337 2273 1576 2297 EXTENDENTI.
1594 2275 1720 2299 v1nU1s.
1749 2276 1800 2294 um.

116 2333 169 2358 ΕΤ.
191 2335 379 2359 ORPHANIS.
401 2337 494 2363 QUAE.
517 2337 566 2359 IN.
596 2336 774 2359 AUGENDo.
803 2335 927 2358 CULTU.
957 2334 1089 2357 DIVINO.
1118 2334 1174 2357 ET.
1204 2334 1445 2359 ORNAMENTIS.
1467 2336 1718 2359 ECCLESIARUM.

114 2397 198 2421 TUM.
220 2399 342 2423 nimus.
364 2400 453 2423 LOCI.
475 2400 628 2423 ALTARE.
651 2399 729 2422 Hoc.
749 2400 778 2423 s.
799 2398 934 2421 CRUCIS.
958 2397 1012 2420 ET.
1036 2397 1307 2421 MONASTERIUM.
1333 2399 1362 2422 8.
1380 2398 1591 2422 EUPHEfflAE.
1611 2399 1722 2422 MUNI-

114 2460 366 2485 FICENTISSIME.
393 2462 514 2485 AUXIT.
536 2462 622 2485 TUM.
651 2461 881 2484 EXTERORUM.
904 2459 1143 2483 FAOULTATES.
1163 2460 1261 2483 SUAS.
1284 2460 1492 2484 HILARITER.
1520 2460 1721 2484 DISTRIBUE-

154 2525 192 2560 (1)
219 2525 384 2553 Posscrinus
402 2526 529 2553 Livonicn
546 2526 607 2552 visu
632 2526 782 2552 domicilia.
