2184 2953
414 296 476 327 316
806 296 1080 325 LITUANICARUM
1105 296 1319 324 SOCIETATIS
1341 297 1426 325 JESF
1454 295 1704 323 HISTORIABUM

248 395 308 421 1636
468 390 544 428 Quo
570 388 732 434 princeps
751 388 971 423 Sarbievium
991 391 1025 422 et
1051 387 1252 422 universam
1280 386 1315 420 in
1342 396 1383 420 eo
1403 384 1599 420 Lituanicae
1617 383 1833 430 provinciam
1861 384 2048 420 Societatis

418 452 584 497 dignatus
620 451 664 486 sit
699 451 845 489 honore.
876 463 919 486 ex
959 449 1166 485 Everhardo
1206 448 1471 493 Vassenbergio
1513 447 1733 481 Embricensi
1777 458 1970 493 cognosces
2003 447 2049 494 (1)

421 529 435 542 α
459 514 556 548 Inter
587 514 717 555 omnia,
751 514 877 559 inquit,
913 511 1003 547 nihil
1038 511 1257 558 praeclarius,
1293 510 1382 544 nihil
1409 510 1452 544 ad
1490 509 1688 555 exemplum
1720 509 1915 555 principum
1948 509 2052 556 hujus

421 590 435 604 α
459 576 525 611 aevi
557 575 745 616 efficacius,
767 575 856 610 nihil
887 574 933 609 ad
964 575 1135 609 honorem
1166 573 1386 608 eruditorum
1418 571 1574 606 virorum
1606 570 1819 606 luculentius
1851 571 1927 613 fuit,
1950 583 2054 618 quam

421 652 436 666 α
459 649 560 684 aeque
578 649 656 672 sese
675 648 853 672 musarum
879 648 921 671 ac
949 636 1077 670 Martis
1106 640 1140 670 et
1158 635 1317 670 Bellonae
1345 634 1520 685 consortio
1542 633 1719 668 oblectare
1742 645 1748 667 :
1771 633 1839 669 imo
1858 637 1938 679 post
1956 645 2055 668 arma

422 715 437 729 α
460 704 494 736 et
512 712 633 747 pacem
652 700 741 736 nihil
771 700 858 734 adeo
887 711 928 734 ac
953 699 1091 734 litteras
1120 702 1154 732 et
1182 698 1275 732 viros
1306 697 1483 731 litteratos
1515 708 1645 731 amare.
1669 696 1832 730 Habebat
1857 696 1894 730 in
1924 696 2057 731 familia

247 781 395 809 Savbievius
423 778 438 791 α
461 774 537 803 sua,
559 766 688 808 praeter
708 761 795 796 alios
818 762 912 796 viros
931 761 1168 799 doctissimos,
1188 759 1366 794 Mathiam
1404 758 1612 793 Casin‘iirum
1638 758 1871 798 Sarbievium‚
1890 758 2003 792 virum
2021 758 2057 793 in

250 825 340 875 iam-ca
360 823 393 849 ab
425 840 440 854 u
463 825 589 859 divinis
620 824 852 869 humanisque
879 823 1006 858 litteris
1031 822 1189 868 apprime
1217 825 1408 860 versatum,
1439 821 1535 867 poesi
1562 832 1646 855 vero
1674 821 1723 854 ita
1750 821 1961 855 eminentem
1980 824 2057 855 uta

251 865 394 935 3313?
428 901 442 915 a
467 887 610 922 Summo
640 886 811 921 Pontifice
839 886 984 920 Urbano
1016 885 1105 919 VIII
1131 884 1254 919 laurea
1281 883 1431 917 donatus
1460 883 1576 922 fuerit,
1607 894 1651 917 ex
1666 887 1738 917 toto
1769 886 1942 917 terrarum
1973 883 2058 918 orbe

250 950 294 975 tus
318 948 395 992 *La-ns
426 964 441 978 u
464 961 531 984 non
552 960 682 995 suppar
700 951 834 982 tantum
854 947 1014 987 Horatio,
1038 947 1100 981 sed
1139 958 1203 993 par
1222 950 1327 991 atque
1347 945 1506 991 superior
1537 946 1641 980 etiam
1665 945 1797 991 passim
1821 944 2055 991 judicaretur.

250 987 387 1014 Sarbievu.
426 1025 441 1040 α
463 1011 562 1046 Adeo
593 1010 763 1056 profecto,
794 1014 972 1056 superstes
1003 1009 1085 1044 licet
1111 1009 1241 1049 adhuc,
1277 1008 1447 1042 invidiam
1479 1008 1633 1042 omnium
1665 1019 1929 1053 supergressus,
1959 1010 1998 1042 ut
2023 1007 2058 1041 in

427 1088 442 1102 α
465 1073 657 1120 gymnasiis
689 1083 825 1118 quoque
857 1083 965 1118 opera
993 1072 1068 1117 ejus
1099 1071 1236 1117 publice
1268 1070 1560 1117 preelegerentnr.
1584 1070 1687 1105 Hunc
1718 1082 1736 1105 e
1766 1070 1942 1105 Societate
1972 1070 2060 1105 Jesu

251 1139 381 1184 P.Pstr03
428 1151 443 1164 α
466 1137 525 1181 (ex
544 1146 613 1181 qua
632 1138 667 1169 et
685 1133 933 1169 illustrissimae
964 1133 1109 1168 familiae
1133 1128 1260 1172 virum,
1282 1144 1361 1179 quae
1380 1132 1498 1167 varios
1530 1136 1726 1172 senatores,
1748 1136 1782 1166 et
1801 1133 1901 1178 quasi
1928 1131 2060 1178 Reipu-

250 1179 399 1254 ξζῗέξζὲζὲ
428 1212 443 1226 α
466 1197 567 1232 blicae
598 1197 722 1239 fulcra,
762 1207 873 1242 regno
909 1196 1045 1241 genuit,
1073 1195 1291 1230 Stanislaum
1333 1194 1578 1233 Pstrokonski‚
1625 1194 1781 1228 doctrina
1817 1197 1852 1229 et
1882 1205 2061 1228 sacrarum

429 1259 662 1294 “litterarum
708 1258 837 1304 peritia
871 1258 1098 1304 singularem,
1130 1257 1384 1292 confessarium
1414 1256 1538 1302 habet)
1577 1255 1782 1290 Vladislaus
1809 1267 1872 1290 rex
1908 1256 1945 1290 in
1980 1267 2062 1290 con-

253 1324 383 1372 Ifaus·So-
430 1337 445 1351 α
468 1322 683 1356 cionatoreni
728 1332 828 1355 suum
868 1319 966 1366 legit.
1003 1320 1105 1354 Hanc
1144 1320 1237 1354 enim
1279 1319 1504 1359 Societatem,
1548 1318 1635 1353 sicut
1678 1318 1837 1364 plerique
1872 1318 2062 1353 christiani

252 1367 365 1393 metatis.
431 1399 445 1413 ιι
469 1384 657 1430 principos,
680 1382 724 1417 ob
744 1382 952 1423 doctrinam,
976 1382 1082 1416 vitam
1114 1382 1344 1428 inculpatam,
1367 1385 1402 1416 et
1427 1381 1510 1416 fidei
1540 1381 1790 1427 promovendae
1822 1380 1946 1421 zelum,
1969 1383 2062 1415 arcte

432 1460 446 1474 a
470 1444 725 1492 complectitur;
748 1444 831 1478 licet
862 1443 964 1478 multi
995 1456 1037 1479 ex
1064 1443 1172 1490 vulgo
1206 1443 1286 1484 viri,
1307 1442 1419 1478 livore
1451 1443 1564 1489 magis
1592 1447 1626 1478 et
1651 1442 1934 1478 dissimilitudine
1965 1442 2061 1482 vitae,

432 1524 447 1538 ει
470 1519 572 1554 quam
600 1507 737 1541 ratione
756 1505 864 1547 ducti,
886 1518 1138 1552 nonnunquam
1166 1506 1280 1540 minus
1304 1505 1453 1540 candide
1479 1505 1681 1540 traducant.
1705 1504 1775 1540 Sed
1806 1508 1901 1539 recte
1928 1505 2064 1539 Seneca

431 1586 447 1599 ιι
469 1570 600 1617 (Epist.
634 1568 692 1613 29)
728 1580 734 1602 ;
770 1568 847 1614 quis
878 1572 993 1614 potest
1037 1568 1179 1614 placere
1207 1567 1366 1614 populo?
1394 1567 1448 1602 cni
1475 1567 1591 1613 placet
1621 1567 1761 1602 virtus?
1794 1566 1901 1601 Malis
1932 1565 2066 1601 artibus

431 1648 446 1661 α
468 1631 648 1678 popularis
678 1631 776 1665 favor
803 1631 972 1677 quaeritur
1003 1643 1009 1665 ;
1045 1630 1195 1666 similem
1225 1634 1261 1665 te
1292 1629 1415 1670 facias,
1437 1633 1601 1676 oportet.
1635 1628 1717 1663 Non
1748 1629 1962 1675 probabunt,
1996 1628 2066 1662 nisi

432 1712 447 1726 α
469 1695 711 1741 cognoverint.
748 1694 861 1729 Multo
893 1698 1009 1729 autem
1042 1694 1084 1728 ad
1112 1706 1184 1729 rem
1213 1694 1328 1740 magis
1355 1693 1519 1740 pertinet,
1543 1692 1657 1738 qualis
1683 1692 1748 1726 tibi
1775 1691 1941 1733 videaris,
1965 1703 2067 1737 quam

254 1788 403 1815 Sarbievius
432 1774 447 1789 e<
470 1758 583 1805 qualis
611 1757 704 1792 aliis.
727 1756 926 1797 Conciliari,
947 1756 1014 1790 nisi
1041 1756 1135 1803 turpi
1158 1757 1307 1797 ratione,
1331 1767 1430 1790 amor
1453 1755 1607 1801 turpium
1635 1766 1704 1788 non
1735 1758 1863 1800 potest.
1888 1754 2066 1789 Caeterum

256 1828 394 1855 conciona-
433 1836 448 1851 a
470 1825 508 1856 ut
539 1821 583 1855 ad
614 1832 688 1855 rem
719 1823 887 1861 revertar,
922 1818 1131 1854 Vladislaus
1159 1831 1222 1853 rex
1248 1819 1341 1853 hunc
1368 1817 1608 1852 doctissimum
1635 1817 1749 1850 virum
1774 1817 1852 1862 jam
1883 1820 1998 1858 antea,
2032 1819 2068 1851 ut

254 1872 295 1896 tor
305 1869 402 1903 regius,

256 1914 283 1938 et
303 1911 402 1938 theolo-

255 1958 313 1983 gns.
438 1962 453 1976 aa
476 1945 718 1992 comperisset,
749 1944 807 1991 qui
834 1944 1005 1978 salutaria
1024 1943 1141 1989 potius
1169 1955 1273 1989 quam
1292 1943 1421 1989 placita
1438 1941 1664 1988 propinaret;
1687 1944 1721 1975 et
1740 1941 1797 1975 cui
1817 1941 2067 1976 conscientiam

439 2025 453 2039 α
475 2008 673 2054 animaeque
693 2019 767 2042 snae
786 2006 935 2042 salutem
962 2010 1036 2041 tuto
1069 2006 1318 2046 concrederet;
1354 2008 1495 2039 secutus
1531 2002 1566 2036 in
1594 2002 1659 2036 hoc
1679 2002 1865 2037 consilium
1897 2002 2067 2049 sapientis

434 1899 449 1913 a
472 1884 556 1924 dixi,
578 1884 615 1918 in
633 1882 915 1918 concionatorem
948 1893 1049 1916 suum
1076 1881 1239 1927 legerat;
1275 1892 1353 1915 cum
1385 1884 1419 1914 et
1445 1879 1683 1924 integerrima)
1714 1878 1810 1918 vitae,
1833 1883 1867 1914 et
1894 1879 2067 1925 ejusmodi

435 2088 450 2103 α
472 2073 573 2108 latini
595 2089 603 2106 .·
624 2072 794 2117 eligamus
810 2082 878 2105 non
894 2081 968 2109 eos,
990 2069 1048 2115 qui
1065 2069 1173 2103 verba
1192 2079 1323 2113 magna
1345 2065 1525 2101 celeritate
1549 2064 1786 2110 praecipitant,
1808 2069 1842 2099 et
1866 2076 2066 2100 communes

435 2152 449 2166 κ
472 2137 567 2171 locos
586 2136 745 2175 volvunt,
776 2139 810 2169 et
842 2135 877 2168 in
900 2134 1038 2180 privato
1067 2131 1305 2171 circulantur3
1329 2130 1389 2164 sed
1413 2140 1486 2168 608,
1517 2128 1575 2174 qui
1609 2129 1680 2162 vita
1710 2128 1836 2162 docent
1858 2141 1865 2162 :
1888 2129 1959 2174 qui,
1982 2141 2059 2163 cum

259 2203 361 2236 Regula
435 2212 450 2226 a
473 2196 637 2235 dixerint,
659 2195 743 2241 quid
762 2194 961 2229 faciendum
988 2194 1044 2234 sit,
1072 2194 1224 2239 probant
1250 2191 1411 2227 faciendo
1430 2203 1436 2224 z
1460 2191 1518 2236 qui
1542 2190 1681 2229 docent,
1702 2190 1786 2236 quid
1804 2191 1982 2225 vitandum
1998 2191 2055 2232 sit,

257 2243 336 2276 hujus
350 2250 405 2268 mu-

259 2284 337 2310 neris.
435 2274 450 2288 2⁴
478 2271 541 2293 nec
560 2269 713 2303 unquam
736 2258 770 2291 in
798 2269 851 2297 eo,
866 2256 960 2302 qnod
978 2256 1187 2301 fugiendum
1207 2255 1374 2293 dixerint,
1398 2253 1720 2298 deprehenduntur.
1745 2253 1835 2287 Eum
1854 2252 1946 2298 elige
1966 2253 2064 2299 adju-

436 2337 451 2351 α
472 2325 599 2360 torem,
625 2332 728 2366 quem
754 2319 866 2365 magis
893 2319 1095 2358 admireris,
1119 2330 1226 2364 quum
1258 2317 1402 2357 videris,
1430 2328 1533 2362 quam
1563 2328 1641 2350 cum
1668 2315 1837 2350 audieris.
1868 2316 1954 2350 Cum
1978 2327 2064 2361 ergo

436 2401 451 2415 a
474 2384 769 2432 prudentissinms
788 2396 849 2418 rex
864 2384 955 2417 hunc
971 2383 1036 2417 sibi
1058 2383 1091 2416 in
1117 2385 1253 2427 patrem
1276 2378 1533 2424 quodammodo
1553 2378 1771 2424 adoptasset,
1794 2382 1828 2413 et
1854 2378 2065 2424 profundam

436 2463 451 2477 α
474 2448 550 2493 ejus
569 2446 764 2481 doctrinam
779 2446 934 2491 quotidie
954 2445 1067 2491 magis
1090 2448 1124 2479 et
1149 2441 1261 2488 magis
1281 2441 1591 2482 animadverteret,
1619 2441 1731 2475 virum
1754 2444 1806 2475 tot
1824 2441 1981 2487 gentium
2000 2440 2066 2474 lin-

475 2518 515 2553 (1)
537 2516 686 2544 Goslornni
709 2515 903 2549 gloriosis->imi
924 2522 956 2541 ao
974 2514 1146 2541 invictissimi
1165 2511 1295 2539 Vladisiai
1314 2510 1359 2544 IV,
1381 2510 1441 2538 Pol.
1461 2514 1488 2538 ct
1513 2510 1596 2538 Suco.
1623 2511 1710 2545 regis,
1735 2513 1805 2546 part.
1826 2510 1855 2544 2,
1873 2510 1921 2538 lib.
1941 2509 1968 2536 3.
