2184 2953
238 383 299 409 1570

229 763 339 790 Fructus

225 804 376 829 certaminis

224 843 250 868 et
256 842 369 870 victoriae

221 1212 302 1238 Tricae
308 1220 366 1240 cum

220 1251 335 1278 Parocho

218 1292 316 1319 Roisio.

214 1770 350 1804 Templum

213 1812 274 1838 Divi
281 1813 359 1839 Joan-

212 1853 253 1878 nis
277 1852 359 1879 Colle-

212 1893 255 1924 gio
278 1893 356 1918 attri-

210 1929 312 1955 butum.

269 2211 308 2237 24.

209 2250 356 2277 Brunsber-

209 2302 247 2327 gae
267 2291 356 2318 Marti-

208 2340 257 2358 nus
268 2331 356 2356 Later-

207 2379 241 2396 na
285 2368 355 2394 novi-

209 2410 271 2435 tius.

411 298 451 329 42
656 298 928 329 LITUANICARUM
952 300 980 330 S.
1005 301 1030 330 J.
1056 301 1307 332 HISTORIARUM
1331 303 1439 332 LIBER
1464 305 1598 334 PRIMUS
1621 305 1831 346 (1564-1570).

411 393 511 429 dacia
527 394 707 440 repentino
722 405 788 441 quo
806 394 924 429 nescio
939 397 1033 429 metu
1051 393 1238 439 obtorpuit.
1268 393 1395 428 Totum
1419 395 1536 442 itaque
1559 397 1724 438 triduum,
1745 399 1841 433 nullo
1859 400 2023 446 interpel-

408 455 503 490 lante
518 455 599 497 alio,
617 455 791 491 haereticis
810 456 1001 502 periculum
1018 455 1274 495 recusantibus,
1300 456 1393 490 inter
1415 457 1509 502 ipsos
1524 458 1666 494 Sodales
1692 464 1831 495 nostros
1854 461 2022 508 discepta-

407 524 492 555 tum.
511 521 600 555 Pars
613 519 751 555 interim
766 523 913 566 utraque
930 532 1003 555 rem
1023 531 1121 554 suam
1136 520 1265 565 agebat
1280 524 1419 554 strenue
1438 532 1444 554 :
1462 524 1500 555 ut
1514 521 1589 556 haec
1603 533 1665 568 pro
1681 523 1862 569 religionis
1878 525 2023 559 veritate

406 582 625 624 certantium,
647 582 695 617 sic
716 582 790 623 illa,
813 593 855 616 ex
878 593 1029 627 persona
1047 582 1120 628 jam
1148 582 1293 623 Calvini‚
1309 582 1384 628 jam
1403 582 1491 625 Arii,
1509 584 1580 629 jam
1599 585 1720 620 Luteri
1745 590 1779 621 et
1793 587 1944 633 Zvinglii
1963 599 2022 633 op-

405 644 646 690 pugnantium.
671 643 850 690 Fjusmodi
878 644 1144 683 controversiis,
1173 643 1341 678 institutis
1369 644 1518 691 saepius,
1548 646 1710 682 effectum
1737 649 1906 695 denique,
1932 650 2023 684 utin

404 707 579 743 haereticis
601 707 741 753 quidem
758 707 964 741 hebesceret
983 707 1111 742 sensim
1132 707 1224 742 acies
1252 708 1470 743 auctoritatis
1497 712 1532 743 et
1561 709 1732 755 opinionis
1759 712 2018 758 przejudieatae;

405 770 441 804 in
459 769 587 816 populo
605 773 721 804 autem
739 768 833 803 fideli
852 769 1071 813 erigerentur
1089 770 1206 811 animi,
1227 774 1261 805 et
1279 770 1569 804 confirmarentur
1587 771 1623 805 in
1642 772 1756 807 studio
1774 774 1914 808 tuenda*
1930 774 2020 808 veri-

404 832 500 871 tatis,
518 832 598 866 inde
617 831 668 864 illi
682 830 780 864 adire
797 833 936 864 nostros
955 830 1170 875 frequentius
1191 843 1197 865 2
1220 830 1369 866 consilia
1390 835 1508 876 petere
1535 831 1757 873 familiarius,
1776 834 1857 868 fidei
1876 834 2020 868 Patrum

404 893 646 928 commendare
661 904 697 926 se
716 895 749 926 et
767 891 922 925 credere.
943 890 1206 938 Ainplissimum
1225 892 1362 927 consilii
1381 892 1433 926 sui
1452 892 1601 927 fructum
1620 894 1753 940 cepisse
1767 895 1843 941 J'am
1861 907 1910 935 se,
1933 896 2021 930 exis-

401 956 557 992 timasset
575 954 798 993 Valerianus,
817 953 846 987 si
870 952 1066 998 colligendo
1085 954 1130 987 ad
1146 954 1266 989 Socios
1284 956 1410 1000 populo
1439 957 1604 1002 templum
1631 969 1768 1004 quoque
1792 960 2016 995 condidisset.

400 1018 469 1054 Sed
484 1017 664 1053 condendo
680 1028 743 1051 nec
758 1016 854 1050 locus
873 1016 965 1050 intra
990 1014 1155 1049 domicilii
1179 1015 1347 1050 ambitum
1367 1017 1542 1063 assignari
1557 1023 1695 1064 poterat
1714 1020 1881 1061 idoneus;
1905 1024 1939 1055 et
1957 1021 2018 1055 im-

397 1081 534 1127 pendiis
549 1078 696 1114 facultas
712 1090 930 1112 nummorum
942 1085 1018 1112 erat
1028 1088 1097 1111 non
1114 1078 1277 1112 maxima.
1298 1077 1398 1112 Illinc
1412 1090 1493 1113 vero
1511 1080 1636 1115 Petrus
1649 1081 1806 1121 Roisius‚
1822 1082 2014 1128 Hispanus,

396 1142 499 1176 homo
515 1140 677 1175 difficilis.
689 1140 733 1174 ad
745 1139 856 1174 aedem
870 1139 970 1173 Beati
980 1140 1141 1181 Joannis,
1157 1140 1305 1186 Collegii
1320 1142 1494 1176 domicilio
1511 1144 1718 1189 proximam,
1733 1145 1841 1186 curio,
1856 1150 2015 1180 usutem-

395 1205 443 1251 pli
459 1209 560 1250 atque
570 1204 667 1238 aditu
677 1203 782 1238 etiam
797 1202 917 1237 Socios
928 1202 1147 1248 prohibebat.
1163 1203 1307 1245 Oderat,
1320 1206 1436 1240 nescio
1451 1207 1604 1252 quidita,
1619 1208 1740 1243 Socios
1751 1209 1906 1255 hospites
1919 1222 1925 1243 ;
1936 1213 2014 1244 tan-

395 1271 537 1313 tumque
552 1265 659 1300 valuit
678 1264 822 1305 invidia,
844 1268 881 1298 ut
899 1264 1077 1298 conciliari
1093 1265 1195 1300 homo
1214 1266 1311 1301 nulla
1329 1268 1464 1303 ratione
1482 1274 1613 1315 posset.
1636 1270 1876 1305 Sacerdotium
1894 1271 1974 1306 huic
1994 1283 2014 1306 a

395 1328 566 1364 Pontifice
582 1327 796 1362 offerebatur
824 1325 932 1360 multo
950 1326 1110 1372 amplius,
1135 1331 1173 1361 ut
1190 1328 1355 1374 templum
1384 1330 1470 1364 illud
1495 1342 1596 1365 suum
1625 1333 1887 1378 repurgandum
1909 1333 2013 1368 relin-

393 1394 525 1438 queret.
544 1390 700 1425 Recusat
717 1400 824 1424 senex
838 1388 1032 1428 obstinate;
1064 1389 1168 1435 idque
1195 1401 1235 1424 eo
1258 1394 1394 1427 tantum
1420 1394 1580 1433 consilio,
1597 1395 1753 1430 Jesuitas
1780 1408 1801 1430 a
1827 1396 1955 1442 templo
1974 1400 2012 1430 ut

390 1458 521 1491 arceat.
542 1453 732 1488 Valeriano
748 1453 783 1487 id
797 1464 915 1487 secum
935 1453 1038 1487 anxie
1057 1452 1184 1497 diuque
1204 1454 1378 1498 reputanti
1405 1456 1576 1490 succurrit
1597 1456 1746 1502 denique
1772 1470 1778 1491 1
1803 1457 1889 1492 nihil
1913 1458 1948 1492 in
1974 1469 2011 1492 re

390 1522 450 1553 aut
467 1520 560 1552 certe
574 1527 698 1561 parum
712 1514 846 1560 negotii
873 1514 959 1555 sore,
987 1513 1016 1548 si
1043 1513 1191 1548 facultas
1210 1514 1329 1560 templi
1350 1526 1367 1549 a
1386 1526 1484 1561 rege,
1505 1528 1612 1561 penes
1632 1528 1733 1562 quem
1746 1518 1806 1563 jus
1823 1522 1928 1558 esset,
1950 1529 2008 1563 pe-

389 1582 522 1614 teretur
540 1590 546 1611 :
565 1576 720 1612 adhibito
740 1576 879 1611 interim
898 1575 1010 1610 nuntii
1029 1574 1213 1621 apostolici
1232 1580 1266 1610 et
1286 1575 1398 1611 Annae
1422 1578 1531 1623 regite
1556 1578 1640 1612 filiae
1662 1579 1865 1624 patrocinio.
1890 1580 2007 1625 Itaque

390 1654 446 1678 res
464 1639 647 1687 processit.
669 1639 855 1673 Obtentum
870 1638 970 1672 facile
988 1649 1009 1672 a
1032 1648 1114 1682 rege
1134 1636 1300 1682 diploma.
1332 1637 1587 1674 Continendum
1616 1639 1651 1673 id
1676 1640 1710 1674 in
1737 1640 1814 1674 sinu
1840 1644 2007 1686 putarunt

389 1704 482 1740 Socii
497 1717 504 1743 ;
522 1702 692 1738 curabant
706 1701 857 1739 interim,
874 1705 911 1735 ut
932 1700 1075 1735 Roisius
1091 1710 1154 1732 sua
1172 1699 1287 1744 potius
1307 1703 1441 1745 sponte,
1469 1701 1591 1735 officiis
1606 1701 1785 1743 delinitus,
1808 1713 1911 1748 quam
1926 1703 2005 1737 sub-

389 1771 487 1803 actus
510 1763 728 1799 concederet.
752 1763 828 1797 Nec
851 1762 910 1796 diu
928 1761 986 1796 ille
1011 1761 1136 1795 abusus
1156 1760 1325 1806 patientia
1345 1773 1350 1794 :
1376 1762 1497 1806 paucis
1516 1763 1650 1803 diebus,
1672 1768 1898 1809 posteaquam
1917 1764 2005 1798 Var-

389 1829 487 1864 savia
500 1827 671 1873 perlatum
686 1831 738 1860 est
752 1824 986 1870 privilegium,
1004 1834 1095 1858 anno
1115 1822 1202 1857 1571
1221 1822 1406 1856 extinctus.
1425 1824 1546 1869 Itaque
1561 1825 1636 1859 sine
1650 1825 1710 1860 lite
1731 1826 1823 1860 Socii
1836 1826 2003 1871 templum

387 1904 465 1927 curn
481 1891 561 1936 jure
583 1891 789 1935 patronatus
811 1887 1019 1932 domumque
1039 1886 1167 1926 Roisfi,
1189 1884 1461 1919 commeantibus
1480 1896 1501 1918 a
1519 1885 1693 1920 domicilio
1722 1898 1783 1920 suo
1806 1887 1934 1921 nostris
1959 1887 2002 1921 ad

385 1953 552 1999 templum
580 1951 809 1997 objacentem,
837 1951 1068 1994 occuparunt3
1099 1947 1178 1981 inde
1209 1946 1501 1993 archipresbyteri
1519 1948 1644 1989 officio,
1667 1949 1756 1995 quod
1775 1961 1882 1996 penes
1900 1961 2002 1996 paro—

383 2016 485 2051 chum
505 2014 708 2048 Vilnensem
727 2015 815 2051 erat,
832 2011 868 2045 in
887 2010 1037 2044 officium
1052 2008 1173 2043 vicarii
1191 2008 1349 2054 perpetui
1367 2013 1589 2044 commutato.

433 2087 757 2132 Brunsbergensem
773 2085 943 2119 coloniam
956 2083 1125 2129 postridie
1139 2082 1267 2117 natalis
1282 2081 1324 2115 B.
1343 2082 1500 2127 Virginis
1514 2084 1595 2117 visit
1609 2083 1762 2129 Magius.
1780 2083 1923 2118 Rectori
1939 2096 1998 2119 sex

383 2162 492 2186 annos
509 2149 664 2194 exigenti
681 2148 931 2193 Christophoro
947 2145 1168 2181 Strombellio
1183 2145 1319 2180 suffecit
1331 2144 1531 2190 Philippum
1547 2145 1866 2185 Vidmanstadium,
1885 2146 1996 2180 virum

383 2213 515 2260 pariter
529 2212 688 2246 doctrina
706 2215 740 2245 et
757 2210 987 2245 sanctimonia
1001 2209 1166 2244 nobilem.
1185 2207 1395 2254 Cooptandis
1410 2207 1444 2240 in
1460 2206 1669 2241 Societatem
1684 2206 1825 2241 novitiis
1849 2211 1883 2241 et
1900 2218 1996 2242 exer-

383 2275 502 2312 cendis
521 2274 708 2308 discretum
726 2285 747 2307 a
765 2276 1009 2308 veteranorum
1027 2271 1252 2306 contubernio
1271 2270 1384 2304 locum
1404 2269 1495 2303 intra
1515 2269 1636 2303 domus
1654 2269 1809 2315 ejusdem
1828 2269 1994 2304 ambitum

385 2336 592 2382 assignavit.
615 2336 654 2369 In
682 2335 834 2368 tironum
860 2333 1045 2379 collegium
1074 2336 1203 2379 praeter
1223 2331 1310 2365 alios
1329 2334 1492 2375 acceptus
1508 2332 1529 2364 4
1548 2330 1715 2364 kalendas
1738 2330 1847 2364 maias
1869 2330 1992 2365 Marti-

383 2411 448 2434 nus
468 2399 631 2437 Laterna‚
649 2409 819 2432 annorum
837 2395 1053 2441 undeviginti
1068 2394 1270 2429 adolescens
1289 2405 1295 2426 t
1318 2396 1420 2427 natus
1438 2393 1660 2428 Drohobiciae
1679 2394 1714 2428 in
1726 2393 1869 2434 Russia‚
1894 2394 1992 2428 insti-

380 2466 477 2497 tutus
494 2460 620 2496 litteris
647 2459 773 2506 partim
803 2458 940 2493 Calissii
968 2458 1093 2504 partim
1118 2455 1367 2500 Brunsbcrgze,
1394 2456 1566 2490 narranda
1587 2456 1628 2491 de
1648 2456 1713 2491 isto
1737 2455 1864 2490 Christi
1883 2456 1989 2491 heroe

379 2524 502 2559 offeret
516 2534 642 2562 annus,
663 2533 729 2567 quo
746 2520 890 2557 interiit,
917 2521 1050 2556 1598113.
