2184 2953
240 421 303 447 1579

231 1547 326 1574 Cultus

230 1588 332 1614 Princi-

230 1636 291 1661 pum
309 1628 377 1661 Apo-

229 1667 353 1693 stolorum
358 1687 364 1693 .

225 2415 314 2440 Pietas
330 2423 370 2440 sa-

225 2454 346 2480 cerdotis.

412 320 451 349 0·ss
784 321 1057 350 LITUANICARUM
1083 321 1293 350 SOCIETATIS
1315 321 1399 349 JESU
1424 321 1675 352 HISTORIARUM

413 426 428 441 κ
450 424 538 448 meae
559 412 709 448 fructum
738 413 832 448 hunc
862 414 1023 455 referam,
1054 418 1092 448 ut
1111 414 1176 448 sim
1194 413 1378 458 longaevus
1406 412 1469 454 sic,
1491 417 1529 449 ut
1547 414 1632 449 mihi
1652 414 1835 460 Scriptura
1853 415 2038 462 promittit,

411 488 427 502 α
450 486 554 521 super
568 478 707 511 terram.
735 475 789 510 Ab
804 475 863 510 illo
883 476 1001 522 itaque
1023 479 1196 521 tempore,
1225 474 1344 509 nescio
1364 478 1492 517 tamen,
1510 488 1553 510 an
1572 488 1615 511 ex
1642 476 1767 512 eadem
1782 489 1900 519 causa,
1923 490 2040 524 coepe-

410 552 426 567 «
452 541 534 573 runt
568 538 657 574 vires
689 540 871 579 stomachi,
906 542 1010 574 aetate
1037 538 1287 584 laboribusque
1318 537 1472 582 fatigati,
1511 538 1615 584 paulo
1653 540 1758 574 etiam
1794 541 2039 576 vehementius

409 614 424 629 κ
447 600 612 642 relaxari,
634 602 684 636 ita
706 605 743 636 ut
762 602 867 647 longe
886 613 987 647 quam
1011 606 1090 636 ante
1109 601 1223 636 minus
1247 600 1302 635 vel
1321 600 1439 635 cibum
1471 606 1664 647 appeteret,
1682 601 1738 636 vel
1757 606 1940 649 acceptum
1954 615 2037 638 con-

410 676 425 690 κ
447 673 609 708 coquere,
634 667 691 697 aut
714 663 868 698 retinere
887 662 1018 697 diutius
1033 667 1163 709 posset.

457 738 472 754 ιε
495 724 607 759 Paulo
631 729 709 771 post
736 724 923 759 diarrhaeae
937 736 1075 770 quoque
1101 724 1223 759 morbo
1239 726 1421 769 correptus
1442 727 1507 763 est,
1530 725 1588 770 qui
1609 723 1925 772 nunquam'postea
1949 738 2034 761 con-

408 801 423 816 «
446 787 545 828 stitit,
572 787 670 833 cujus
695 786 754 821 ille
786 790 900 822 tamen
928 787 1125 822 molestiam
1152 798 1288 832 semper
1314 785 1395 820 tulit
1414 787 1716 829 moderatissime;
1745 788 1814 822 nisi
1838 788 1930 834 quod
1962 788 2036 835 ple-

407 863 422 878 «
445 860 626 895 rumquea
641 849 764 884 studiis
783 860 901 883 rerum
923 849 1121 884 divinarum
1149 852 1183 884 et
1201 860 1223 883 a
1248 848 1424 896 plerisque
1450 849 1573 884 officiis
1598 849 1672 895 ejus
1700 849 1901 884 interventu
1924 853 2036 885 retar-

406 925 421 939 α
443 911 606 952 dabatur,
635 910 685 946 ita
715 913 753 945 ut
779 910 944 951 nesciret,
975 911 1063 945 sicut
1088 910 1148 946 ille
1175 910 1275 952 dixit,
1309 911 1448 957 quando
1485 914 1577 945 esset
1605 922 1683 945 cum
1712 911 1817 957 galea
1844 911 1945 946 domo
1975 923 2037 946 sua

407 988 422 1003 κ
444 973 698 1020 prodeundum.
723 973 781 1008 Sic
800 974 907 1020 igitur
927 985 1004 1008 cum
1023 977 1116 1008 esset
1130 972 1330 1008 valetudine
1344 973 1448 1008 valde
1464 973 1571 1008 dubia
1590 976 1624 1007 et
1639 973 1913 1019 incerta‚1nagis
1932 978 2037 1020 atque

406 1050 421 1064 α
443 1036 556 1082 magis
579 1047 641 1082 per
672 1035 805 1082 aliquot
836 1047 974 1071 menses
1006 1035 1139 1070 ventris
1169 1034 1229 1069 illo
1245 1035 1416 1081 profluvio
1448 1036 1735 1071 exhauriebatur.
1753 1035 1804 1070 Ac
1830 1036 2036 1071 monebatur

406 1113 421 1128 κ
443 1098 582 1145 quidem
597 1110 615 1133 a
628 1099 743 1139 nobis,
765 1102 804 1134 ut
826 1102 1015 1145 antequam
1039 1097 1166 1133 coelum
1184 1109 1366 1133 romanum
1385 1099 1527 1145 ignibus
1550 1099 1883 1140 vehementioribus,
1909 1100 2034 1145 quibus

406 1176 422 1190 α
444 1161 579 1196 solebat
597 1161 667 1195 vim
688 1173 775 1207 pene
801 1165 912 1196 totam
939 1161 1022 1196 satis
1044 1159 1245 1205 languiduli
1275 1160 1432 1206 corporis
1457 1160 1658 1201 exhaurire,
1682 1160 1969 1202 inflammaretur,
1989 1161 2034 1196 ab

404 1237 419 1252 α
442 1224 528 1258 urbe
543 1223 751 1258 rusticatum
766 1222 958 1263 secederet,
981 1221 1174 1257 valetudini
1188 1233 1331 1268 operam
1346 1221 1458 1262 daret,
1473 1233 1580 1267 seque
1590 1221 1794 1256 christianae
1808 1222 2028 1268 reipublicae,

405 1300 420 1315 a
443 1297 521 1332 quee
539 1286 654 1320 adhuc
680 1297 746 1332 ope
765 1289 835 1320 tam
862 1285 1017 1320 foecundi
1035 1285 1188 1331 pectoris
1214 1284 1408 1331 indigebat,
1429 1288 1667 1319 conservaret.
1686 1283 1756 1319 Sed
1774 1284 1803 1319 is
1827 1296 1847 1319 a
1863 1288 2032 1331 perpetuo

405 1363 420 1377 α
443 1360 506 1384 suo
530 1349 689 1383 instituto
716 1348 876 1383 revocari
894 1359 964 1382 non
992 1347 1117 1393 potuit,
1141 1350 1179 1382 ut
1211 1350 1292 1383 ante
1310 1347 1439 1382 festum
1467 1347 1758 1381 Beatissimorum
1785 1347 2032 1393 Apostolorum

405 1425 421 1440 a
443 1410 543 1446 Petri
573 1414 607 1445 et
638 1409 754 1451 Pauli,
785 1421 933 1456 quorum
964 1409 1157 1445 venerandi
1182 1409 1317 1444 cineres
1349 1409 1385 1443 in
1419 1409 1505 1443 urbe
1530 1409 1767 1454 requiescunt,
1794 1420 1880 1454 quos
1907 1408 1967 1444 ille
1995 1409 2030 1443 in

405 1488 421 1503 κ
445 1485 577 1508 summo
606 1484 743 1519 semper
772 1472 866 1519 cultu
893 1472 1192 1518 venerationeque
1210 1471 1347 1513 habuit,
1374 1470 1491 1506 Roma
1512 1471 1636 1517 pedem
1656 1471 1818 1512 efferret3
1841 1471 2032 1517 maluitque

405 1551 421 1566 a
443 1536 561 1570 subire
579 1534 791 1570 valetudinis
820 1546 894 1569 suae
922 1534 1128 1580 periculum,
1151 1545 1255 1580 quam
1285 1534 1411 1569 honori
1441 1539 1619 1570 tantorum
1644 1535 1894 1582 Apostolorum
1914 1536 1949 1570 in
1966 1535 2032 1571 hoc

404 1612 420 1627 a
438 1598 514 1644 ipso
532 1597 608 1632 loco
629 1597 763 1637 deesse,
786 1597 821 1637 in
849 1608 929 1643 quo,
956 1597 1098 1642 profuso
1123 1609 1185 1643 pro
1206 1597 1336 1632 Christi
1364 1597 1434 1632 fide
1449 1599 1631 1644 'sanguine
1661 1610 1735 1639 suo,
1769 1599 1842 1633 Deo
1870 1599 2031 1645 spiritum

403 1674 418 1689 α
442 1659 692 1700 reddiderunt;
709 1670 812 1705 quem
826 1658 895 1693 illis
910 1659 987 1694 adss
1002 1659 1174 1694 kalendas
1186 1659 1268 1705 julii
1282 1659 1397 1694 Roma
1412 1660 1515 1695 simul
1530 1672 1608 1694 cum
1618 1661 1702 1695 orbe
1716 1660 1848 1706 reliquo
1867 1661 2029 1696 universo

403 1737 419 1752 u
437 1723 527 1758 solet
556 1733 693 1757 summa
711 1733 789 1756 cum
808 1721 1018 1756 caeremonia
1037 1721 1309 1767 celebritateque
1328 1721 1477 1757 deferre.
1501 1723 1559 1757 Sic
1587 1722 1694 1768 igitur
1717 1724 1761 1758 ad
1788 1723 1811 1759 5
1845 1723 1923 1758 idus
1947 1723 2030 1770 julii

404 1799 420 1814 κ
442 1785 531 1832 (quae
544 1784 608 1819 suit
637 1784 725 1819 feria
752 1788 863 1824 sexta,
886 1783 960 1818 dies
987 1783 1302 1819 commemorandae
1322 1784 1483 1819 Passioni
1504 1785 1696 1819 Dominieae
1729 1785 1932 1832 destinata)
1956 1786 2030 1832 ipse

404 1862 419 1876 α
442 1859 579 1894 quoque
593 1847 638 1882 ad
657 1846 873 1882 subeundam
892 1846 1091 1892 passionem
1111 1857 1223 1887 suam,
1255 1846 1487 1892 Capranicam
1507 1858 1641 1888 versus,
1664 1858 1706 1882 ex
1730 1848 1817 1883 urbe
1844 1848 2026 1890 discessit;

404 1925 419 1939 α
441 1910 501 1945 ubi
516 1922 593 1944 cum
612 1921 674 1956 per
689 1913 766 1944 octo
786 1909 945 1954 integros
960 1908 1034 1944 dies
1054 1908 1334 1943 commodissime
1349 1908 1534 1949 valuisset3
1555 1920 1599 1943 an
1620 1909 1711 1954 quod
1732 1910 1768 1944 in
1788 1921 1906 1945 aerem
1924 1911 2029 1956 paulo

403 1986 419 2001 α
440 1971 720 2018 frigidiusculum
735 1983 777 2006 ex
791 1970 1003 2006 calidissimo
1031 1969 1239 2016 ardentique
1262 1970 1351 2004 coelo
1371 1981 1517 2004 romano
1537 1970 1703 2011 venisset,
1722 1983 1767 2005 an
1796 1983 1838 2006 ex
1857 1971 1928 2006 alia
1945 1983 2028 2018 qua-

403 2049 419 2064 a
440 2035 534 2081 piam
548 2045 667 2073 causa,
686 2034 857 2068 incertum
875 2045 881 2067 :
904 2032 1017 2079 magis
1036 2036 1155 2067 tamen
1173 2035 1278 2078 atque
1305 2031 1418 2077 magis
1446 2031 1616 2077 profluvio
1654 2033 1784 2068 ventris
1809 2034 1913 2079 coepit
1931 2034 2027 2069 labo-

403 2111 418 2125 «
440 2108 544 2131 rare:
564 2108 642 2142 quae
668 2107 725 2130 res
753 2095 804 2129 illi
829 2099 863 2130 et
881 2095 949 2129 cibi
981 2094 1220 2140 appetentiam
1251 2093 1394 2134 ademit,
1418 2098 1451 2128 et
1475 2106 1615 2128 cursum
1640 2094 1753 2129 somni
1778 2088 1970 2141 impedivit,
1993 2100 2028 2131 et

402 2173 417 2187 κ
436 2169 555 2193 omnes
582 2158 619 2192 in
649 2158 850 2192 universum
881 2156 972 2191 vires
1004 2156 1158 2202 corporis
1190 2156 1414 2190 vehementer
1441 2155 1621 2197 exhausit3
1657 2157 1718 2191 sed
1751 2157 1917 2192 invictum
1938 2157 2025 2193 illud

402 2235 417 2250 a
439 2221 547 2255 animi
567 2220 686 2260 robur,
708 2224 741 2255 et
760 2219 1012 2253 inflammatum
1043 2229 1130 2263 erga
1153 2229 1209 2253 res
1228 2217 1364 2251 divinas
1393 2217 1545 2252 studium
1578 2218 1675 2253 nulla
1707 2219 1897 2260 calamitas,
1927 2220 2024 2255 nulla

402 2297 417 2312 α
440 2282 595 2328 corporis
615 2281 829 2316 incommoda
847 2281 1013 2326 frangere
1036 2280 1289 2325 (lebilitareque
1301 2283 1502 2324 potuerunt.

450 2358 467 2374 ιι
488 2344 582 2379 Nam
600 2356 677 2378 cum
696 2343 747 2377 illi
761 2355 822 2389 por
842 2354 943 2377 omne
969 2343 1050 2377 vitae
1078 2354 1152 2377 suae
1172 2346 1307 2387 tempus
1328 2341 1451 2376 fuisset
1481 2341 1547 2377 hoe
1566 2343 1601 2377 in
1620 2354 1716 2378 more
1742 2343 1906 2389 positum,
1931 2347 1969 2378 ut
1987 2344 2024 2378 in

400 2421 429 2452 c<¹
443 2407 613 2447 ecclesiis,
635 2406 681 2440 ad
707 2407 875 2440 honorem
894 2405 959 2440 Dei
978 2408 1011 2439 et
1031 2405 1236 2440 Sanctorum
1254 2403 1329 2448 ejus
1344 2404 1572 2446 consecratis,
1596 2405 1713 2439 missae
1728 2405 1935 2440 sacrificium
1966 2405 2021 2440 vel

400 2484 415 2498 α
438 2469 594 2510 offerret,
632 2468 687 2503 vel
714 2468 919 2503 offerentem
950 2467 1167 2503 sacerdotem
1185 2465 1369 2512 aspiceret,
1392 2477 1413 2500 a
1431 2467 1542 2501 veteri
1562 2478 1623 2501 suo
1655 2467 1813 2502 instituto
1845 2467 2020 2514 animique

401 2547 416 2562 a
439 2531 638 2566 inductione
656 2542 700 2566 ne
713 2530 749 2565 in
767 2530 829 2564 illa
847 2530 987 2576 quidem
1005 2534 1101 2564 tanta
1115 2528 1271 2574 corporis
1292 2527 1471 2563 debilitate
1490 2532 1524 2563 et
1543 2528 1714 2575 languore
1729 2529 1794 2564 sibi
1810 2530 1945 2575 putavit
1964 2542 2016 2566 re-
