2184 2953
619 306 724 334 tissssn
749 305 906 339 QUINTUS
929 303 1142 343 (uino-1010).
1657 303 1716 334 199

149 397 261 435 Quam
289 397 421 442 experti
452 402 568 432 essent
592 398 839 444 Derpatenses‚
863 409 904 431 ea
930 396 1146 442 Rigensibus
1174 396 1278 430 etiam
1297 396 1409 430 Sociis
1429 397 1610 431 subeunda
1637 400 1712 430 erat
1742 399 1823 457 16012

99 458 254 492 fortuna:
276 459 397 492 eodem
417 458 670 498 Sudermanno,
685 463 762 504 post
780 464 979 504 expugnata
997 458 1153 492 Livoniae
1168 458 1307 504 oppida,
1326 458 1519 503 Rigensem
1538 458 1713 492 civitatem
1742 465 1816 530 Rhgoe
1843 466 1886 492 ob-

1741 513 1876 569 Ξυζῗῗςῗῗη

100 585 326 628 tempestate;
349 583 481 617 Paulus
500 583 681 623 Bucholtz‚
703 588 737 617 et
767 583 812 617 N.
837 582 1070 622 Ertmannus;
1093 594 1171 616 cum
1202 582 1255 616 his
1284 582 1452 627 magister
1483 582 1712 616 scholasticus
1741 583 1858 650 dissipat

1760 634 1774 650 a
1792 633 1812 650 ΓΙ
1835 634 1846 650 S

1739 633 1874 690 ἒΧΘΙὈῘῗΆΙΞ,

100 520 292 555 obsidente.
314 521 402 555 Tres
430 521 476 555 ibi
504 521 627 566 reliqui
654 526 768 566 patres
791 534 797 555 :
832 520 991 555 Andreas
1012 520 1173 565 Klinger,
1194 521 1381 560 Prutenus,
1404 520 1525 554 eadem
1556 524 1712 554 mortuus

100 644 230 678 Paulus
249 645 405 686 Dulcius,
428 650 462 680 et
480 645 657 691 adjutores
682 646 763 685 duo,
780 645 825 679 ad
844 644 1048 678 sustinenda
1067 643 1166 683 (lura,
1189 644 1320 678 animos
1339 656 1420 678 suos
1441 645 1709 690 coinparalffiiit3

45 753 49 758 1
99 705 249 740 dimissis
281 706 477 740 clanculum
509 718 551 741 ex
578 707 662 741 urbe
686 707 791 741 Petro
822 706 974 740 Kulesza
1005 709 1039 739 et
1070 706 1216 740 Nicolao
1249 706 1489 746 Mai-kiewicz,
1517 706 1561 740 ad
1597 710 1712 739 castra

99 768 278 802 Lituanica
294 769 474 814 operariis.
491 769 569 803 Non
586 769 644 803 diu
659 767 822 814 oppidum
833 768 974 803 Suetica
989 768 1099 802 tenuit
1114 767 1247 802 obsidio
1259 795 1266 807 ‚
1285 768 1437 813 Georgio
1455 767 1712 801 Ferensbachio

100 829 249 875 palatino
266 830 422 865 Livoniae
441 835 580 865 strenue
601 831 735 865 hostem
751 842 772 865 a
787 831 946 865 manibus
960 830 1203 876 propulsante,
1226 833 1330 875 atque
1346 829 1425 863 hinc
1438 829 1525 863 duce
1541 829 1712 862 exercitus

101 891 258 926 Polonici
277 893 416 926 Joanne
445 882 668 939 Zamoyskio,
688 893 782 927 illinc
809 892 1033 938 Sigismundo
1064 904 1160 937 rege,
1182 892 1454 926 imminentibus.
1480 891 1545 925 His
1565 891 1710 925 Carolus
1742 885 1870 953 ‘Rapitur

101 954 226 988 virtute
246 954 402 993 inferior,
419 954 575 1000 abjectis,
599 966 676 1000 quae
695 955 740 988 ad
766 953 1002 999 oppugnanda
1020 957 1131 987 castra
1160 953 1370 993 instituerat,
1393 952 1569 998 operibus,
1592 952 1714 997 raptim
1752 936 1836 953 108ιῶ

100 1016 253 1050 exercitu
268 1016 393 1061 partim
413 1017 446 1050 in
466 1016 552 1050 alias
568 1016 732 1061 regiones
751 1015 927 1055 distracto,
946 1016 1072 1061 partim
1089 1015 1235 1049 navibus
1254 1015 1288 1049 in
1304 1014 1466 1049 Sueciam
1481 1015 1609 1060 rejecto
1624 1014 1712 1059 ipse,

100 1077 170 1111 XII
199 1077 368 1112 kalendas
403 1078 562 1112 octobres
588 1089 649 1123 per
674 1077 785 1111 noctis
809 1078 973 1112 tenebras
1009 1078 1088 1112 hinc
1119 1089 1156 1112 se
1181 1078 1404 1117 Pernaviarn,
1427 1077 1508 1112 inde
1534 1078 1716 1112 Revaliam

100 1138 232 1184 trepide
247 1138 407 1178 abstulit;
426 1138 547 1173 relicto
562 1138 633 1172 filio
653 1150 714 1173 suo
735 1140 952 1181 Carolusino,
972 1141 1044 1175 sive
1064 1141 1239 1182 Carolino,
1254 1141 1445 1175 Volmariae
1459 1153 1536 1175 cum
1551 1141 1714 1187 praesidio

102 1200 206 1235 duum
234 1200 390 1240 millium,
413 1211 431 1234 e
463 1201 602 1235 Suetico
622 1201 776 1235 exercitu
803 1202 1028 1237 delectorum.
1053 1203 1242 1237 Consilium
1263 1204 1492 1249 persequendi
1524 1204 1633 1238 hostis
1654 1203 1713 1237 im—

99 1264 251 1310 peditum
281 1264 345 1298 fuit
376 1264 603 1309 Sigismundo
639 1270 819 1303 autumno,
854 1276 957 1310 quam
984 1265 1111 1310 longus
1131 1269 1194 1305 est,
1217 1265 1356 1310 pluvio;
1386 1265 1483 1305 locis,
1511 1277 1647 1311 quoque
1678 1270 1711 1299 te

101 1331 266 1368 verteres,
302 1327 516 1373 palustribus
543 1332 577 1361 et
612 1327 814 1373 uliginosis3
848 1327 1007 1371 quodque
1039 1326 1290 1365 difficillimum,
1320 1327 1410 1361 fame
1451 1331 1549 1361 tanta
1576 1331 1715 1372 tamque

101 1388 310 1429 miseranda,
332 1389 368 1422 in
383 1389 597 1434 provinciam
617 1401 679 1434 per
698 1389 832 1423 hostem
846 1388 958 1429 illata,
981 1392 1019 1422 ut
1037 1388 1130 1422 dictu
1149 1388 1253 1422 etiam
1269 1388 1313 1421 sit
1327 1388 1487 1423 immane.

150 1450 338 1484 Exhaustis
357 1450 455 1484 cellis
479 1450 668 1496 penuariis‚
691 1462 728 1485 re
747 1451 912 1496 pecuaria
932 1449 986 1484 vel
1006 1453 1210 1495 consumpta
1241 1450 1295 1484 vel
1326 1450 1370 1484 ab
1392 1450 1548 1484 hostibus
1572 1450 1709 1489 abacta,
1810 1467 1825 1491 3

102 1512 246 1547 desertis
262 1512 334 1546 suis
348 1512 505 1546 rusticuli
525 1512 731 1558 gurgustiis,
750 1513 927 1546 turmatim
958 1512 991 1545 in
1023 1512 1197 1547 civitatem
1224 1525 1286 1558 per
1312 1524 1453 1547 eversas
1479 1513 1581 1547 etiam
1600 1516 1713 1546 custo·
1744 1505 1870 1571 {gysla-

102 1574 175 1609 dias
204 1574 467 1620 irrumpebant;
501 1585 630 1619 perque
656 1574 792 1619 plateas
819 1579 853 1609 et
883 1574 1033 1619 compita
1064 1575 1158 1620 vagi,
1185 1575 1279 1609 foeda
1314 1575 1434 1609 torridi
1462 1575 1584 1614 macie,
1608 1574 1715 1608 aridis
1744 1587 1814 1611 cerat
1843 1586 1886 1610 Li-

100 1636 342 1681 hiantibusque
360 1636 531 1675 faucibus,
556 1636 674 1670 divum
693 1636 941 1681 hominumque
961 1648 1061 1681 opem
1082 1637 1221 1670 vocibus
1242 1637 1527 1671 lamentabilibus
1547 1637 1712 1682 implora·
1744 1632 1832 1650 vonas.

100 1699 194 1733 bant.
222 1699 266 1733 Et
280 1698 334 1732 his
353 1698 504 1744 quidem,
535 1698 592 1743 qui
613 1698 894 1743 penetravissent
926 1698 959 1731 in
992 1698 1125 1737 urbem,
1157 1699 1353 1733 consultum
1385 1700 1496 1744 primo
1526 1704 1709 1744 utcunque,

100 1761 280 1806 assignato
303 1772 365 1806 per
385 1764 527 1794 senatus
547 1760 743 1794 consultum
763 1760 1042 1805 ptochotrophio,
1077 1761 1132 1794 cui
1163 1773 1288 1795 nomen
1320 1773 1341 1795 a
1366 1762 1401 1796 S.
1426 1761 1592 1806 Georgio.
1615 1761 1713 1795 Mille

102 1822 137 1856 in
154 1823 219 1857 hoc
238 1826 271 1857 et
302 1822 482 1867 quingenti
513 1822 707 1867 sumptibus
732 1821 849 1855 civicis
879 1821 1077 1856 alebantur.
1113 1822 1237 1857 Cibatu
1268 1823 1394 1858 deinde
1425 1824 1545 1864 adeso,
1578 1823 1712 1857 esurire

102 1884 192 1918 cives
212 1884 328 1923 etiam,
350 1895 391 1917 ac
406 1884 582 1918 tenuiores
606 1895 725 1917 eorum
745 1883 909 1917 commori
937 1895 1013 1917 cum
1045 1883 1203 1918 advenis.
1234 1884 1339 1919 Brevi
1365 1888 1464 1919 tanta
1487 1885 1581 1919 edita
1607 1889 1660 1919 est
1680 1885 1712 1918 in

101 1946 239 1980 civitate
258 1949 408 1991 strages,
432 1950 469 1979 ut
488 1945 697 1991 sepeliendis
716 1945 919 1990 corporibus
940 1956 1002 1979 nec
1021 1946 1230 1991 vespillones
1261 1958 1325 1981 nec
1352 1946 1548 1992 sepulcreta
1580 1946 1713 1981 suffice-

101 2011 188 2042 rent.
225 2008 263 2041 In
298 2007 372 2053 ipso
404 2006 450 2040 ad
481 2007 592 2042 eedem
624 2007 660 2041 S.
692 2007 836 2052 Georgii
872 2007 1004 2040 tumulo
1028 2007 1093 2041 hac
1123 2012 1329 2053 tempestate
1360 2009 1581 2042 humatorum
1607 2008 1716 2042 millia

102 2069 258 2104 undecim
278 2074 469 2104 numerata.
489 2069 603 2103 Multo
623 2069 855 2103 miserabilior
874 2069 909 2102 in
924 2069 1024 2114 pagis
1043 2070 1205 2103 conditio.
1230 2070 1331 2105 Pleni
1351 2071 1478 2105 circum
1494 2071 1585 2116 agri,
1604 2071 1715 2117 campi

102 2130 194 2176 pleni
212 2131 421 2166 cadaverum
440 2131 699 2176 spectabantur.
724 2131 901 2165 Contineri
920 2130 990 2164 suis
1019 2130 1186 2171 aediculis,
1222 2136 1345 2165 urente
1376 2132 1478 2171 same,
1508 2132 1624 2166 miseri
1648 2144 1716 2167 non

102 2196 274 2238 poterant,
292 2194 326 2227 in
347 2194 452 2234 arvis,
475 2193 595 2239 sylvis,
618 2193 762 2238 campis,
789 2197 822 2227 et
845 2192 964 2226 ubiubi
992 2196 1147 2237 possent,
1178 2194 1424 2238 perquirebant
1448 2195 1625 2229 remedia:
1648 2195 1712 2233 illi,

102 2266 163 2299 per
180 2260 318 2290 arentes
338 2256 437 2290 effusi
456 2266 573 2301 agros,
596 2255 728 2293 fodere,
750 2255 953 2300 scalpurire,
976 2254 1111 2288 radices
1126 2254 1312 2289 herbarum
1332 2255 1461 2291 vellere
1480 2269 1486 2290 :
1514 2257 1569 2291 isti
1598 2257 1714 2291 morti-

103 2317 197 2352 cinas
215 2328 337 2352 carnes
351 2317 528 2363 pellesque
546 2320 650 2362 atque
682 2317 768 2351 adeo
800 2317 953 2350 humana
984 2315 1169 2356 cadavera,
1203 2316 1438 2351 famelicorum
1455 2329 1579 2352 canum
1603 2318 1714 2352 instar

102 2378 341 2426 luporumque,
363 2379 577 2414 tuburcinari
596 2391 602 2412 t
625 2379 705 2424 quin
726 2378 816 2412 filios
836 2378 939 2413 etiam
959 2390 978 2411 a
998 2378 1214 2423 parentibus,
1235 2383 1398 2424 parentes
1418 2392 1438 2413 a
1456 2380 1537 2414 filiis
1568 2381 1716 2415 vidisses

103 2445 279 2482 mactatos,
313 2453 353 2476 ac
380 2441 519 2488 Tydeos
550 2441 629 2475 illos
656 2445 689 2474 et
718 2440 959 2485 Menalippes,
994 2451 1201 2485 mensasque
1230 2441 1328 2475 Atrei
1368 2442 1599 2477 meminisses.
1634 2442 1714 2476 Non

103 2513 290 2548 exaggero,
311 2503 392 2549 quin
413 2503 480 2537 imo
498 2513 632 2541 vereor,
652 2514 694 2536 ne
713 2502 828 2535 verbis
843 2501 928 2536 meis
947 2502 1077 2536 elevem
1096 2502 1327 2537 calamitatem
1350 2507 1420 2537 tam
1452 2508 1617 2541 atrocem,
1649 2515 1711 2536 an-
