2184 2953
648 292 757 319 LIBER
782 289 956 318 SEPTIMUS
978 287 1187 323 <meo-1630).
1676 283 1734 314 267

139 400 154 415 α
176 385 328 419 victoriis
344 385 508 430 probatus
524 383 593 417 dux
608 395 676 417 non
695 394 798 417 manu
818 381 928 426 magis
944 390 1046 425 quam
1065 377 1209 412 consilio
1232 380 1422 423 promptim,
1446 376 1638 422 disciplinae
1653 387 1733 411 vero

140 462 154 477 a
176 446 333 481 militaris
359 445 598 480 severissimus
625 448 777 479 exactor.
802 461 817 475 n
842 442 897 477 Ad
915 440 1060 476 consilia
1079 439 1243 485 prudens,
1264 438 1310 472 ad
1336 449 1434 472 usum
1461 449 1501 472 ac
1520 437 1737 484 disciplinam

135 509 279 555 peritus,
315 507 472 541 historiae
503 510 537 541 et
567 505 794 552 geographiae
821 504 945 543 Sciens,
971 502 1203 535 litteratorum
1242 510 1376 538 amans,
1411 499 1570 544 quodque
1604 510 1738 532 summa

135 571 289 611 laudum,
310 570 362 603 vir
391 570 481 615 pius,
510 581 632 604 amans
661 569 725 604 Dei
753 580 794 602 ac
824 577 997 601 reverens.
1020 565 1110 603 Quot
1128 562 1357 597 hebdomadis
1384 562 1599 597 confessione
1622 574 1737 597 sacra—

136 632 273 668 mentali
291 632 463 666 lustrabat
481 631 633 665 animum
652 643 658 664 :
681 629 834 676 quotidie
861 627 1028 663 sacrificio
1061 626 1182 661 altaris
1210 625 1355 671 supplex
1381 625 1504 659 aderat
1526 637 1532 659 :
1555 629 1635 659 ante
1661 637 1739 659 con-

135 695 265 729 flictum
283 705 418 728 omnem
438 693 485 727 sic
505 704 541 727 se
557 693 791 737 comparabat,
814 694 850 725 ut
865 693 982 724 noctes
1001 689 1036 722 in
1051 687 1359 733 supplicationibus
1374 686 1548 731 exigeret;
1572 698 1682 731 neque
1700 697 1736 720 se

135 756 240 802 quieti
258 756 424 794 traderet,
454 754 520 788 nisi
551 753 723 799 perbrevi,
753 757 853 798 atque
879 752 915 785 in
940 751 1069 785 nudam
1095 749 1296 795 provolutus
1328 749 1482 788 humum,
1512 752 1611 793 tergo
1644 747 1739 793 prius

135 817 285 863 flagellis
304 820 455 862 perusto.
484 815 680 850 Procedens
706 815 741 848 in
761 814 881 853 aciem,
899 816 1050 847 veterem
1068 811 1164 845 illum
1190 810 1270 844 Divi
1287 809 1470 844 Adalberti
1487 808 1738 854 archiepiscopi

136 878 350 914 Gnesnensis
380 878 546 923 hymnum
573 875 824 910 vernaculum:
852 876 1089 918 Boyarodzioa
1120 875 1305 911 Dzz'ewz'ca‚
1338 871 1374 905 in
1404 882 1465 905 suo
1498 870 1650 905 exercitu
1677 880 1738 914 pro

135 940 280 987 epinicio
300 940 502 975 cantitabat.
525 938 722 984 Religionis
741 937 994 982 amplificandae
1012 935 1125 970 studio
1143 934 1252 968 multa
1277 933 1348 979 egit
1362 933 1541 979 praeclara.
1561 931 1738 971 Coenobia,

136 1001 312 1046 Cretingae
342 1000 499 1046 patribus
531 999 661 1033 ordinis
688 998 927 1037 Franciscani‚
958 1008 1043 1042 quos
1070 995 1307 1030 Bernardinos
1337 1006 1520 1035 vocamus;
1551 994 1739 1040 Byclioviae

134 1063 306 1099 canonicis
333 1062 368 1097 S.
391 1061 579 1106 Augustini
610 1060 843 1106 regularibus,
865 1059 981 1094 Crosis
1016 1058 1190 1104 templum,
1223 1057 1434 1092 domicilium
1462 1061 1495 1091 et
1521 1056 1738 1103 gymnasium

135 1125 290 1171 Collegio
307 1123 505 1161 Societatis‚
527 1122 610 1156 alibi
629 1122 727 1162 aliis,
749 1125 787 1155 ut
806 1121 983 1166 Derparti⁷
1005 1120 1149 1166 Myszae,
1173 1119 1291 1165 Rigae,
1314 1117 1480 1157 condidit,
1502 1117 1650 1156 ornavit,
1672 1119 1742 1150 sta-

135 1187 257 1221 bilivit.
281 1186 365 1220 Cum
384 1185 499 1230 aliquo
519 1196 568 1224 se,
590 1183 784 1229 [η’-(1888111111
815 1184 858 1217 ad
885 1182 1051 1229 templum
1070 1193 1146 1216 cum
1172 1192 1235 1215 sua
1261 1180 1410 1225 conjuge
1437 1179 1621 1219 conferret,
1644 1189 1740 1223 spar-

135 1247 327 1294 gendorum
351 1246 387 1279 in
411 1245 588 1280 mendicos
618 1256 796 1278 nummum
827 1243 893 1277 duo
924 1244 1126 1277 ferebantur
1152 1242 1345 1288 marsupia:
1375 1241 1522 1276 alterum
1540 1241 1584 1274 ab
1604 1239 1738 1274 assecla

134 1309 222 1349 heri,
253 1309 296 1342 ab
323 1308 419 1343 herae
449 1307 656 1353 pedissequo
682 1306 842 1340 alterum.
866 1305 1026 1340 Coelitum
1053 1305 1165 1339 cultor
1190 1304 1348 1344 eximius,
1370 1303 1573 1349 patrociniis
1605 1313 1737 1340 eorum,

134 1370 282 1405 maxime
301 1370 341 1404 Β.
366 1369 533 1404 Stanislai
552 1369 691 1403 Kostka
714 1368 860 1402 fidenter
878 1367 1091 1412 feliciterque
1117 1366 1291 1400 utebatur.
1312 1365 1427 1410 Atque
1450 1364 1557 1398 Divus
1585 1362 1737 1402 Kostka,

135 1432 300 1467 Livonico
327 1431 430 1466 etiam
450 1431 554 1472 bello,
577 1434 657 1465 ante
676 1431 788 1476 ipsum
818 1430 853 1463 in
881 1429 954 1464 acie
973 1441 1049 1463 Cum
1074 1428 1192 1462 Suecis
1220 1427 1429 1466 conflictum,
1451 1424 1675 1471 spectabilem
1702 1434 1738 1457 se

136 1493 261 1528 Carolo
281 1505 299 1527 e
323 1493 494 1527 nubecula
523 1493 691 1527 obtulisse
720 1492 841 1532 fertur,
867 1494 1064 1525 manantem
1094 1489 1153 1524 ille
1179 1499 1301 1523 cruore
1329 1487 1483 1533 gladium
1511 1487 1736 1532 distringenS‚

135 1555 367 1600 minitansque
386 1555 572 1600 perniciem
591 1554 762 1588 hostibus.
785 1552 935 1586 Habitus
962 1552 1032 1585 oris
1059 1551 1132 1585 viro
1151 1551 1254 1596 plane
1281 1550 1455 1590 heroicus,
1478 1549 1625 1584 erectior
1645 1558 1740 1582 seve-

135 1617 274 1662 riorque
293 1617 408 1651 vultus
424 1645 431 1659 ‚
452 1617 509 1662 qui
528 1628 565 1651 se
582 1616 755 1650 intuentes
774 1614 980 1649 reverentize
999 1614 1200 1647 admoneret
1219 1626 1224 1647 :
1247 1613 1342 1647 frons
1366 1615 1568 1657 exporrecta
1591 1623 1597 1644 :
1621 1609 1741 1655 nigelli

135 1679 295 1724 acutique
323 1678 413 1713 oculi
440 1690 446 1712 :
475 1681 610 1712 statura
640 1688 805 1723 perquam
830 1678 939 1723 justa,
967 1681 1001 1711 et
1031 1676 1076 1710 ad
1103 1676 1310 1722 dignitatem
1341 1675 1510 1720 apposita.
1530 1674 1667 1708 Natura
1698 1671 1739 1705 ad

134 1740 348 1776 iracundiam
377 1744 453 1774 erat
479 1740 674 1780 incitatior;
705 1751 807 1785 quam
834 1745 946 1773 tamen
972 1739 1081 1773 virtus
1108 1739 1278 1773 suavitate
1306 1748 1369 1771 sua
1392 1738 1614 1782 temperaret.
1642 1733 1740 1768 Belle

135 1814 347 1849 expressum,
370 1802 480 1843 aiunt,
502 1813 578 1836 esse
600 1802 636 1835 in
657 1813 718 1835 suo
737 1800 934 1840 simulacro,
956 1800 1046 1845 quod
1067 1802 1100 1833 in
1124 1799 1233 1833 hortis
1252 1797 1415 1833 Medicaei
1429 1797 1480 1830 M.
1499 1796 1595 1830 ducis
1612 1795 1739 1829 Hetru-

133 1864 195 1899 riae
223 1864 312 1898 inter
338 1863 440 1909 signa
471 1862 742 1897 clarissimorum
771 1862 913 1897 heroum
946 1862 1079 1896 visitur.
1110 1861 1205 1894 Vixit
1235 1871 1345 1894 annos
1373 1858 1556 1903 sexaginta
1574 1856 1734 1902 amplius.

136 1926 268 1972 Corpus
312 1925 468 1960 Chotimo
503 1924 710 1958 translatum
750 1925 785 1958 in
824 1924 984 1970 oppidum
1027 1924 1156 1968 Ostrog
1196 1933 1312 1957 mense
1358 1921 1487 1955 decimo
1535 1922 1657 1964 quarto
1696 1917 1736 1951 ab

137 1987 243 2027 obitu,
272 1986 467 2031 ibidemque
493 1985 664 2030 sepultum
697 1985 742 2031 (1).

182 2050 326 2086 Polonis
345 2049 490 2084 Turcico
510 2048 682 2083 distractis
711 2048 814 2088 bello,
835 2048 1011 2082 Gustavus
1037 2046 1232 2092 Adolphus,
1263 2045 1378 2079 Caroli
1405 2044 1501 2078 ducis
1528 2043 1737 2078 Suderman-

135 2114 203 2148 nici
221 2113 325 2152 filius,
354 2112 514 2147 idoneam
540 2111 672 2146 fraudis
696 2110 864 2146 faciendae
888 2110 1043 2155 legitimo
1070 2109 1170 2154 regni
1188 2108 1317 2143 Suetici
1340 2107 1472 2142 haeredi
1499 2106 1734 2152 Sigismundo,

136 2180 210 2225 regi
226 2179 382 2214 Poloniae
403 2178 468 2217 ΙΙΙ,
489 2182 611 2212 nactus
629 2179 881 2223 tempestatem,
904 2174 1047 2219 trajecto
1066 2171 1112 2206 24
1139 2169 1283 2204 millium
1301 2180 1320 2204 e
1340 2168 1465 2203 Suecia
1494 2167 1530 2201 in
1556 2166 1737 2201 Livoniam

136 2241 302 2280 exercitu,
319 2240 459 2275 ineunte
474 2251 591 2274 mense
609 2238 807 2284 septembri,
829 2247 899 2271 non
925 2236 1129 2270 observatus
1156 2230 1376 2276 immigravit.
1400 2229 1561 2264 Obnoxia
1579 2229 1626 2263 ibi
1644 2228 1738 2263 clan-

137 2303 281 2339 destinis
295 2302 449 2337 consiliis
467 2305 567 2336 erant
584 2301 712 2335 omnia.
735 2300 839 2345 Rigae
858 2296 1064 2344 praesidiarii
1082 2296 1118 2329 in
1136 2293 1307 2328 moenibus
1326 2292 1458 2327 treceni
1476 2303 1544 2326 non
1562 2290 1710 2337 amplius
1729 2302 1735 2324 z

139 2365 227 2400 arcis
244 2364 496 2399 Dunaemundae
519 2363 676 2398 custodia
704 2362 800 2397 nulla
823 2374 829 2395 :
853 2359 1020 2406 suppetiae
1047 2357 1186 2392 aliunde
1209 2356 1388 2402 callipides
1416 2360 1519 2401 atque
1545 2354 1707 2389 invalidae
1730 2365 1736 2386 :

181 2432 220 2472 (1)
244 2434 352 2461 Laudes
369 2433 500 2468 principis
525 2435 625 2468 praeter
650 2429 719 2459 alios
738 2434 819 2466 poeta
845 2433 940 2457 noster
956 2428 1114 2455 Sarbievius
1137 2426 1298 2454 celebravit.
1315 2424 1345 2454 V.
1363 2424 1444 2459 hujus
1468 2424 1598 2452 poemata
1622 2423 1739 2451 collecta

144 2490 171 2515 et
187 2488 258 2515 edita
272 2486 357 2514 Vilnae
378 2494 422 2514 an.
442 2487 528 2515 1757.
551 2502 586 2506 —-
604 2485 643 2521 (ΞΣ)
659 2485 721 2514 Vid.
736 2486 761 2512 in
780 2484 862 2511 Facie
886 2482 987 2510 Rerum
1005 2481 1122 2509 Sarmat.
1138 2477 1169 2507 P.
1189 2478 1380 2511 Naramovsffi,
1401 2486 1463 2513 pag.
1483 2478 1552 2505 ⁶297.

1768 385 1828 412 1621

1770 566 1909 592 Pietasdu-

1769 608 1806 633 cis
1816 607 1913 634 etlibe-

1767 647 1866 673 ralitas.

1771 1193 1866 1220 Cultus

1770 1233 1902 1263 Divorum,

1770 1269 1797 1294 in
1820 1269 1914 1302 primis

1770 1308 1802 1333 B.
1814 1307 1913 1334 Stanis-

1769 1346 1805 1372 lai
1826 1346 1903 1372 Kost-

1769 1388 1812 1413 ka.

1769 1556 1859 1589 Imago

1770 1596 1868 1622 vultus.

1770 1873 1861 1906 Sepul-

1769 1912 1869 1939 chrum.

1769 2013 1901 2078 suetam

1768 2094 1863 2120 bellum
1885 2093 1912 2119 in

1769 2132 1884 2158 Livonia.

1768 2242 1834 2275 Riga
1855 2250 1911 2275 pro-

1768 2283 1839 2309 ditur
1871 2282 1904 2307 ab

1768 2321 1909 2351 haereticis;
