2184 2953
806 297 1037 327 APPENDICES.
1675 298 1735 329 413

122 384 268 417 Albertus
277 386 377 418 Slaski
391 386 558 418 seeundum
584 387 621 419 ad
648 396 698 419 an.
751 413 756 418 .
803 388 881 420 1635
965 388 1103 420 Andreas
1121 387 1345 428 Szezepkowski
1363 388 1463 420 finivit
1474 389 1611 430 regimen

123 431 293 473 Christoph.
314 433 461 465 Zalewski
490 434 528 465 ad
554 444 601 465 an.
647 459 652 464 .
701 460 706 465 .
754 460 759 465 .
807 436 882 467 1637
1007 446 1084 468 anno
1116 458 1607 468 ..........
1653 438 1731 469 1653

123 478 289 519 Gregorius
304 479 447 512 Hoffman
463 482 630 513 translatus
653 482 690 513 ad
717 492 761 514 re-
968 484 1119 516 Osvaldus
1154 484 1288 524 Kruger,
1317 484 1459 515 mortuus
1481 484 1612 516 Grodnae

163 526 306 566 gendum.
329 527 397 559 coll.
422 528 552 560 Polociae
567 538 653 560 anno.
703 555 709 561 .
755 554 761 559 .
808 530 885 561 1638
1009 530 1057 561 die
1073 531 1091 561 6
1106 532 1182 562 maii
1199 540 1276 562 anno
1336 554 1609 562 ......
1656 533 1734 572 1655

123 573 261 604 Andreas
277 574 475 606 Luszkowski
491 575 529 606 ad
554 585 601 606 an.
649 602 655 607 .
703 600 709 606 .
755 601 762 608 .
809 578 885 608 1641
971 577 1144 618 Stephanus
1174 578 1331 609 Zalewaka
1355 587 1406 618 pro
1431 579 1548 609 rectore
1575 579 1613 610 ad

123 619 257 651 Michael
280 621 466 654 Ginkiewiez
487 623 524 654 ad
550 633 598 655 an.
647 649 652 653 .
701 649 706 654 .
757 649 763 655 .
810 625 889 655 1644
1011 634 1058 656 an.
1075 626 1166 656 1658.
1187 626 1253 657 Hoc
1265 625 1393 665 praeside
1407 625 1554 665 dissipata
1565 636 1612 658 res

128 667 260 698 Thomas
289 668 414 709 Clagius
441 670 477 701 ad
508 680 545 701 an
549 695 770 702 .....
815 672 893 702 1647
1017 673 1115 704 omnis
1132 673 1261 713 Collegii
1278 673 1314 703 ab
1332 673 1429 703 hoste.

128 713 302 746 Stanislaus
324 715 481 753 Bobinski,
503 717 767 749 tumultuantibus
972 720 1110 759 Raphael
1135 719 1308 751 Klosowski
1336 720 1373 750 ad
1400 729 1447 750 an.
1496 745 1501 750 .
1550 746 1555 750 .
1604 745 1609 750 .
1655 722 1731 753 1661

203 762 334 794 Cosaeis.
971 766 1183 797 Fundamenta
1198 767 1306 798 domus
1329 768 1359 798 et
1383 767 1491 808 templi
1505 767 1611 799 &Ra-

1015 814 1130 853 phaelis
1149 824 1177 846 v.
1190 815 1270 846 Hist.
1283 823 1351 855 pag.
1363 815 1433 846 241.

368 954 672 991 SUPERIORES
709 955 1021 991 RESIDENTIAE
1063 956 1486 992 NOVOGRODENSIS.

122 1065 255 1098 Jacobus
271 1066 482 1102 Roznovolski‚
496 1066 714 1107 Subsylvanus,
732 1067 889 1107 coadjutor
900 1066 1078 1107 spiritualiS,
1094 1068 1185 1099 resid.
1204 1077 1270 1108 sup.
1286 1068 1324 1100 ab
1346 1077 1424 1099 anno
1444 1068 1530 1099 1631.

123 1114 257 1146 Joannes
273 1114 549 1153 Kezdziernawski,
561 1115 721 1153 Masovita,
738 1115 895 1156 coadjutor
908 1115 1091 1155 spiritualis,
1105 1116 1182 1147 rexit
1195 1116 1232 1148 ab
1248 1124 1326 1147 anno
1341 1116 1431 1147 1630.

122 1161 255 1193 Jacobus
271 1162 398 1202 Ugoski‚
415 1162 633 1201 Subsylvaims,
648 1163 783 1202 superior
795 1163 832 1193 ab
847 1172 925 1194 anno
941 1163 1028 1194 1641.

122 1209 254 1241 Joannes
270 1209 379 1249 Szylpa
394 1209 552 1246 Lituanus,
565 1210 602 1240 ab
619 1219 695 1240 anno
712 1210 801 1241 1645.

122 1256 237 1288 Paulus
250 1256 419 1288 Idzkowski
435 1256 586 1297 Subsylv„
609 1258 766 1297 coadjutor
781 1256 891 1296 spirit,
909 1257 1006 1288 aban.
1023 1258 1111 1289 1647.

122 1303 271 1344 Georgius
285 1304 478 1342 Rafalowica
495 1305 599 1336 Polon.
617 1305 711 1339 coad,
730 1304 910 1335 interfectus
928 1304 1015 1341 1655,
1030 1305 1047 1334 6
1064 1304 1211 1343 septemb.
1231 1304 1370 1344 sepultus
1384 1304 1414 1335 in
1438 1304 1552 1344 templo
1566 1305 1734 1336 unitorum.

164 1351 270 1382 Socius
291 1361 376 1386 suus,
398 1352 538 1383 minister
553 1352 659 1383 domus
676 1352 709 1382 P.
724 1352 861 1382 Andreas
877 1351 1097 1391 Kaweezynski
1110 1351 1260 1382 abduetus
1276 1352 1307 1382 in
1324 1351 1532 1382 Mosehoviam
1547 1352 1579 1382 in
1592 1352 1732 1384 vinculis.

162 1399 236 1429 Post
247 1398 428 1430 decennium
444 1400 547 1437 redux,
563 1399 640 1430 obiit
655 1399 791 1430 Nesvisii
805 1399 892 1429 1667.
906 1399 1029 1429 Primus
1041 1398 1215 1430 benefactor
1228 1399 1337 1439 templi
1354 1399 1557 1430 Faszczoviae,

122 1445 255 1477 Joannes
268 1446 475 1487 Chondzynski
492 1456 556 1487 sup.
575 1447 665 1477 resid.
681 1448 757 1478 emit
771 1446 916 1486 praedium
933 1446 1022 1486 Jatry
1036 1446 1122 1477 1657.

99 1530 105 1536 ο
119 1492 217 1524 Lucas
232 1493 364 1530 Zaluski,
380 1493 530 1530 Rutenus,
548 1493 576 1524 S.
593 1493 627 1524 Τ.
642 1494 677 1524 D.
693 1493 875 1534 gubernavit
889 1493 926 1524 ad
942 1503 1054 1524 annum
1073 1493 1159 1524 1658.

111 1538 279 1582 *Ladislaus
301 1540 480 1576 Rudzinski‚
499 1541 657 1578 Masovita,
673 1541 744 1581 gub.
758 1549 774 1570 a
791 1540 880 1571 1658.

120 1586 257 1619 Adamus
273 1587 448 1623 Wardaeki,
462 1588 622 1626 Masovita,
639 1597 655 1618 a
672 1588 760 1619 1662.

827 1717 1075 1751 ORSENSIS.

160 1830 296 1862 Duorum
312 1832 433 1872 tantum
455 1831 487 1862 in
508 1830 623 1862 tabulis
639 1829 755 1861 archivi
771 1829 937 1869 praesidum
961 1828 1076 1859 mentio
1095 1842 1100 1857 :
1120 1827 1180 1858 PP.
1196 1827 1376 1868 Hieronymi
1394 1828 1571 1859 Kieniszkis
1595 1828 1728 1866 Lituani,

119 1878 150 1909 et
166 1877 204 1908 N.
220 1878 353 1914 Rawan;
378 1878 426 1909 eui
443 1879 476 1909 P.
492 1877 695 1916 Hieronymus
717 1875 872 1913 suecessit,
887 1875 923 1905 ad
941 1875 1118 1914 episcopum
1143 1875 1321 1915 Samogitiae
1342 1877 1473 1913 evocato,
1490 1876 1626 1916 rexitque
1652 1876 1731 1907 eirca

119 1932 232 1954 annum
249 1923 338 1954 1612.

160 1970 194 2002 Ρ.
216 1970 369 2002 Martinus
384 1971 550 2003 Kownaeki
565 1981 612 2002 an.
631 1972 716 2003 1626.
730 1971 798 2003 Vid.
812 1971 841 2002 in
853 1970 935 2002 Hist.
948 1979 1017 2011 pag.
1036 1970 1104 2008 285,
1119 1979 1147 2001 n.
1162 1970 1210 2001 35.

775 2087 1071 2123 PINSCENSIS.

121 2199 267 2232 Albertus
285 2199 390 2231 Ploeki
406 2200 523 2240 primus
546 2201 667 2232 rector.
661 2211 667 2217 ·
684 2200 823 2231 mortuus
868 2223 874 2230 .
921 2223 925 2228 .
1013 2222 1020 2229 .
1104 2221 1111 2228 .
1195 2221 1202 2227 .
1286 2221 1293 2227 .
1378 2220 1384 2227 .
1470 2221 1477 2227 .
1561 2221 1568 2228 .
1652 2197 1729 2229 1637

121 2246 272 2287 Georgius
292 2247 435 2278 Hoffman
451 2247 488 2278 ab
503 2256 579 2278 anno
644 2272 650 2278 .
738 2271 745 2278 .
829 2272 836 2278 .
921 2271 927 2277 .
1011 2270 1018 2276 .
1102 2269 1108 2275 .
1193 2268 1199 2274 .
1285 2268 1291 2274 .
1377 2268 1384 2274 .
1471 2268 1478 2276 .
1561 2269 1568 2276 .
1653 2245 1730 2276 1637

121 2295 258 2327 Andreas
273 2294 436 2326 Wolowicz
451 2295 643 2326 renuntiatus
658 2296 756 2326 rector
825 2319 831 2326 .
917 2318 922 2323 .
1194 2315 1201 2322 .
1285 2315 1292 2322 .
1378 2316 1384 2322 .
1468 2315 1475 2322 .
1560 2316 1567 2326 ,
1652 2292 1728 2323 1651

203 2342 262 2373 Hie
280 2341 357 2382 jecit
370 2341 502 2395 lapidem
522 2343 700 2383 angularem
723 2341 876 2374 condendo
889 2340 1018 2381 Collegii
1031 2338 1198 2370 domicilio.

121 2389 228 2422 Simon
242 2389 420 2429 Ugniewski
438 2389 518 2422 circa
554 2415 560 2422 .
1104 2410 1111 2417 .
1196 2409 1203 2416 .
1651 2385 1729 2416 1660

121 2437 256 2469 Andreas
268 2437 439 2475 Guzewski,
455 2437 622 2479 Samogita,
643 2414 754 2469 tertius
769 2414 899 2477 Collegii
919 2435 1038 2466 rector:
1056 2442 1153 2473 nuper
1178 2441 1247 2473 pro·
1253 2431 1444 2472 provincial.
1458 2409 1567 2464 deinde

162 2494 289 2526 praepos.
303 2485 411 2516 domus
424 2485 564 2525 professae
577 2485 687 2521 Vilnae;
696 2486 787 2516 mort
800 2486 838 2517 12
854 2484 1002 2525 septemb.
1008 2492 1057 2514 an.
1078 2482 1164 2520 1665,
1182 2482 1265 2512 aetat..
1280 2481 1329 2520 67,
1342 2481 1503 2513 Soeietatis
1516 2481 1566 2512 37.
