2184 2953
301 403 363 429 1617

367 1692 398 1717 29

309 1731 379 1759 Orsae
392 1740 433 1758 ca-

308 1771 394 1804 ptivos
416 1779 455 1797 re-

308 1809 414 1836 dimunt

310 1849 378 1876 Socii
401 1849 456 1875 suis

314 1888 413 1915 officiis⁴

312 2087 423 2113 Fructus

312 2127 433 2161 insignis.

311 2267 441 2299 Novogro-

311 2305 417 2331 densem

310 2346 445 2372 civitatem

312 2386 413 2410 curant.

467 303 527 334 248
854 305 1127 335 LITUANICARUM
1151 305 1361 334 SOCIETATIS
1383 304 1467 333 JESU
1493 304 1739 333 HISTORIARUM

476 397 576 432 litani
596 398 780 433 sententia.
816 399 973 434 Jesuitas
1004 398 1054 433 illi
1085 399 1242 434 certatim
1275 398 1433 439 laudare,
1464 402 1497 433 et
1527 399 1570 433 ad
1603 398 1843 444 magisterium
1873 398 2080 444 deposcere:

472 460 628 506 ipsorum
666 460 833 502 navitate,
855 465 906 496 tot
936 460 1116 506 praeclaris
1152 461 1299 506 probata
1325 460 1504 506 exemplis,
1539 461 1627 495 effici
1647 460 1822 495 enimvero
1842 472 1953 505 posse,
1976 465 2012 494 ut
2031 461 2083 495 sui

473 521 550 557 laus
570 522 726 564 Ordinis,
748 523 822 569 jam
854 523 1062 568 diujacens,
1085 527 1245 568 assurgat
1264 523 1405 557 tandem
1435 528 1469 557 et
1499 523 1728 557 convalescat.
1760 523 1939 569 Bytinium
1969 523 2084 568 itaque

472 588 544 618 tres
564 595 582 619 e
604 584 821 619 Nesvisiensi
841 584 1022 619 Sociorum
1049 584 1205 630 Collegio
1225 585 1425 619 sacerdotes
1456 585 1548 625 lecti,
1571 585 1690 619 Simon
1718 585 1902 625 Pruskius,
1924 584 2085 620 Andreas

474 646 704 687 Koniuskius,
728 650 762 681 et
781 646 983 692 Stephanus
1017 646 1264 687 Gruzevskius‚
1286 647 1505 681 deducuntur
1523 647 1567 693 (1)
1596 647 1730 681 Horum
1756 647 1955 691 magisterio
1983 647 2085 681 unius

475 709 587 755 spatio
607 709 687 743 anni
723 708 884 743 effectum
903 712 968 747 est,
986 711 1023 742 ut
1038 708 1123 742 illud
1143 709 1293 743 tironum
1309 709 1438 754 pariter
1453 721 1494 743 ac
1508 713 1751 743 veteranorum
1772 709 1964 755 Collegium
1991 708 2087 743 aliud

472 770 552 805 inde
567 771 706 805 omnino
721 782 742 805 a
756 782 793 805 se
810 770 1003 804 videretur:
1026 770 1075 804 ita
1094 770 1149 804 hic
1168 771 1308 816 antiqua
1331 771 1471 805 Ordinis
1499 772 1669 806 Basiliani
1695 772 1772 805 laus
1792 771 1955 817 reviguit⁴
1974 771 2087 816 Hujus

474 833 525 867 rei
552 832 850 867 commendatione
887 832 1041 871 excitati,
1062 832 1179 877 plures
1199 844 1241 866 ex
1258 832 1338 866 aliis
1357 833 1524 868 coenobiis
1551 845 1587 868 se
1605 834 1782 880 Bytinium
1810 833 1979 873 conferre,
1998 838 2032 867 et
2052 833 2085 866 in

475 894 692 940 disciplinam
728 893 862 928 alacres
895 894 1024 928 nostris
1056 894 1204 935 dedere;
1245 894 1391 940 aliisque
1422 895 1493 935 alii,
1532 895 1700 929 institutis
1740 895 1856 934 rudes,
1887 895 2084 929 succedere.

474 957 695 1003 Quapropter
714 956 843 990 diutius
863 967 903 991 eo
924 957 959 990 in
981 956 1186 1001 magisterio
1210 957 1324 991 socios
1343 958 1477 991 versari
1496 958 1661 1003 oportuit,
1692 969 1793 1002 quam
1812 958 1903 992 inter
1921 957 2087 1002 praesides

473 1019 623 1064 partium
643 1018 861 1053 convenisset
880 1030 887 1052 :
910 1028 991 1051 nam
1010 1018 1179 1063 principio
1200 1018 1294 1053 Socii
1312 1019 1376 1053 hoc
1390 1024 1487 1065 pacto
1502 1019 1649 1065 accepti,
1668 1023 1703 1052 ut
1722 1031 1765 1053 ne
1792 1030 1920 1052 annum
1941 1017 2089 1064 amplius

475 1092 580 1115 unum
599 1081 635 1115 in
654 1080 777 1114 officiis
796 1084 1019 1120 tenerentur;
1045 1080 1108 1114 sed
1123 1084 1248 1126 rogatu
1269 1093 1345 1115 cum
1369 1081 1628 1127 metropolitani
1646 1086 1717 1115 tum
1737 1092 1877 1115 suorum
1896 1081 2088 1115 antistitum

474 1143 586 1178 coacti
601 1147 693 1183 sunt,
716 1142 835 1188 plures
850 1153 961 1177 annos
977 1152 1039 1176 sua
1054 1143 1258 1176 continuare
1272 1144 1475 1188 magisteria
1498 1144 1546 1189 (2).
1574 1143 1627 1177 Ex
1649 1154 1715 1188 quo
1743 1143 1867 1177 deinde
1895 1148 2034 1188 quantae
2053 1143 2087 1176 in

474 1204 610 1251 plebem
638 1204 742 1239 etiam
779 1204 948 1238 utilitates
976 1208 1172 1243 manarent,
1209 1204 1375 1239 videbant
1411 1205 1659 1250 gratulabundi
1695 1204 1867 1239 antistites
1899 1204 1964 1238 sui.
2009 1204 2088 1238 Jam

475 1267 594 1313 plebes
612 1279 675 1302 sua
689 1267 879 1305 Rutenica,
897 1278 975 1312 quae
994 1278 1106 1312 nuper
1120 1271 1154 1301 et
1173 1267 1260 1301 ritus
1288 1267 1455 1302 Ecclesiae
1474 1267 1645 1301 Romame
1672 1271 1706 1301 et
1733 1267 1931 1301 sacerdotes
1949 1278 2085 1302 aversa-

476 1330 592 1370 batur,
610 1330 690 1364 inde
709 1330 825 1364 omnia
841 1329 1093 1363 catholicorum
1111 1340 1173 1374 pro
1193 1329 1264 1363 suis
1282 1329 1430 1370 habere;
1453 1329 1638 1364 Societatis
1658 1332 1788 1363 nostrae
1816 1329 1985 1368 homines,
2003 1340 2088 1374 quos

477 1396 557 1427 ante
593 1391 806 1437 defugiebat,
842 1390 1019 1435 suspicere
1050 1390 1227 1435 deinceps,
1257 1389 1419 1425 fidentius
1449 1390 1558 1430 adire,
1589 1394 1623 1424 et
1648 1391 1682 1424 in
1708 1393 1769 1424 suo
1797 1391 1942 1436 quisque
1969 1391 2089 1426 salutis

478 1452 619 1499 negotio
646 1464 708 1498 pro
727 1452 799 1487 suis
818 1451 869 1486 uti
896 1451 1076 1497 magistris
1109 1462 1149 1484 ac
1174 1451 1343 1497 patribus.
1362 1452 1451 1486 Tum
1478 1453 1613 1487 demum
1632 1452 1760 1486 clarius
1788 1452 1999 1487 intellectum
2019 1457 2085 1493 est,

477 1513 561 1561 quid
579 1514 660 1548 unio
680 1525 753 1555 sua,
776 1525 878 1559 quam
905 1513 1092 1548 inscientes
1124 1513 1239 1547 adhuc
1257 1514 1306 1548 ita
1334 1515 1535 1549 Graecorum
1555 1527 1631 1550 cum
1647 1516 1781 1550 Latinis
1812 1517 2087 1561 conjunctionem

477 1576 692 1617 vocitarent;
722 1575 816 1621 quid,
850 1576 1005 1621 inquam,
1044 1575 1275 1620 significaret,
1308 1576 1458 1622 quidque
1490 1577 1699 1621 discriminis
1731 1589 1911 1612 romanam
1946 1579 2035 1613 inter
2054 1584 2087 1613 et

479 1649 632 1684 graecam
641 1638 729 1672 foret
743 1637 949 1672 Ecclesiam.
965 1635 1058 1671 Alibi
1073 1636 1157 1682 ipsis
1169 1638 1273 1672 etiam
1284 1638 1512 1673 schismaticis
1523 1650 1630 1684 opera
1646 1639 1826 1674 Sociorum
1837 1640 1899 1674 fuit
1913 1644 2090 1686 pergrata.

531 1699 632 1746 Capti
657 1711 768 1745 nuper
791 1698 882 1733 bello
910 1698 1151 1739 Moscovitico,
1182 1699 1313 1734 Ruteni
1339 1700 1466 1735 milites
1487 1701 1586 1735 Orsae
1614 1701 1647 1734 in
1675 1701 1822 1735 vinculis
1851 1702 2088 1736 servabantur.

481 1761 605 1796 Visere
624 1761 779 1807 captivos
798 1760 985 1795 identidem
1011 1772 1029 1794 e
1049 1759 1205 1806 collegio
1230 1761 1323 1796 Socii
1343 1775 1349 1796 :
1372 1762 1478 1797 solari
1505 1762 1691 1808 mancipia,
1713 1774 1780 1796 non
1808 1762 1909 1798 aliter
1936 1767 2038 1808 atque
2065 1764 2093 1797 si

482 1824 548 1864 sui,
570 1824 661 1869 iique
688 1823 776 1858 bene
795 1822 921 1863 meriti,
943 1822 1069 1862 forent,
1092 1826 1126 1856 et
1144 1834 1280 1864 curare,
1298 1824 1385 1870 stipe
1411 1829 1445 1859 et
1470 1825 1610 1859 cibariis
1638 1836 1773 1870 quoque
1793 1825 1847 1860 die
1866 1825 1911 1859 ad
1937 1837 2093 1860 carceres

481 1899 543 1934 per
561 1899 642 1922 suas
662 1898 784 1921 manus
803 1885 951 1920 collatis.
975 1885 1144 1930 Magnam
1171 1885 1321 1921 faciebat
1347 1887 1611 1921 admirationem
1641 1898 1682 1921 ea
1708 1887 1946 1921 misericordia
1969 1887 2094 1922 barba-

481 1950 552 1990 ris;
572 1949 690 1995 itaque
715 1948 868 1982 vicissim
900 1947 1101 1982 Moscorum
1133 1946 1255 1982 ductor
1287 1949 1476 1984 clementer
1503 1948 1632 1982 habere
1669 1959 1687 1982 e
1723 1948 1904 1983 Lituanico
1939 1949 2093 1994 captivos

481 2010 651 2051 exercitu;
672 2010 859 2045 nonnullos
890 2022 1008 2046 eorum
1040 2011 1161 2053 Sociis,
1195 2016 1360 2057 tanquam
1391 2011 1483 2044 inter
1511 2014 1626 2055 partes
1648 2010 1877 2055 benignitatis
1902 2010 2091 2055 magistris,

483 2072 651 2118 quasique
669 2073 871 2118 sequestris,
896 2074 1029 2108 remisit
1056 2075 1130 2110 sine
1150 2074 1274 2121 pretio.
1297 2074 1366 2108 Per
1393 2071 1593 2106 occasiones
1621 2072 1789 2117 ejusmodi
1818 2072 1908 2106 facta
1939 2076 2018 2106 sunt
2040 2071 2094 2106 lu-

484 2145 544 2168 cra
573 2135 767 2169 animorum
799 2134 963 2181 insignia.
987 2137 1187 2182 Octingenti
1214 2140 1248 2170 et
1277 2133 1512 2181 quadraginta
1539 2133 1594 2168 vel
1620 2145 1641 2167 a
1665 2134 1859 2179 graecanico
1892 2134 2091 2175 schismate,

485 2196 541 2231 vel
572 2208 593 2230 a
623 2197 726 2231 sectis
757 2197 1002 2232 haereticorum
1033 2199 1152 2239 variis,
1174 2199 1266 2232 intra
1296 2197 1388 2231 hunc
1414 2207 1555 2235 annum,
1578 2195 1691 2234 Orsae,
1713 2195 1747 2228 in
1775 2195 1849 2240 ipso
1882 2195 2021 2241 oppido,
2051 2196 2096 2230 ad

486 2258 680 2293 Ecclesiam
711 2259 864 2294 revocati
895 2264 1135 2295 numerantur.
1173 2257 1484 2304 Novogrodensem
1521 2258 1692 2292 civitatem
1725 2258 1968 2293 Nesvisienses
2003 2258 2095 2292 Socii

486 2331 548 2366 pro
569 2332 632 2354 sua
659 2320 760 2355 vinea
778 2320 955 2362 colebant;
978 2322 1227 2358 excurrebatur
1245 2321 1289 2355 ad
1310 2331 1382 2355 eam
1401 2319 1610 2359 identidem;
1640 2331 1715 2354 cum
1734 2319 1875 2354 Arianis
1901 2320 1947 2354 ibi
1975 2320 2096 2354 crebra

489 2383 586 2418 fuere
605 2395 666 2429 pro
686 2383 869 2418 sanctitate
896 2384 1076 2430 religionis
1103 2385 1283 2420 catholicae
1312 2383 1514 2417 certamina.
1539 2382 1707 2416 Effectum
1734 2381 1799 2416 hoc
1825 2393 1916 2416 anno
1935 2382 2094 2427 denique,

525 2459 563 2495 (1)
588 2457 619 2486 V.
638 2459 663 2485 in
684 2459 736 2486 vita
753 2459 780 2486 Ι).
795 2459 907 2486 Thomu)
922 2458 1023 2494 Viejslti
1043 2461 1147 2496 scripta
1162 2468 1175 2487 a
1191 2460 1222 2487 P.
1237 2457 1357 2490 Brictio,
1376 2465 1438 2494 pag.
1456 2458 1523 2485 ⁶205.

524 2511 564 2550 (τὶ)
588 2513 628 2540 Ad
641 2513 737 2540 decom
755 2520 841 2540 anuos
854 2518 1068 2548 perseverarunt
1084 2515 1109 2541 in
1127 2522 1161 2541 eo
1180 2513 1351 2551 magisterio.
