2184 2953
588 296 693 324 LIBER
720 295 899 324 SEPTIMUS
921 294 1133 333 (1620-1630).
1646 293 1705 323 275

85 386 159 421 viso
177 385 349 420 interfecti
377 386 505 420 domini
537 387 717 427 cadavere,
738 387 836 433 quasi
867 387 955 422 ictus
986 387 1072 433 ipse,
1096 397 1199 432 super
1218 387 1303 421 hero
1336 397 1397 420 suo
1429 386 1703 421 lamentabiliter

85 448 222 488 hirrire,
240 459 398 483 cruorem
417 449 565 494 lingere,
587 450 871 489 circumcursare,
893 452 927 484 et
941 449 1107 483 allatrare
1126 448 1455 494 parricidasNullis
1470 449 1617 484 bestiola
1633 452 1701 483 ter-

86 509 204 544 riculis
236 510 356 556 repelli
382 511 532 556 potuita
550 511 715 557 pedibus;
742 512 776 545 id
799 511 912 557 ipsum
936 511 1052 545 mirati
1076 510 1256 551 invidiose,
1284 510 1526 545 interfectores
1549 511 1701 545 catulum

87 571 300 606 confodiunt.
322 572 490 618 Nunquid
521 573 694 618 amplius?
715 573 856 608 Lusisse
886 572 1001 606 adhuc
1026 572 1059 606 in
1083 571 1214 606 scelere
1242 571 1307 605 sibi
1331 571 1394 606 visi
1412 572 1594 606 carnifices
1613 585 1619 606 :
1642 583 1700 618 pe-

88 632 189 667 dibus
221 633 363 679 insuper
390 634 473 668 resti
504 635 690 680 colligatis,
713 646 775 680 per
804 635 899 669 vicos
925 637 1065 680 raptant
1090 633 1281 673 laniatum;
1303 633 1352 667 ita
1370 633 1482 667 versis
1508 633 1645 678 plateis,
1667 634 1702 668 in

83 694 209 740 jugum
224 694 336 729 Dunae
351 695 454 730 fluvio
475 696 658 731 imminens
676 697 830 737 trahunt,
851 708 893 731 ex
910 697 997 743 jugo
1017 696 1051 730 in
1067 695 1360 742 praeterfluentem
1380 694 1612 740 praecipitant.
1636 696 1701 730 De-

85 756 213 801 jectum
235 768 359 803 corpus
386 757 490 792 haesit
510 758 544 792 in
564 758 694 792 littore.
727 758 874 798 Deinde,
897 770 939 793 ne
966 762 1038 792 tam
1064 761 1163 791 atrox
1189 756 1353 791 facinoris
1371 756 1424 790 sui
1444 762 1701 792 monumentum

87 819 249 864 supersit,
277 819 416 865 scaphae
434 820 612 865 injectum,
638 824 909 866 provectumque
932 820 967 854 in
995 820 1116 860 altum,
1139 819 1295 865 alligatis
1319 819 1364 853 ad
1383 819 1489 865 pedes
1516 823 1549 853 et
1576 819 1702 854 collum

85 880 310 926 ponderibus,
332 886 515 927 spargunt.
538 882 721 927 Gurgitem
739 882 834 916 illum
862 882 1023 917 catholici
1045 881 1150 916 hodie
1179 884 1276 915 sacri
1287 883 1387 924 putei
1406 881 1585 915 nominant
1603 893 1703 916 voca-

85 942 178 977 bulo.
201 943 348 977 Patrata
375 943 490 977 caedes
517 943 592 977 haec
619 943 730 989 pridie
750 944 827 978 idus
855 944 1080 984 novembres3
1111 955 1176 989 quo
1204 943 1278 989 ipso
1309 946 1465 988 tempore
1494 943 1568 977 visa
1600 947 1652 977 est
1681 955 1703 977 a

84 1004 216 1039 civibus
247 1004 414 1044 Polociee,
435 1005 469 1038 in
503 1005 587 1039 urbe
618 1005 722 1050 hujus
750 1006 917 1040 antistitis
936 1006 1112 1052 primaria,
1135 1004 1280 1051 grandis
1310 1004 1345 1038 in
1374 1005 1474 1045 coelo,
1498 1005 1699 1040 Vitebscum

84 1078 216 1106 versus,
238 1067 400 1102 columna
417 1067 540 1112 ignea3
574 1067 602 1101 is
633 1066 697 1101 fuit
717 1067 968 1102 Polocensibus
1000 1068 1142 1102 nuntius
1172 1079 1178 1101 :
1210 1066 1369 1101 columen
1402 1078 1515 1107 suum,
1537 1072 1695 1102 sanctum

82 1128 273 1162 antistitem
303 1128 459 1163 Vitebsci
490 1128 694 1163 convulsum
725 1140 813 1163 esse.

132 1190 331 1224 Narrarunt
346 1190 499 1236 quidam,
516 1191 609 1235 iique
624 1201 750 1236 graves
765 1191 842 1231 viri,
860 1190 976 1224 statim
991 1201 1032 1224 ac
1046 1189 1242 1224 demersum
1261 1194 1355 1225 esset
1373 1191 1538 1237 martyris
1558 1203 1695 1237 corpus,

81 1251 190 1286 multo
206 1256 288 1287 ante
313 1263 473 1287 occasum
497 1252 578 1291 diei,
601 1252 731 1286 offusas
752 1252 857 1287 fuisse
876 1252 1008 1286 civitati
1023 1252 1198 1293 tenebras,
1220 1255 1329 1287 tetras
1348 1253 1426 1288 illas
1441 1253 1541 1293 adeo,
1564 1257 1602 1288 ut
1620 1264 1699 1299 par-

81 1313 200 1348 ricidae
214 1314 248 1347 in
264 1318 399 1349 noctem
421 1318 564 1360 repente
583 1314 855 1348 Acherunticam
874 1314 1020 1359 conjecti
1035 1314 1099 1348 sibi
1119 1314 1332 1355 viderentur,
1355 1320 1615 1362 praesentesque
1634 1316 1699 1351 sibi

77 1375 168 1410 alius
181 1375 289 1410 alium
307 1376 526 1421 requirerent
544 1389 549 1409 ;
573 1375 761 1410 errabundi
777 1387 838 1421 per
853 1376 959 1417 vicos,
983 1376 1128 1410 horrore
1142 1377 1284 1421 perfusi,
1307 1377 1416 1412 sicubi
1432 1377 1566 1419 domus,
1589 1378 1698 1413 sicubi

77 1437 170 1472 fores
189 1442 318 1478 essent,
340 1438 486 1484 pedibus
514 1438 755 1483 manibusque,
783 1449 952 1472 caecorum
980 1437 1061 1479 ritu,
1089 1441 1354 1483 praetentarent.

125 1499 300 1534 Postridie
318 1500 392 1545 ejus
411 1499 530 1540 caedis,
552 1500 720 1542 Polociae,
742 1500 776 1533 in
797 1499 926 1545 oppido
945 1499 1026 1534 hinc
1045 1499 1219 1545 disjuncto
1245 1500 1424 1535 leucarum
1438 1502 1564 1547 viginti
1591 1502 1698 1537 inter-

76 1561 181 1602 vallo,
199 1562 353 1602 Simeon,
376 1562 545 1596 Dorothei
563 1561 833 1602 A‹·hremovicii,
862 1561 1065 1595 Polocensis
1080 1561 1232 1595 consulis
1251 1562 1390 1603 filiolus,
1413 1563 1544 1598 bimulo
1568 1564 1693 1604 minor,

75 1622 179 1657 simul
203 1634 281 1657 cum
308 1627 386 1657 ortu
405 1623 488 1657 solis
515 1627 752 1669 experrectus,
775 1623 979 1669 parentibus
1004 1626 1037 1657 et
1068 1622 1201 1657 familia
1224 1624 1469 1668 praesentibus,
1496 1629 1640 1670 repente
1659 1637 1696 1661 se

76 1683 219 1730 corripit
237 1696 255 1719 e
273 1684 413 1725 lectulo,
432 1684 590 1731 perculso
607 1685 742 1725 similis,
765 1685 892 1730 quique
908 1685 1022 1718 adhuc
1041 1696 1159 1719 vocem
1176 1686 1398 1720 nonmiserat
1416 1697 1477 1731 per
1495 1686 1690 1728 infantiam,

75 1745 226 1792 plorare,
244 1745 398 1792 illudque
415 1746 689 1792 lacrymabiliter
708 1747 925 1792 ingeminare
941 1757 1023 1780 voce
1038 1747 1151 1791 patria
1167 1758 1173 1780 z
1192 1749 1276 1780 Tala
1287 1750 1300 1781 !
1311 1751 1405 1781 tata!
1420 1750 1557 1782 Bohaz'lz'
1573 1751 1694 1783 zabz‘lz'!

76 1808 194 1848 Pater,
216 1807 359 1848 scilicet,
382 1812 493 1853 pater,
511 1808 619 1843 Divus
634 1820 745 1843 cresus
763 1808 835 1843 est!
856 1808 1058 1842 Mirabundi
1077 1808 1121 1842 ad
1142 1820 1218 1843 eam
1233 1809 1375 1843 infantis
1394 1821 1526 1849 vocem,
1549 1814 1692 1856 repente

74 1869 109 1904 in
135 1870 210 1904 haec
241 1869 391 1905 solutam
424 1870 541 1910 verba,
568 1873 729 1915 quaerunt
747 1880 791 1903 ex
826 1881 933 1915 puero
952 1873 1114 1914 parentes
1137 1870 1238 1915 :quis
1270 1869 1329 1904 ille
1349 1871 1443 1905 Deus
1462 1871 1614 1906 Divusve
1646 1873 1691 1907 sit

76 1931 210 1966 caesus?
229 1931 259 1965 is
274 1931 394 1971 Divus,
417 1931 606 1977 respondet
636 1931 747 1977 pusio,
778 1942 889 1971 caesus
919 1934 983 1969 est,
1007 1931 1065 1976 qui
1091 1931 1126 1964 in
1147 1931 1210 1964 hac
1231 1931 1314 1965 urbe
1333 1942 1395 1965 sua
1414 1934 1541 1966 Album
1563 1933 1691 1973 fanum

80 1991 141 2040 (sic
176 1993 388 2027 Rutenicum
420 1993 596 2038 templum,
617 2004 638 2027 a
661 1993 748 2027 Divo
777 1992 948 2038 Josaphat
979 2003 1084 2037 opere
1115 1992 1268 2027 lateritio
1298 1997 1525 2034 exstructum,
1548 1995 1695 2030 vocabat

76 2054 212 2100 vulgus)
226 2055 304 2100 pius
319 2054 524 2088 condiderit.
544 2055 609 2089 His
627 2054 728 2089 dictis
747 2054 931 2094 obmutuit,
949 2054 1125 2099 tacuitque
1144 2053 1288 2094 tamdiu,
1315 2054 1425 2089 donec
1450 2056 1601 2100 pueritia
1614 2068 1694 2091 con-

76 2126 223 2161 sequens
241 2120 442 2161 superasset
455 2116 647 2150 infantiam.
675 2115 827 2150 Vixdum
845 2115 921 2149 haec
940 2114 1064 2149 effatus
1096 2118 1148 2149 est
1182 2115 1309 2155 infans,
1332 2127 1409 2149 cum
1428 2127 1506 2151 ecce
1526 2117 1695 2153 Polocen-

78 2177 185 2218 sibus,
208 2177 242 2211 in
262 2177 382 2223 primis
402 2178 537 2211 consuli
573 2178 764 2218 Dorotheo,
791 2188 811 2211 a
839 2177 1014 2211 Vitebscia
1052 2176 1193 2211 nuntius
1222 2176 1329 2211 caedis
1357 2177 1556 2222 pontificiae.
1596 2180 1695 2215 Nihil

78 2239 248 2285 ejusmodi
279 2238 431 2273 Polociae
463 2243 538 2273 erat
564 2239 619 2273 vel
650 2239 927 2274 consomniatum
959 2238 1083 2272 adhuc.
1110 2238 1190 2283 Ipsa
1221 2238 1394 2273 Simeonis
1412 2238 1572 2280 infantia,
1602 2241 1694 2277 fama

78 2300 236 2346 quaedam
255 2300 387 2334 civibus
405 2299 469 2334 fuit
487 2300 743 2347 praenuntia(1).
768 2300 904 2334 Exinde
923 2299 1051 2333 famulo
1079 2311 1179 2333 suum
1198 2299 1291 2333 Deus
1320 2299 1536 2335 admirandis
1568 2302 1691 2348 signis,

80 2361 154 2396 aliis
184 2365 288 2406 atque
306 2361 400 2403 aliis,
421 2361 548 2407 populo
567 2362 822 2397 commendare.
862 2362 995 2407 Corpus
1018 2361 1196 2407 martyris,
1216 2360 1273 2394 diu
1292 2372 1313 2394 a
1338 2362 1520 2397 catholicis
1538 2363 1574 2397 in
1590 2364 1693 2399 Duna

81 2422 275 2468 quaesitum,
297 2426 393 2457 sexto
408 2423 588 2458 inventum
605 2424 661 2458 die
679 2436 686 2458 ι
703 2424 877 2469 integrum
911 2422 997 2457 illud
1017 2422 1157 2456 omnino
1176 2433 1217 2457 ac
1243 2422 1407 2464 flexibile,
1425 2427 1527 2469 grato
1546 2436 1587 2459 ac
1604 2426 1694 2461 reni-

123 2491 161 2528 (1)
178 2492 217 2519 Ex
234 2493 352 2521 historia
364 2492 482 2531 Collegii
502 2494 666 2521 Poloccnsis
679 2497 705 2521 et
725 2492 784 2520 Vita
799 2493 831 2520 Β.
847 2490 1003 2527 Josaphati,
1027 2500 1040 2518 a
1061 2491 1202 2520 Basiliano
1216 2492 1318 2527 scripta
1332 2493 1458 2528 typisque
1475 2495 1597 2531 vulgata.

1729 391 1794 417 1623

1730 644 1844 678 Tempus

1729 684 1814 711 credis.

1730 731 1848 756 Monstra

1729 770 1860 796 facinoris.

1728 1189 1839 1216 Caecitas

1726 1229 1874 1263 repentina.

1720 1825 1810 1852 Infans

1721 1873 1803 1898 praeco

1721 1907 1802 1933 necis.
