2184 2953
245 393 308 421 1656

249 1377 383 1405 Varmiam

249 1418 346 1444 81100113

249 1456 387 1483 (101101Βο-

249 1504 330 1524 russo.

249 1678 395 1712 Exportan-

250 1719 296 1745 dos
310 1719 395 1745 Socios

250 1759 277 1784 in
291 1757 395 1783 exilium

250 1797 348 1823 retinet

252 1835 352 1869 Conjux

246 1875 374 1909 principis

249 1915 395 1942 Borussici.

249 2252 335 2278 Pesti-

248 2292 340 2319 lentia.

414 286 473 318 378
782 285 1054 316 LITUANICARUM
1078 285 1288 316 SOCIETATIS
1308 285 1393 316 JESU
1416 286 1666 316 HISTORIARUM

417 393 481 428 qua
500 380 719 417 revenientes
734 380 781 415 ad
798 379 950 415 officium
969 380 1005 414 in
1023 379 1109 414 mari
1131 382 1300 414 mersaret
1325 379 1462 414 Baltico
1485 391 1491 413 :
1513 390 1582 425 qua
1605 383 1785 426 correptos
1808 391 1851 415 ex
1883 380 2034 416 Livonia

416 444 527 479 modis
551 447 692 479 necaret
707 442 802 477 diris.
822 443 876 477 Ita
890 442 998 478 Suedi
1017 442 1121 478 etiam
1140 446 1223 477 tunc
1241 441 1372 483 affecti,
1394 442 1463 476 imo
1485 453 1569 477 vero
1583 442 1745 478 iratiores
1763 442 1881 483 etiam,
1898 443 2034 480 incitati

416 507 460 541 ab
476 505 713 541 adulatoribus
726 503 902 540 haere'ticis
919 505 1148 545 nostratibus,
1170 504 1206 538 in
1229 515 1293 538 nos
1312 504 1364 538 illi
1379 504 1522 550 primos,
1545 505 1604 539 ubi
1622 504 1682 539 ubi
1700 516 1854 540 essemus
1876 505 2031 547 obnoxii,

414 569 630 604 involabant.
652 568 767 603 Duces
785 568 1028 615 populantium
1046 566 1227 602 Varmiam
1243 566 1436 613 copiarum,
1456 566 1695 602 Oxensternus
1724 567 1860 604 Sueciae
1887 568 2032 604 cancel-

413 631 536 672 larius,
560 630 738 666 Fabianus
753 641 868 666 comes
887 641 909 664 a
931 630 1070 669 Donna,
1094 629 1273 664 Robertus
1292 628 1490 675 Duglassus
1509 642 1515 664 z
1536 629 1680 664 nomina
1702 641 1764 676 per
1792 629 1888 676 ipsas
1914 631 2037 666 crude-

414 693 495 728 liter
518 705 574 729 res
597 696 716 740 gestas
742 692 970 728 memoranda
988 705 995 733 ;
1018 702 1164 737 quorum
1195 690 1304 725 multa
1323 691 1393 726 sint
1411 691 1614 726 tristissima
1636 691 1672 726 in
1691 691 1802 727 ruinis
1824 692 2037 739 tumulisque

412 755 579 797 Varmiae,
601 755 817 801 Samogitiae‚
839 758 875 790 et
892 753 976 789 alibi
998 753 1139 799 passim,
1161 757 1398 788 monumenta.
1430 753 1547 788 Nullis
1567 753 1659 799 apud
1686 753 1765 788 illos
1791 754 1952 800 precibus
1978 755 2038 790 im-

412 818 541 865 petrari
567 821 716 865 poterat,
746 816 884 863 templis
912 815 1043 861 utique,
1072 816 1177 850 rebus
1196 815 1271 850 Deo
1291 816 1413 856 sacris,
1434 816 1486 850 uti
1500 820 1721 863 parceretur;
1742 816 1871 851 frustra
1891 829 2037 863 queren-

414 881 506 916 tibus
535 880 661 915 misere
681 879 805 920 Sociis,
828 878 1035 925 injuriarum
1058 877 1134 924 jam
1162 889 1240 913 esse
1267 877 1401 913 affatim
1432 879 1467 912 in
1504 879 1666 913 evastatis
1697 878 1861 924 pauperis
1896 879 2040 915 familiae

416 944 616 990 exustisque
634 941 757 988 agellis
778 954 784 976 :
807 941 842 975 111
857 940 1037 976 exhaustis
1057 941 1101 975 ad
1118 940 1282 987 stipulam
1296 940 1433 976 cellulis
1451 953 1458 976 ;
1476 941 1565 976 nihil
1580 953 1618 977 se
1633 941 1818 988 spoliatius
1838 953 1927 985 esse,
1948 943 2040 978 nihil

416 1007 590 1053 egentius.
612 1004 729 1040 Nullis
744 1004 882 1039 hostem
902 1003 1007 1037 istum
1027 1014 1185 1038 moveres
1204 1003 1379 1049 precibus.
1408 1003 1583 1050 Quidquid
1602 1004 1638 1039 in
1661 1004 1766 1040 rebus
1785 1004 1921 1047 domus,
1944 1006 2041 1052 quid-

418 1069 499 1116 quid
519 1071 717 1114 superesset
736 1067 772 1101 in
790 1065 943 1112 templis,
961 1065 1017 1100 vel
1037 1065 1200 1100 contrivit
1219 1065 1275 1100 vel
1295 1065 1450 1100 abstulit.
1469 1066 1708 1102 Abstulissent
1727 1066 1832 1102 etiam
1864 1067 2039 1114 spiritum,

417 1132 487 1167 nisi
504 1130 750 1165 intervenisset
765 1128 972 1175 deprecator
999 1139 1020 1162 a
1048 1128 1107 1174 pia
1133 1127 1282 1173 conjuge
1300 1127 1465 1174 principis
1485 1128 1678 1169 Borussici,
1697 1129 1739 1164 de
1768 1129 1959 1165 Suecorum
1976 1131 2039 1166 im-

420 1194 579 1228 manibus
610 1193 710 1227 factis
729 1204 792 1238 per
810 1190 1082 1226 mareschallum
1104 1190 1262 1224 Prussiae
1277 1190 1422 1225 monita.
1443 1189 1500 1225 Ad
1522 1190 1731 1237 languorem
1754 1191 1881 1227 suroris
1898 1192 2042 1239 aliquod

421 1259 633 1291 momentum
658 1254 782 1290 habuit
803 1264 897 1288 mors
924 1252 1109 1298 repentina
1138 1252 1379 1294 Oxensterni3
1408 1253 1466 1298 qui
1497 1252 1575 1299 plus
1607 1254 1766 1289 saevisset
1797 1253 1889 1290 aliis.
1925 1256 2041 1302 Hujus

422 1319 553 1360 caeteri,
574 1318 629 1353 vel
648 1328 765 1364 poena,
784 1315 877 1362 quod
895 1315 998 1350 facile
1017 1315 1243 1361 interpretari
1262 1318 1351 1356 erat,
1374 1315 1566 1356 conterriti,
1588 1316 1644 1351 vel
1664 1328 1747 1352 cura
1760 1317 1893 1353 funeris
1912 1319 2040 1361 aversi,

423 1383 597 1429 quievere.
617 1379 772 1416 Subinde
791 1379 965 1414 Borussos
985 1378 1077 1413 inter
1104 1380 1138 1412 et
1157 1378 1301 1419 8110003,
1323 1377 1477 1413 0011311113
1494 1379 1610 1414 adhuc
1628 1379 1839 1415 dissidentes
1858 1383 1891 1415 et
1919 1381 2039 1423 armis,

424 1456 494 1491 pax
516 1447 549 1479 et
572 1442 758 1478 concordia
778 1441 981 1476 constituta.
1017 1440 1190 1475 Invitatus
1217 1440 1262 1474 ad
1286 1440 1321 1474 id
1347 1451 1368 1474 a
1399 1440 1511 1476 Sueco
1538 1441 1714 1477 Borussus
1749 1442 1833 1477 illici
1857 1446 2045 1490 optatoque

424 1508 528 1547 dono,
550 1505 706 1546 Vamuia,
730 1503 886 1539 Prussiae
911 1514 984 1538 suae
1004 1491 1234 1543 contermina,
1258 1502 1335 1548 jam
1363 1502 1507 1538 Polouis
1536 1503 1713 1550 adempta.
1736 1504 1859 1539 Sextili
1878 1509 2041 1547 exeunte,

424 1570 550 1604 missus
577 1580 598 1603 a
612 1568 768 1602 Borusso
782 1566 817 1600 in
836 1565 1097 1612 possessionem
1117 1564 1244 1599 ablatae
1261 1565 1466 1611 provinciae,
1489 1571 1716 1613 recuperator
1735 1567 1856 1602 Socios
1870 1568 2045 1614 emigrare

415 1633 517 1679 jubet
544 1630 726 1666 confestim
758 1641 800 1664 ex
827 1629 920 1664 omni
951 1627 1111 1668 Varmia‚
1145 1627 1319 1662 liburnica
1343 1628 1420 1673 jam
1450 1640 1542 1663 nunc
1561 1630 1676 1664 nescio
1702 1641 1769 1675 quo
1792 1630 2040 1676 exportandos.

422 1694 643 1730 Exulandum
659 1693 766 1739 igitur
785 1695 862 1727 erat
880 1692 994 1727 edicto
1014 1694 1049 1726 et
1063 1690 1116 1724 ira
1135 1689 1357 1725 inexorabili.
1380 1691 1536 1726 Perculit
1556 1692 1590 1726 id
1616 1692 1743 1726 civium
1762 1693 1911 1733 animos,
1932 1694 2043 1729 nostri

422 1757 571 1792 maxime
586 1755 791 1791 amantium.
814 1755 907 1793 Quos
937 1753 1031 1788 sama
1056 1752 1188 1788 decreti
1213 1752 1309 1788 exilii
1327 1752 1472 1789 incessit
1497 1755 1642 1801 primos,
1669 1756 1772 1802 primi
1791 1768 1976 1793 accurrere
1995 1757 2047 1792 illi

423 1819 468 1855 ad
487 1819 607 1854 Socios
631 1832 637 1853 ε
667 1817 884 1854 exulantium
900 1827 1068 1862 suamque
1095 1815 1159 1850 sub
1187 1814 1308 1850 hostili
1336 1815 1513 1849 fortunam
1534 1815 1622 1861 jugo
1649 1816 1782 1861 pariter
1809 1817 2040 1863 complorare3

422 1882 583 1917 misereri
601 1884 683 1916 ante
706 1880 795 1915 alios
815 1880 1000 1926 episcopus
1019 1878 1282 1924 Kijoviensium
1302 1877 1456 1912 Thomas
1485 1877 1528 1911 de
1550 1877 1737 1923 Rupnievo
1764 1878 1958 1924 Ujejskius,
1980 1890 2042 1914 an-

423 1945 522 1981 tistes
547 1944 733 1980 Societatis
751 1954 875 1978 amans
897 1953 1001 1988 quam
1019 1942 1077 1987 qui
1096 1942 1263 1982 maxime,
1282 1941 1437 1976 Resselii
1459 1944 1532 1975 tuin
1550 1940 1679 1986 hospes
1705 1941 1796 1976 inter
1814 1941 1948 1977 Socios.
1972 1942 2042 1978 Sed

424 2019 480 2042 res
494 2019 575 2042 mox
589 2018 691 2042 versa
709 2006 825 2041 aliter.
848 2006 995 2040 Postero
1016 2004 1086 2045 die,
1110 2015 1214 2051 quam
1241 2004 1284 2039 de
1312 2004 1380 2038 isto
1411 2002 1649 2038 renuntiatum
1679 2002 1806 2043 edicto,
1840 2004 1992 2039 accurrit
2022 2015 2044 2039 a

425 2070 575 2116 conjuge
593 2069 760 2116 principis
780 2067 963 2103 Borussici
977 2066 1188 2102 caduceator
1211 2079 1218 2102 :
1243 2067 1424 2113 quiescere
1442 2065 1479 2100 in
1493 2065 1651 2107 Varniia,
1667 2065 1743 2111 jam
1764 2077 1857 2101 nunc
1876 2066 2043 2113 principis

425 2134 478 2168 sui
505 2134 698 2180 provincia,
730 2132 857 2168 milites
886 2131 1069 2173 Sueticos;
1092 2131 1199 2172 cives,
1226 2130 1422 2177 religioso&
1453 2128 1489 2162 in
1515 2127 1636 2174 primis
1663 2127 1848 2164 Societatis
1866 2129 2039 2170 homines,

424 2195 610 2230 inviolatos
631 2207 708 2230 csse
725 2195 839 2241 jubet.
870 2194 947 2229 Hoc
979 2193 1092 2229 edicto
1116 2193 1254 2240 depulsi
1281 2192 1423 2228 demum
1452 2191 1570 2227 Sueci.
1601 2191 1672 2227 Sed
1692 2204 1735 2227 ne
1757 2192 1873 2227 abitus
1901 2192 2042 2239 quidem

423 2256 575 2291 hostium
595 2257 726 2291 civibus
744 2257 809 2291 suit
824 2256 963 2291 omnino
979 2254 1156 2290 laetabilis.
1175 2254 1434 2290 Maleficiorum
1448 2253 1500 2288 illi
1520 2265 1665 2289 suorum
1679 2255 1875 2290 auctarium
1889 2254 2041 2302 relique-

423 2322 504 2353 runt
523 2318 705 2364 oppidanis
724 2318 982 2364 pestilentiam;
1004 2328 1071 2363 qua
1090 2317 1216 2353 deinde
1234 2316 1335 2352 multi
1354 2317 1460 2357 cives,
1479 2317 1640 2362 interque
1655 2328 1714 2352 eos
1730 2316 1805 2363 ipso
1820 2317 2040 2353 Resseliensi

421 2380 455 2414 in
473 2380 598 2426 oppido
617 2380 735 2415 decom
753 2392 771 2414 0
792 2380 947 2426 Collegio
963 2380 1057 2415 Socii
1071 2380 1237 2426 prostrati
1256 2382 1349 2414 sunt.

470 2440 551 2476 Non
574 2441 660 2476 levis
686 2442 814 2488 injecta
839 2442 883 2476 ab
911 2442 1071 2478 hostibus
1096 2443 1204 2489 plaga
1231 2443 1336 2477 etiam
1361 2441 1507 2477 Plociae.
1538 2442 1663 2478 Vexati
1688 2443 1819 2478 foedum
1838 2443 1873 2477 in
1895 2443 2035 2479 modum

422 2514 555 2538 omnes.
574 2503 697 2538 Enecti
712 2503 746 2538 in
766 2503 941 2538 domicilio
956 2505 1095 2544 Patres,
1117 2504 1137 2538 J
1143 2515 1273 2538 oannes
1291 2503 1581 2551 Kopystynskius
1596 2507 1629 2540 et
1654 2504 1844 2540 Matthaeus
1871 2504 2027 2541 Zielens-
