2184 2953
747 299 852 326 LIBER
877 298 1011 326 PRIMUS
1032 298 1241 331 (1564-1570).
1775 292 1794 324 5

182 402 223 425 ex
253 389 385 425 Russia
416 400 480 423 sua
511 389 667 423 advocati
698 388 896 423 sacerdotes
917 387 1058 423 Ordinis
1076 387 1146 421 divi
1177 385 1320 426 Basilii;
1351 389 1452 431 atque
1473 385 1536 419 hos
1555 384 1708 419 indidem
1737 394 1791 418 se·
1820 389 1949 435 Blasiliani

182 451 278 498 qunti
313 454 392 485 sunt
411 451 574 486 Rutenici
605 451 812 496 presbyteri,
842 450 932 484 male
961 451 1034 496 jam
1070 449 1309 494 graecisantes,
1344 460 1365 482 a
1398 445 1791 493 Constantinopolitanis
1814 430 1966 495 ἵέὲὲἶῗζῖψ

181 515 346 561 corrupti.
376 515 423 549 Hi
442 515 523 561 quid
538 515 573 549 in
611 514 774 548 Lituania
805 513 954 558 egerint,
979 516 1039 546 aut
1073 512 1255 552 moverint,
1283 514 1404 545 nostra
1430 510 1486 544 hic
1512 510 1598 544 nihil
1624 510 1787 548 interest3

181 576 295 621 aliqua
328 576 446 621 utique
481 576 552 610 suis
590 576 674 610 locis
710 575 927 610 narrabimus
947 574 992 620 (1).
1023 574 1175 608 Facilior
1200 577 1293 608 certe
1324 572 1504 607 catholicis
1540 572 1582 606 de
1622 570 1791 616 religione

180 638 390 672 concertatio
445 649 522 671 cum
573 638 823 672 Photianorum
854 636 1042 682 pertinacia
1082 635 1242 675 istorum,
1281 646 1385 680 quam
1417 645 1494 668 cum
1536 632 1791 672 haereticorum,

179 700 248 734 alia
266 711 309 735 ex
326 700 403 734 aliis
422 700 651 739 molientium,
672 700 848 745 impietate
878 703 912 734 et
929 697 1087 733 audacia.
1113 697 1254 732 Seducti
1272 708 1292 731 a
1311 695 1442 731 Graecis
1460 695 1524 736 illi,
1546 694 1703 729 homines
1721 693 1792 739 ple-

179 762 276 808 rique
296 762 482 808 simplices,
500 762 688 796 laudabant
702 761 803 796 facile
818 762 904 796 ritus
924 760 1113 795 catholicos
1132 762 1167 794 et
1181 758 1353 799 instituta;
1373 758 1431 793 isti
1445 757 1568 792 armati
1587 755 1794 801 connixique
1819 748 1940 814 Vgffiatffiffl

180 825 277 859 ibant
296 825 340 859 ad
361 825 586 859 evertendam
604 825 731 870 ubique
764 823 986 869 religionem,
1009 826 1043 857 et
1062 822 1224 868 pietatem
1238 832 1376 855 omnem
1394 831 1437 854 ex
1455 819 1579 854 animis
1597 817 1794 852 mortalium
1818 797 1944 854 iificiefus,

181 885 409 921 evellendam.
428 885 572 920 Praeivit
587 885 724 921 caeteris
743 885 979 919 maleficorum
998 884 1132 925 ductor,
1151 885 1352 930 primusque
1370 884 1472 929 signa
1499 894 1562 917 sua
1581 883 1650 928 (an.
1676 881 1791 926 1555),

181 947 321 982 Vilnam
351 947 467 981 intulit
498 947 665 987 Viclefus,
688 948 853 982 sacerdos
880 947 1017 993 impius,
1040 946 1200 992 perfuga,
1222 957 1262 979 ac
1276 945 1347 979 dux
1368 944 1652 989 transfugarum3
1673 954 1795 977 veren-

180 1009 272 1044 tibus
291 1009 384 1050 aliis,
407 1020 448 1044 ac
466 1009 749 1044 delitescentibus
768 1009 940 1054 tantisper
959 1009 994 1042 in
1008 1008 1097 1042 aulis
1119 1019 1301 1053 procerum
1315 1035 1322 1047 ,
1346 1007 1427 1040 dum
1446 1007 1497 1040 vis
1515 1004 1710 1044 sententiae,
1732 1016 1795 1038 nu-

178 1083 240 1118 per
252 1072 319 1118 (an.
342 1072 443 1116 1541)
454 1072 490 1106 in
507 1071 654 1106 comitiis
664 1071 832 1105 adversus
846 1071 1029 1105 haereticos
1043 1070 1138 1110 latae,
1153 1074 1431 1104 consenesceret.
1445 1069 1562 1107 Quare
1574 1068 1629 1102 hic
1642 1077 1792 1113 quoque,

181 1144 247 1179 quo
265 1132 388 1167 tectior
405 1132 441 1167 in
456 1133 528 1167 suis
548 1137 639 1168 esset
653 1133 845 1174 fraudibus,
867 1133 1025 1167 habitum
1043 1131 1227 1167 sacerdotii
1247 1131 1402 1166 retinuit.
1426 1131 1498 1166 Sub
1528 1141 1571 1165 ea
1588 1129 1685 1164 larva
1703 1132 1796 1175 pote-

182 1198 307 1230 statem
334 1195 563 1229 concionandi
594 1195 717 1240 lingua
736 1194 936 1240 germanica
962 1194 1006 1227 ab
1033 1194 1194 1239 episcopo
1218 1193 1366 1228 civitatis
1392 1193 1551 1227 obtinuit.
1588 1192 1638 1227 Ac
1676 1190 1797 1237 primis

181 1256 318 1302 quidem
336 1256 573 1296 concionibus,
594 1255 631 1290 in
649 1256 776 1301 templo
801 1256 921 1290 Beatae
935 1255 1048 1290 Annae
1062 1255 1201 1296 habitis,
1225 1255 1306 1301 quia
1322 1255 1444 1289 callide
1466 1254 1700 1289 dissimularet
1718 1265 1796 1299 per-

181 1313 311 1359 fidiam,
346 1317 626 1352 benevolentiam
659 1317 723 1351 sibi
755 1317 950 1352 conciliavit
978 1317 1186 1357 auditorum,
1202 1317 1410 1363 laudemque
1441 1316 1610 1351 doctrinae
1640 1315 1796 1350 artificiis

181 1379 414 1426 comparavit3
435 1379 560 1414 deinde
578 1378 681 1413 animi
698 1379 756 1413 ille
773 1379 825 1412 sui
845 1391 1048 1425 expromere
1070 1391 1186 1419 sensa,
1209 1384 1242 1414 et
1261 1379 1435 1425 explicare
1449 1378 1606 1419 consilia,
1626 1378 1663 1412 in
1676 1377 1796 1424 primis

181 1442 223 1477 de
241 1441 467 1476 Sacramento
496 1440 617 1475 altaris
637 1443 670 1474 et
689 1440 859 1475 bonorum
888 1441 1002 1476 fructu
1029 1453 1185 1487 operum.
1210 1441 1456 1487 Deprehensus
1475 1452 1517 1475 ex
1544 1451 1585 1475 eo
1603 1443 1793 1480 veterator,

181 1505 318 1540 decreto
350 1504 501 1550 episcopi
520 1504 697 1539 Vilnensis
718 1503 820 1538 Pauli
848 1502 1150 1548 Algimuntowicz,
1173 1502 1312 1537 Olszani
1340 1502 1451 1543 ducis,
1473 1501 1571 1536 aditu
1588 1500 1797 1546 templorum

179 1570 213 1601 et
243 1566 483 1601 communione
514 1565 669 1600 fidelium
699 1564 908 1611 prohibitus.
941 1564 1010 1598 Sed
1054 1575 1170 1609 praeco
1200 1564 1375 1598 maleficus
1406 1563 1551 1603 invenit,
1585 1563 1643 1597 ubi
1671 1563 1796 1597 deinde

182 1639 280 1662 suam
299 1627 506 1673 pestilentiae
524 1630 669 1673 poneret
683 1626 886 1661 cathedram
905 1639 910 1660 z
925 1626 961 1660 in
976 1626 1098 1672 platea,
1114 1625 1157 1659 ab
1176 1625 1298 1660 incolis
1317 1625 1409 1659 dicta
1424 1624 1622 1665 Germanis,
1637 1627 1797 1670 acceptus

182 1693 303 1733 acive‚
331 1692 367 1726 in
388 1691 509 1737 primis
528 1691 647 1731 divite,
670 1691 856 1728 Morstino,
887 1689 1006 1723 fanum
1031 1687 1221 1727 constituit,
1239 1687 1390 1732 jecitque
1416 1686 1641 1721 fundamenta
1667 1685 1795 1720 scholae
1822 1689 1959 1715 Luterani-

183 1753 416 1788 Luteranicae.
437 1753 577 1787 Mortuo
596 1752 732 1797 hospite
751 1763 813 1785 suo
830 1756 863 1786 et
877 1754 991 1785 tutore
1007 1750 1191 1790 Morstino,
1213 1750 1303 1784 male
1329 1750 1405 1790 sibi,
1429 1749 1576 1795 pessime
1596 1749 1639 1783 de
1657 1748 1796 1783 civitate
1820 1728 1970 1794 {uaenffgfflffi

181 1815 315 1854 merito,
349 1818 519 1854 metuens,
539 1814 622 1859 fuga
650 1812 823 1847 consuluit
846 1814 894 1858 (2).
926 1811 1138 1846 Calvinianis
1163 1815 1281 1857 portas
1311 1811 1497 1846 Vilnenses
1532 1810 1668 1856 aperuit
1695 1809 1797 1844 Pala-
1823 1809 1861 1833 ta.

179 1877 272 1911 tinus
291 1876 441 1911 civitatis
466 1886 609 1921 praeses,
631 1875 800 1909 Nicolaus
822 1873 1020 1908 Radivillus
1034 1884 1051 1907 a
1066 1873 1169 1918 nigra
1188 1873 1298 1907 barba
1315 1873 1426 1907 dictus
1457 1872 1562 1918 vulgo
1578 1871 1704 1917 Niger,
1725 1871 1796 1917 opi-

182 1937 342 1981 nionibus
368 1937 470 1983 hujus
491 1940 594 1972 sectae
618 1936 722 1970 homo
753 1935 904 1970 imbutus
934 1945 1093 1980 peregre.
1129 1934 1292 1970 Advenas
1324 1947 1405 1970 suos
1436 1947 1454 1969 a
1480 1935 1617 1981 Belgio,
1657 1933 1793 1974 Galliis,

183 2000 379 2039 Germania,
404 2010 512 2033 novos
530 2009 699 2032 novarum
713 1997 922 2043 religionum
937 1997 1156 2038 architectos,
1175 1998 1256 2044 quia
1270 1999 1365 2044 prius
1380 1999 1415 2033 in
1435 1998 1558 2033 umbra
1571 1996 1798 2042 experiendos

183 2065 338 2108 putaret,
360 2059 523 2095 Lukiscis
554 2060 588 2093 in
612 2071 674 2094 suo
694 2059 895 2094 suburbano
916 2059 1118 2104 aliquandiu
1148 2060 1329 2094 continuit.
1360 2060 1412 2094 Ibi
1431 2060 1474 2094 de
1490 2059 1629 2099 ritibus,
1650 2058 1799 2093 maxime
1824 2087 1943 2113 Lukiscis

184 2123 226 2157 de
247 2123 356 2157 Coena
374 2122 525 2162 Domini,
547 2121 628 2167 quid
656 2133 698 2156 ex
725 2121 1001 2156 institutionibus
1021 2121 1153 2155 Calvini
1172 2125 1344 2162 tenerent,
1368 2121 1493 2167 quidve
1518 2121 1719 2155 novandum
1736 2132 1797 2166 pu·
1824 2127 1945 2160 princeps

183 2188 309 2224 tarent,
331 2183 462 2218 arbiter
479 2183 553 2228 ipse
572 2188 606 2218 et
624 2194 685 2217 rex
700 2194 877 2217 sacrorum
896 2182 1116 2217 consultavit.
1139 2183 1223 2218 Inde
1238 2184 1323 2217 itum
1343 2183 1387 2217 ad
1416 2182 1595 2217 sacrificia.
1622 2182 1746 2217 Posita
1763 2182 1798 2216 in
1824 2169 1970 2233 ἱᾛξξζὲξζὸ

183 2246 330 2280 triclinio
350 2257 490 2284 mensa:
511 2246 600 2280 istuc
619 2246 769 2291 quidem,
803 2246 970 2280 ministris
997 2256 1133 2280 coenam
1159 2245 1298 2280 Domini
1327 2246 1379 2280 sui
1410 2245 1622 2280 manducare
1641 2244 1798 2290 cogitan-
1825 2256 1961 2283 praecones.

183 2306 286 2347 tibus,
308 2306 450 2352 placuit.
465 2307 650 2353 Proposita
665 2311 743 2342 ante
762 2318 917 2342 mensam
935 2306 1025 2341 inter
1039 2307 1203 2342 ardentes
1223 2319 1340 2342 cereos
1358 2307 1472 2353 imago
1492 2307 1621 2342 Christi
1636 2319 1643 2347 ;
1666 2306 1701 2341 id
1716 2317 1798 2341 vero

184 2367 265 2402 boni
282 2369 441 2414 magistri
460 2370 530 2415 pati
550 2369 643 2404 haud
662 2373 837 2415 poterant.
860 2370 1077 2404 Summotum
1109 2368 1218 2414 igitur
1236 2369 1472 2404 simulacrum.
1490 2370 1511 2404 J
1515 2381 1571 2404 am
1591 2381 1658 2415 quo
1673 2371 1798 2414 paratu

227 2467 266 2503 (1)
289 2468 349 2496 Vid.
369 2470 439 2497 libro
455 2471 509 2498 hoc
532 2478 607 2498 num.
629 2472 676 2506 15,
694 2471 728 2498 de
753 2470 843 2498 initiis
868 2468 1016 2508 religionis
1033 2470 1193 2498 christiana:
1221 2474 1248 2498 ct
1264 2472 1281 2499 l.
1295 2470 1341 2502 lV,
1356 2478 1382 2497 n.
1402 2471 1428 2498 9.
1443 2470 1510 2504 -21
1548 2469 1692 2497 Calvinica
1722 2471 1798 2496 secta

188 2521 368 2551 introducitur
380 2523 497 2557 Vilnam,
523 2528 659 2560 praesento
683 2532 747 2559 rege
760 2524 897 2562 Augusto.
