2184 2953
605 298 710 326 LIBER
734 296 890 330 QUINTUS
911 295 1124 334 (icoo-1610).
1651 295 1709 326 207

101 394 217 429 Leone
235 391 401 437 Sapieha,
424 389 575 424 delatum
595 401 600 422 :
623 389 667 423 ab
682 387 842 434 episcopo
857 386 1017 422 Vilnensi
1036 386 1227 422 Benedicto
1242 385 1385 432 Woyna
1416 387 1449 420 in
1474 387 1569 422 aditu
1592 387 1709 433 templi

100 458 291 500 exceptum,
318 453 421 497 inque
439 455 661 485 monumento
677 449 831 495 ejusdem
851 448 921 482 divi
941 448 1127 493 magnifice
1144 449 1315 483 adornato
1330 448 1547 483 collocatum.
1566 450 1665 484 Nihil
1679 450 1714 484 in

99 518 163 552 hoc
180 515 356 561 triumpho
375 514 527 560 pictatis,
550 512 642 559 quod
661 512 703 546 ad
718 511 936 545 sanctitatem
952 514 986 545 et
1012 511 1219 556 dignitatem
1250 511 1391 551 faceret,
1423 511 1600 546 omissum.
1627 512 1712 550 Quae

99 579 325 614 Lituanorum
357 587 443 621 erga
470 586 570 609 suum
600 573 792 620 principem
822 572 1077 607 sanctissimum
1108 573 1218 618 pietas
1242 576 1446 618 experrecta
1477 584 1579 618 quam
1611 578 1712 619 grata

99 636 189 674 foret
212 638 288 677 sibi,
331 637 425 671 Deus
449 636 602 670 mirificis
625 636 831 681 quibusdam
855 636 977 681 signis,
1004 647 1081 681 qua).
1107 635 1163 669 hic
1198 646 1343 670 narrare
1382 646 1452 670 non
1481 636 1618 675 attinet,
1652 637 1714 670 sub

95 697 187 736 idem
206 704 342 746 tempus
362 699 594 733 confirmavit.

147 762 359 798 Calamitoso
391 761 456 795 hoc
482 765 650 807 tempore,
704 764 747 797 ad
789 764 997 809 placandum
1034 775 1161 798 numen
1197 762 1351 798 divinum
1382 761 1539 807 pluribus
1576 761 1716 806 pictatis

100 821 233 864 officiis,
266 825 350 858 itum
380 823 486 857 Vilna
517 825 661 863 Τ10006,
688 825 732 859 ad
761 827 924 872 oppidum
950 829 1097 872 quatuor
1128 825 1237 860 leucis
1269 824 1417 864 distans,
1447 823 1562 858 10011111
1591 823 1716 857 divinis

104 883 269 933 inclytum
300 886 490 920 beneficiis.
526 886 580 920 Ad
607 898 681 921 eam
714 887 841 922 Matris
866 887 1102 922 Sanctissimae
1139 898 1237 922 aram
1271 885 1396 920 indixit
1432 885 1718 931 supplicationem

104 949 298 995 episcopus,
330 948 473 994 ipseque
496 960 603 983 senex
622 949 768 994 pedibus
786 950 937 995 praeivit.
961 950 1015 984 Ita
1032 949 1089 984 hic
1104 949 1253 983 invitatu
1271 960 1333 982 suo
1353 951 1387 982 et
1411 947 1581 993 exemplo,
1610 947 1719 981 nostri

105 1011 246 1056 insuper
260 1009 496 1049 concionibus,
514 1021 680 1055 sequaces
708 1011 834 1045 civium
859 1016 1004 1051 turmas,
1036 1011 1183 1056 singulis
1205 1010 1515 1055 interquiescentes
1534 1008 1654 1048 leucis,
1677 1008 1721 1042 ad

104 1072 266 1118 pietatem
286 1071 529 1106 hortabantur.
559 1072 658 1106 Tunc
689 1072 805 1118 populi
838 1073 890 1107 sui
915 1073 985 1107 dux
1015 1073 1105 1118 pius,
1140 1072 1308 1118 pontifex,
1338 1070 1435 1116 nulla
1459 1070 1590 1105 ratione
1609 1082 1721 1116 neque

105 1144 264 1179 personae
281 1143 355 1167 61116
369 1144 481 1178 11611116
500 1133 709 1168 valetudinis
729 1134 862 1174 habita,
885 1135 978 1168 humi
1007 1134 1052 1168 ad
1083 1132 1360 1169 concionantium
1388 1131 1494 1177 pedes
1521 1132 1718 1172 considens,

105 1194 347 1240 poenitentium
366 1194 518 1228 omnium
537 1206 577 1228 ac
597 1195 856 1241 deprecantium
884 1196 1028 1242 primus⁷
1062 1196 1237 1230 orationes
1263 1194 1479 1229 hortantium
1502 1194 1719 1239 exceptabat.

106 1257 299 1291 Turbidum
318 1253 381 1290 fuit
400 1255 491 1290 veris
511 1256 618 1291 1011116
650 1261 683 1291 61
708 1257 855 1303 primum
875 1258 1006 1292 aestatis
1037 1262 1172 1303 tempus
1202 1257 1244 1291 ad
1271 1256 1433 1303 quintiles
1465 1267 1574 1302 usque
1605 1255 1725 1290 kalen-

109 1318 171 1353 das
189 1332 196 1359 ;
217 1319 271 1353 his
290 1315 444 1359 tandem,
468 1322 504 1352 ut
523 1330 565 1353 ex
584 1319 668 1353 urbe
688 1319 791 1353 Vilna
812 1320 847 1353 in
877 1331 1017 1365 campos
1045 1323 1154 1354 coetus
1181 1319 1350 1365 processit
1377 1318 1535 1364 supplex,
1562 1318 1728 1352 discussis

109 1381 200 1415 illico
224 1380 387 1419 nubibus,
408 1380 665 1422 conserenavit‚
685 1392 722 1414 ac
742 1392 844 1427 porro
872 1381 982 1415 tenuit
1009 1384 1200 1427 opportuna
1220 1380 1438 1414 maturandis
1456 1379 1627 1425 frugibus,
1650 1391 1727 1425 quae

110 1442 277 1477 imbribus
292 1453 399 1488 prope
414 1441 633 1483 interierant,
672 1446 869 1488 tempestas.
906 1442 1089 1477 Convaluit
1119 1442 1246 1477 deinde
1277 1441 1441 1487 agricolis
1468 1453 1524 1475 res
1552 1453 1627 1476 sua.
1659 1442 1727 1487 Op-

111 1508 184 1538 tata
193 1504 265 1550 jam
281 1504 338 1538 din
353 1504 431 1539 coeli
448 1504 636 1539 salubritas
651 1505 857 1539 mortalibus
872 1505 979 1550 aegris
994 1515 1136 1538 munere
1151 1504 1268 1538 divino
1284 1503 1458 1538 restituta.
1476 1503 1585 1538 Fame
1609 1507 1643 1539 et
1670 1515 1728 1549 pe-

113 1566 263 1600 stilentia
278 1566 414 1601 afflictis
429 1577 557 1601 novum
572 1567 699 1601 malum
716 1567 912 1606 subnatum,
930 1566 1060 1601 bellum
1077 1565 1348 1605 moscoviticum,
1368 1565 1471 1611 idque
1485 1565 1540 1599 his
1552 1566 1667 1600 causis
1682 1578 1688 1599 :

163 1628 359 1663 Demetrius
394 1628 547 1674 quidam,
580 1640 603 1662 a
635 1629 817 1663 Moscovia
859 1628 1039 1669 oriundus,
1078 1627 1216 1674 proprio
1263 1627 1402 1662 nomine
1441 1627 1615 1673 Hryszka,
1658 1627 1730 1662 sive

116 1691 320 1736 Gregorius,
354 1690 387 1724 in
418 1690 575 1725 Poloniae
596 1694 629 1725 61
658 1690 849 1725 Μο60ον116
876 1691 1052 1724 theatrum
1081 1701 1172 1723 anno
1196 1689 1287 1724 1604
1319 1688 1460 1734 prodiit,
1482 1688 1644 1733 imposita
1665 1689 1731 1722 sibi

116 1763 264 1798 persona
283 1753 462 1792 Demetrii,
481 1753 583 1787 unius
602 1753 686 1786 natu
706 1752 849 1786 minoris
869 1763 911 1786 ex
930 1752 985 1792 iis,
1009 1761 1095 1796 quos
1117 1751 1272 1785 Joannes
1292 1749 1465 1784 Basilides
1495 1750 1564 1784 dux
1593 1750 1732 1785 Mosco-

117 1814 182 1848 vife
197 1825 239 1848 ex
255 1826 292 1849 66
311 1818 512 1860 procreatos
527 1814 729 1860 reliquerat.
749 1814 825 1848 Hac
842 1813 941 1848 larva
957 1816 1082 1854 tectus,
1100 1811 1255 1858 profugit
1269 1823 1287 1846 e
1307 1812 1489 1846 Moscovia
1503 1812 1547 1846 ad
1564 1812 1729 1847 polonos.

122 1875 226 1910 Obire
240 1875 299 1911 ille
317 1887 500 1922 proceres:
520 1876 616 1921 queri
628 1876 671 1910 de
686 1875 835 1921 1111111116,
858 1875 957 1920 quasi
979 1878 1053 1908 tum
1081 1874 1159 1913 sibi,
1186 1877 1258 1908 tum
1284 1873 1383 1908 fratri
1406 1884 1469 1907 6110
1497 1874 1620 1919 majori
1650 1878 1732 1909 natu

121 1937 315 1979 Theodoro,
337 1938 493 1972 conflatis
512 1949 533 1971 a
550 1938 694 1972 factioso
714 1937 787 1971 cive
806 1947 868 1971 suo
885 1937 1027 1971 Borisso
1045 1936 1258 1975 Godunovo;
1282 1936 1338 1981 qui
1360 1935 1483 1970 solium
1505 1935 1653 1970 ι106111116
1677 1948 1734 1982 pa-

121 2000 230 2035 rentis
245 2000 311 2041 sui,
335 2000 482 2035 exclusis
502 1999 762 2034 successoribus
781 1997 956 2044 legitimis,
977 2001 1191 2043 occupasset.
1215 1997 1421 2031 Theodorus
1436 1997 1572 2042 quidem
1592 1998 1634 2032 de
1658 1998 1738 2044 jure

124 2073 197 2103 suo,
223 2066 260 2096 ut
279 2066 354 2096 erat
373 2062 513 2107 ingenio
527 2062 614 2102 miti,
628 2060 828 2096 valetudine
843 2060 888 2094 ad
904 2058 978 2093 haec
994 2059 1145 2099 infirma,
1163 2062 1284 2104 sponte
1300 2070 1363 2093 sua
1377 2063 1608 2093 concesserat.
1625 2059 1738 2106 Hujus

124 2123 229 2158 frater
248 2135 449 2169 germanus.
471 2123 529 2168 qui
549 2123 693 2169 primam
712 2122 826 2156 adhuc
845 2120 1030 2168 pueritiam
1050 2132 1119 2154 non
1147 2124 1357 2160 excesserat,
1392 2131 1469 2153 cum
1499 2124 1609 2155 matre
1636 2132 1696 2156 sua
1723 2133 1741 2155 a

125 2185 267 2220 Borisso
282 2186 316 2219 in
341 2189 492 2220 castrum
511 2185 633 2230 Uglicz
651 2185 848 2230 conjectus3
870 2184 987 2229 itaque
1006 2182 1187 2228 imperium
1206 2182 1272 2216 sibi
1290 2182 1473 2227 praefectus
1488 2181 1626 2224 stabuli,
1646 2195 1741 2217 soro-

126 2246 197 2282 rius
215 2247 391 2282 Theodori
406 2258 446 2281 ac
465 2247 643 2286 Demetrii,
663 2246 828 2280 Borissus
848 2245 1055 2285 vi11dicavit3
1076 2254 1212 2289 quoque
1235 2243 1270 2277 id
1296 2243 1402 2278 tutius
1432 2243 1599 2284 stabiliat,
1629 2244 1742 2279 Theo-

128 2308 212 2343 doro
248 2309 322 2355 jam
363 2309 434 2342 suis
475 2320 563 2354 pene
608 2308 765 2342 consecto
797 2307 939 2347 morbis,
968 2306 1125 2346 sicarios,
1164 2304 1223 2350 qui
1257 2304 1472 2339 Demetrium
1503 2305 1740 2347 confoderent,

131 2371 339 2405 subornavit.
365 2370 512 2405 Crudele
531 2370 666 2404 Borissi
686 2369 868 2404 consilium
884 2368 1065 2414 occupavit
1080 2370 1203 2407 mater,
1223 2376 1244 2401 a
1263 2366 1421 2401 ministro
1440 2366 1534 2402 fideli
1552 2367 1742 2403 admonita.

131 2432 327 2467 Subductus
342 2432 417 2467 neci
433 2444 518 2477 puer
534 2444 540 2465 t
559 2432 662 2471 alius,
686 2443 747 2477 pro
768 2431 841 2477 ipso
863 2431 1019 2476 objectus
1038 2429 1176 2468 sicario,
1199 2428 1410 2463 interimitur
1428 2442 1434 2463 :
1456 2429 1638 2475 conjicitur
1668 2442 1747 2464 mox

132 2494 164 2527 in
185 2494 381 2529 coenobium
400 2493 565 2528 Demetrii
586 2505 727 2539 parenS,
749 2493 979 2527 custodienda
996 2492 1196 2537 diligenter.
1233 2491 1438 2525 Theodorus
1468 2492 1605 2526 interim
1634 2492 1748 2526 ‹lemo-

1745 399 1804 424 1604

1797 751 1834 776 17.

1749 793 1841 818 Trocos

1750 833 1827 859 Vilna

1750 873 1885 906 proceden-

1750 913 1785 937 tis
1810 912 1896 946 populi

1750 951 1879 984 supplica-

1753 991 1797 1016 tio.

1752 1029 1843 1055 Pietas

1751 1070 1872 1104 Episcopi

1750 1112 1776 1136 01
1787 1119 1870 1136 exem-

1751 1152 1831 1185 plum.

1756 1434 1900 1467 Supplica-

1755 1474 1835 1500 tionis
1849 1474 1866 1499 fi
1873 1483 1888 1500 u
1896 1488 1903 1491 -

1755 1515 1818 1541 ctus.

1812 1599 1849 1624 18.

1759 1638 1886 1664 Demetrii

1759 1680 1885 1713 tragsndia

1758 1719 1869 1745 Moseovi

1758 1760 1819 1785 tica.
