2184 2953
568 597 1330 630 LITUANIOARUM

793 736 1002 765 SOCOETATls
1024 736 1106 764 JESU

389 849 1510 947 HISTORIARUM

610 1021 851 1063 LIBER
920 1017 1308 1062 SEPTIMUS

837 1146 1057 1187 (1020-1630.)

850 1261 874 1265 m
903 1255 1039 1272 ..θὼν

240 1570 395 1604 hostibus
414 1569 682 1605 valentissimis:
718 1572 798 1606 hinc
824 1576 975 1618 tyranno
1007 1572 1199 1606 Turcaruin
1232 1572 1425 1612 Osnianno,
1449 1571 1543 1606 illinc
1579 1572 1747 1612 Gustavm

215 1633 404 1668 Suecoruni
424 1633 523 1673 duce,
546 1645 680 1667 summa
699 1635 730 1668 vi
757 1635 887 1680 pariter
914 1635 947 1667 in
968 1634 1117 1679 polonici
1137 1634 1325 1679 perniciem
1353 1633 1501 1668 nominis
1520 1634 1749 1669 incumbenti-

136 1696 212 1730 bus.
235 1696 273 1729 In
290 1695 529 1729 communibus
548 1696 748 1741 reipublicae
768 1696 930 1742 periculis
949 1699 1080 1730 nostrae
1094 1707 1229 1744 quoque
1244 1696 1433 1741 provinciae
1449 1699 1483 1730 et
1497 1707 1553 1730 res
1573 1700 1606 1731 et
1620 1697 1749 1742 suppli-

134 1758 288 1792 cationes
304 1761 338 1792 et
351 1761 432 1791 vota
451 1762 494 1797 et,
515 1759 605 1803 quod
625 1770 810 1798 summum,
828 1758 904 1803 pius
925 1757 966 1792 de
981 1757 1068 1791 coelo
1083 1757 1197 1802 gentis
1226 1761 1385 1792 servator
1404 1769 1490 1798 suae,
1513 1761 1631 1792 noster
1650 1758 1749 1793 divus

135 1819 330 1855 Stanislaus
357 1820 506 1859 Kostka,
528 1820 641 1854 locum
674 1820 816 1854 habent.
839 1820 918 1854 Non
938 1819 1091 1853 alienum
1111 1830 1195 1864 ergo
1214 1819 1374 1853 instituto
1391 1824 1509 1853 nostro
1538 1819 1616 1860 erit,
1634 1819 1749 1865 aliqua

134 1882 250 1927 utique
276 1893 391 1916 rerum
410 1881 627 1927 publicarum
659 1883 773 1928 capita
792 1882 895 1915 rebus
915 1881 970 1915 hic
987 1881 1116 1915 nostris
1133 1881 1365 1926 interponere.
1387 1880 1418 1915 A
1436 1892 1570 1926 nupera
1596 1881 1745 1916 Polono-

132 1954 208 1976 rum
226 1943 318 1988 apud
335 1943 499 1977 Cecoram
518 1943 616 1978 clade
636 1943 841 1978 insolentior
861 1944 1071 1982 Osmannus‚
1087 1954 1148 1989 spe
1167 1944 1341 1977 universae
1357 1942 1514 1977 Poloniae
1534 1944 1747 1988 occupandae

132 2008 165 2040 et
184 2004 370 2051 cupiditate
406 2005 652 2046 inflammatus,
688 2006 875 2040 contractis
911 2006 956 2039 ad
987 2005 1245 2051 quadringenta
1263 2005 1372 2040 millia
1390 2006 1511 2051 copiis,
1534 2006 1747 2041 Polonorum

132 2066 331 2111 provinciis,
354 2078 440 2112 quas
467 2078 488 2101 a
507 2067 602 2113 Tyra
621 2068 664 2102 ad
692 2068 865 2102 Balticuni
885 2078 993 2112 usque
1012 2067 1083 2101 suis
1102 2067 1292 2112 praesidens
1313 2067 1558 2102 destinavisset
1576 2068 1743 2110 victoriis,

132 2128 346 2163 imminebat.
377 2129 455 2163 Jam
487 2130 597 2164 hostis
624 2141 731 2176 prope
752 2131 787 2164 in
818 2130 905 2170 acie,
929 2129 1008 2163 dum
1026 2133 1203 2164 nostrates
1230 2129 1369 2164 interim
1405 2130 1600 2165 consultant
1618 2131 1690 2165 suis
1708 2132 1745 2165 in

131 2192 278 2226 comitiis
296 2192 478 2227 Varsaviae
497 2205 503 2226 ς
527 2197 598 2226 tum
622 2193 759 2228 denium
778 2193 823 2232 hi,
844 2192 935 2226 unde
955 2192 1032 2237 cogi
1052 2192 1161 2238 possit
1181 2192 1352 2226 exercitus
1372 2195 1406 2226 et
1424 2192 1570 2238 adjungi
1597 2193 1742 2233 auxilia,

131 2257 202 2287 tuni
223 2254 264 2288 de
284 2254 531 2288 committenda
550 2259 643 2289 certo
669 2255 745 2289 duci
766 2267 899 2290 sumina
927 2254 1008 2289 belli
1036 2254 1126 2289 inter
1153 2266 1189 2288 se
1208 2254 1425 2300 disceptant;
1459 2254 1549 2289 inter
1568 2255 1643 2289 haec
1663 2267 1744 2290 vero

131 2315 241 2350 nuntii
261 2315 351 2349 alius
380 2327 484 2361 super
519 2316 624 2350 alium
660 2317 786 2362 trepidi
822 2316 984 2355 afferunt,
1002 2316 1076 2361 jam
1107 2315 1242 2349 hostem
1269 2315 1407 2356 adesse,
1442 2327 1588 2361 eumque
1616 2316 1746 2350 viribus

130 2377 314 2411 immanem
334 2381 367 2411 et
393 2389 548 2412 numero.
574 2378 668 2423 Ergo
688 2378 814 2423 raptim
841 2378 1028 2412 contractis
1047 2377 1200 2422 equitum
1231 2382 1284 2412 ter
1311 2378 1409 2412 denis
1433 2378 1655 2423 peditumque
1670 2379 1743 2412 uni-

130 2449 228 2473 verse
247 2439 412 2479 millibus,
435 2440 630 2474 sustinendi
662 2440 832 2486 tantisper
850 2440 882 2473 in
904 2439 1030 2473 finibus
1048 2439 1171 2479 hostis,
1194 2439 1275 2474 dum
1302 2451 1363 2474 rex
1383 2440 1469 2486 ipse,
1497 2440 1645 2486 justiore
1664 2452 1744 2475 con-

139 1517 310 1649 GRAVE
329 1519 438 1553 regno
460 1507 617 1542 Poloniae
635 1512 784 1555 tempus,
803 1521 1016 1555 sumniaeque
1035 1521 1151 1545 rerum
1177 1509 1329 1544 civilium
1348 1510 1592 1550 decretorium,
1623 1511 1751 1546 coortis

1780 1476 1839 1501 1621

1841 1524 1849 1548 l

1779 1563 1823 1588 Bel
1829 1563 1835 1588 1
1842 1571 1881 1588 uin

1778 1601 1912 1627 'sincicum

1778 1642 1847 1674 apud
1857 1642 1922 1668 Cho-

1777 1680 1879 1706 timum.
