2184 2953
451 298 509 329 164
813 298 1087 327 LlTUANlCARUM
1112 298 1323 327 SOCIETATIS
1345 297 1429 326 JESU
1454 297 1706 326 HISTORIARUM

293 397 341 424 590
447 394 549 426 erant
579 391 766 426 domicilia.
798 390 876 433 Ille,
914 390 958 425 ab
985 390 1116 425 ultimis
1145 402 1255 436 usque
1280 389 1460 425 lituanicae
1491 390 1651 437 partibus
1682 391 1886 436 provinciae,
1919 390 2080 426 livonicis

446 454 580 489 scilicet
594 453 792 495 domiciliis,
810 465 883 489 rem
898 465 999 488 orsus
1010 454 1043 500 (1)
1057 454 1176 500 Rigae,
1192 453 1473 500 quandoquidem
1489 458 1645 489 nostram
1660 466 1737 489 cuin
1753 455 1887 490 civibus
1906 466 1967 490 rex
1981 466 2078 490 suam

445 518 577 553 fecerat
596 517 706 559 litem,
737 528 806 555 non
836 517 987 563 amplius
1005 517 1153 559 curavit,
1186 529 1291 564 quam
1310 522 1347 552 ut
1367 516 1530 552 sacerdos
1550 516 1743 551 catholicus
1763 516 1808 551 ad
1822 517 1989 563 templum
2011 517 2082 551 divi

448 580 573 615 Jacobi
597 580 812 620 consideret;
834 590 976 624 remque
1008 578 1138 614 ibidem
1169 579 1355 614 Societatis
1384 578 1525 614 nomine
1548 581 1755 624 procuraret
1786 579 1970 625 tantisper,
1999 579 2082 613 dum

449 642 533 689 quid
547 642 632 677 certi
651 644 863 676 statueretur
877 640 914 674 in
931 641 1080 675 comitiis
1101 642 1202 688 regni
1217 641 1453 688 generalibus.
1478 640 1698 685 Rigensibus
1713 640 1854 675 interim
1873 640 2082 686 caeterisque

277 681 395 746 Libdins
448 705 624 740 haereticis
643 703 839 750 gratificari
856 703 980 743 voluit,
1014 703 1072 749 qui
1097 703 1269 738 famosum
1288 703 1456 743 libellum,
1486 705 1587 736 Actio
1615 704 1741 745 equitis
1769 704 1894 736 Polom'
1913 702 2081 737 adversus

277 760 393 786 famosus
450 767 471 802 J
475 768 607 802 esuitas
626 778 647 802 a
661 779 699 802 se
722 766 940 812 inscriptum,
962 766 1133 812 vulgavit.
1157 766 1339 801 Sustinere
1367 778 1437 800 non
1452 766 1564 813 potuit
1591 765 1688 800 illam
1704 765 1888 800 Sociorum
1902 770 2080 802 contume-
2129 799 2132 803 .

276 799 411 867 {gtegome
449 829 533 864 liam
563 828 853 875 religiosissimus
871 828 938 869 vir,
972 828 1263 874 Andrejoviensis
1295 828 1453 870 antistes,
1492 828 1691 864 Stanislaus
1721 828 1883 864 Rescius.
1919 829 1987 864 Hic
2018 841 2080 864 suo

277 878 405 945 ἲοέξῇξο
452 892 594 939 scripto,
616 891 707 937 quod
725 890 920 926 nominavit
946 893 1148 936 Sponyz'am‚
1172 891 1433 926 calumniatoris
1457 890 1640 924 mendacia
1658 890 1854 925 luculenter
1872 891 2077 926 confutavit.

278 959 331 984 tur.
454 953 681 990 Confirmavit
711 953 893 989 Sociorum
925 953 1065 988 laudem
1104 953 1236 998 insigni
1271 953 1431 999 exemplo
1465 951 1705 987 nobilissimus
1734 952 1876 998 juvenis
1912 952 2081 987 Nicolaus

277 997 394 1063 Laffiffl
454 1015 706 1062 Lenczyckius,
730 1026 832 1060 quem
850 1015 969 1054 hodie,
999 1014 1202 1049 auctoribus
1229 1015 1337 1055 italis,
1371 1015 1575 1051 Lanciciuin
1604 1015 1837 1062 appellamus.
1868 1017 2081 1052 Parentibus

276 1076 419 1141 ggffiitrigb?
452 1077 629 1113 haereticis
658 1076 693 1110 in
718 1076 896 1117 Lituania‚
927 1088 1019 1111 anno
1048 1078 1151 1119 1574,
1176 1079 1227 1112 IV
1258 1079 1336 1113 idus
1365 1079 1579 1120 decembres,
1600 1079 1690 1114 seria
1716 1080 1948 1115 hebdomadae
1967 1084 2078 1123 sexta,

275 1153 300 1180 le
317 1154 372 1187 ejus
453 1141 490 1174 in
508 1139 701 1174 diversorio
721 1140 800 1185 (quo
821 1150 858 1174 se
876 1151 919 1174 ex
945 1139 1071 1174 itinere
1091 1144 1204 1175 mater
1227 1141 1427 1187 parturiens
1461 1141 1665 1188 receperat),
1697 1141 1823 1183 editus,
1858 1154 1879 1177 a
1899 1144 2082 1178 sacerdote

277 1192 405 1220 studium.
454 1202 625 1238 catholico
644 1202 810 1248 baptismi
827 1201 923 1237 fonte
938 1202 1092 1242 ablutus,
1114 1202 1325 1237 nutriculam
1344 1214 1481 1249 quoque
1494 1206 1618 1237 nactus
1640 1203 1847 1238 catholicam
1865 1217 1872 1245 ;
1894 1205 1986 1250 quod
2006 1205 2081 1252 ipse

451 1267 543 1301 inter
569 1264 741 1300 beneficia
769 1264 899 1299 divinae
926 1263 1159 1311 providentiae
1189 1268 1312 1311 gratus
1341 1265 1562 1299 numerabat.
1584 1265 1734 1305 Parens,
1755 1265 1865 1300 nobili
1896 1278 2026 1312 genere
2046 1267 2081 1302 in

450 1327 598 1363 Polonia
616 1330 726 1368 ortus,
760 1326 878 1362 multis
908 1338 929 1361 a
958 1326 1107 1361 Nicolao
1126 1327 1306 1362 Radivillo
1327 1327 1452 1373 Nigro,
1480 1326 1702 1362 Vilnensium
1721 1327 1892 1372 palatino,
1914 1328 2082 1364 invitatus

448 1390 644 1437 promissis,
665 1389 845 1424 transtulit
864 1400 901 1424 se
925 1389 961 1423 in
978 1389 1191 1424 Lituaniam.
1215 1389 1330 1436 Hujus
1356 1389 1501 1424 inductu
1535 1388 1702 1435 principis
1722 1392 1757 1423 et
1774 1389 1925 1424 aliorum
1942 1390 2081 1425 haereti-

449 1465 570 1488 corum
596 1452 779 1488 fraudibus
810 1453 853 1487 ab
874 1452 1035 1487 Ecclesia
1054 1463 1200 1487 romana
1229 1451 1276 1486 ad
1306 1451 1542 1486 calvinianam
1560 1451 1744 1485 traductus
1763 1455 1908 1491 sectam,
1931 1455 1965 1486 et
1982 1456 2081 1498 typo-

450 1517 595 1564 graphis
627 1517 874 1552 haereticorum
906 1517 1024 1551 Vilnae
1055 1516 1257 1562 praefectus,
1289 1514 1512 1562 opinionibus
1542 1512 1642 1548 novis
1668 1513 1870 1558 imprudens
1902 1513 2001 1548 filioli
2028 1514 2082 1549 sui

439 1580 603 1622 „animum
629 1579 857 1614 imbuendum
888 1579 1036 1619 curavit,
1071 1577 1289 1613 calvinistico
1320 1577 1354 1611 in
1387 1575 1514 1612 scholis
1546 1587 1629 1610 usus
1663 1575 1888 1621 magisterio.
1924 1576 2005 1610 Non
2037 1576 2083 1611 ad

450 1643 554 1677 istam
568 1641 788 1687 disciplinam
803 1640 921 1675 divina
932 1641 1071 1676 bonitas
1087 1639 1275 1674 Nicolaum
1294 1638 1528 1686 praeparabat.
1553 1638 1635 1672 Jain
1659 1638 1893 1683 quinquennis
1916 1638 2083 1684 puerulus

449 1715 471 1739 a
493 1704 630 1739 nutrice
647 1703 693 1738 ad
712 1703 879 1750 templum
895 1703 976 1738 Divi
990 1703 1011 1738 J
1016 1703 1141 1738 oannis
1161 1706 1320 1737 nostrum
1335 1701 1504 1736 Vilnense
1520 1700 1662 1741 allatus,
1681 1700 1839 1735 meminit
1853 1701 1940 1747 ipse,
1959 1701 2083 1737 oborta

449 1772 523 1804 tum
554 1768 620 1803 sibi
638 1768 789 1814 primum
825 1767 945 1801 divina
975 1770 1120 1812 repente
1139 1765 1228 1806 luce,
1262 1764 1383 1799 lumen
1400 1762 1559 1803 rationis,
1586 1774 1653 1808 quo
1679 1763 1804 1798 adesse
1832 1763 1899 1797 sibi
1920 1763 2081 1799 hocloco

449 1843 606 1878 praesens
628 1843 756 1867 numen
789 1834 1004 1871 moneretur,
1025 1828 1214 1864 affulsisse.
1238 1827 1361 1873 Itaque
1387 1827 1431 1862 ad
1454 1827 1603 1874 primum
1630 1827 1768 1862 radium
1794 1827 1906 1870 iflum,
1927 1829 1991 1863 sub
2008 1829 2082 1864 ele-

449 1896 625 1931 vationem
641 1895 771 1930 divinae
790 1894 826 1929 in
842 1894 1013 1929 sacrificio
1031 1893 1171 1934 hostiae,
1190 1892 1414 1938 procubuisse
1432 1891 1623 1937 supplicem
1638 1895 1712 1926 toto
1733 1891 1953 1938 corpusculo,
1975 1904 2080 1938 seque

449 1970 511 1992 suo
527 1957 781 1993 conditoriDeo
792 1957 988 1992 devovisse.
1002 1955 1196 1991 Praesensit
1206 1954 1287 1989 inde
1301 1954 1417 1988 futura
1427 1953 1571 1988 humani
1583 1953 1723 1999 generis
1732 1953 1861 1988 hostis:
1877 1953 1984 1988 saluti
1994 1966 2079 2001 ergo

449 2020 548 2066 pueri
563 2019 715 2060 inhiare,
736 2022 841 2064 atque
854 2019 930 2065 jam
949 2019 1012 2053 sub
1036 2018 1136 2053 larva
1158 2017 1328 2064 gigantis,
1341 2017 1493 2063 apodum
1506 2016 1690 2055 teterrimi,
1704 2015 1891 2051 Nicolaum
1902 2017 2078 2052 territare,

445 2082 519 2127 jam
531 2082 733 2117 discrimina
743 2082 867 2128 capitis
877 2085 973 2116 certa
982 2081 1175 2127 impellere;
1187 2084 1324 2115 tutante
1334 2082 1455 2114 contra
1468 2078 1591 2112 salutis
1607 2090 1681 2113 sure
1698 2077 1849 2124 praeside
1858 2079 1948 2113 bono
1959 2080 2077 2125 genio.

449 2143 581 2183 Vilnee,
617 2143 653 2177 in
687 2143 814 2178 scholis
833 2143 1120 2184 Calvinistarum,
1140 2142 1359 2181 adolescens,
1388 2141 1433 2175 ad
1452 2140 1654 2186 theologica
1667 2143 1790 2174 nostra
1808 2151 1885 2175 cum
1905 2141 2081 2177 haereticis

452 2205 644 2239 certamina
663 2205 785 2252 etipse
804 2206 1029 2246 accurrebat;
1050 2205 1188 2240 redibat
1206 2203 1338 2251 pariter
1354 2215 1432 2238 cum
1459 2203 1530 2237 suis
1545 2202 1646 2237 victis
1662 2202 1835 2248 poenitens
1853 2202 2077 2248 ignominiae3

451 2270 560 2312 utque
579 2267 756 2302 animatus
776 2271 866 2307 erat,
890 2279 957 2313 quo
981 2278 1123 2302 suarum
1141 2267 1353 2313 religionum
1372 2265 1501 2300 ardens
1519 2264 1743 2311 profiteretur
1761 2264 1926 2305 studium,
1948 2265 2079 2301 nudato

452 2327 554 2369 collo,
576 2332 721 2374 paratus
741 2328 799 2364 ille
819 2329 953 2364 scilicet
972 2329 1017 2363 ad
1035 2330 1260 2376 excipiendos
1275 2327 1415 2375 quosvis
1435 2338 1498 2372 pro
1517 2337 1580 2361 sua
1598 2325 1771 2372 religione
1784 2325 1886 2366 ictm,
1906 2326 1981 2361 fora
1999 2327 2080 2362 civi-

452 2390 536 2426 tatis
563 2390 771 2436 plateasque
807 2391 1034 2426 obambulare
1073 2392 1261 2438 aliquando
1280 2419 1287 2432 ,
1317 2391 1467 2425 mirante
1508 2389 1649 2436 populo,
1680 2390 1966 2425 succensentibus
2006 2391 2079 2426 suis

455 2453 560 2488 etiam
575 2452 754 2487 sodalibus
772 2465 843 2487 non
866 2453 1051 2488 dubitavit.
1075 2454 1115 2488 ld
1134 2464 1216 2488 vero
1236 2453 1361 2488 mirum
1380 2458 1469 2495 erat,
1491 2455 1597 2501 quod,
1618 2454 1757 2489 tametsi
1783 2454 1987 2491 adolescens
2005 2459 2077 2491 tam

494 2518 537 2558 (1)
557 2520 635 2559 Rigae
649 2521 675 2548 in
688 2520 832 2549 domicilio
849 2522 999 2550 societatis
1011 2523 1089 2550 curio
1103 2523 1238 2550 sacerdos
1255 2522 1422 2550 collocatur.
