2184 2953
296 397 357 422 1037

287 970 422 996 Domicilii

283 1010 327 1043 jus
342 1010 425 1037 stabi·

287 1051 361 1077 litur.

353 1133 385 1159 28

288 1175 423 1202 Varsaviae

288 1215 316 1240 in
329 1214 409 1247 regiis

288 1253 420 1279 Vladislai

287 1290 389 1324 nuptiis

286 1330 403 1363 gratula-

287 1369 334 1395 tio.

352 1457 383 1483 29

287 1490 432 1517 Ferdinan-

286 1529 314 1556 di
326 1530 353 1556 ΙΙ
365 1530 416 1555 Iin-

287 1569 414 1602 peratoris

286 1609 383 1634 obitusi

356 1996 387 2021 30

290 2033 430 2060 Radivillae

289 2073 368 2099 funus
387 2073 420 2100 O-

289 2115 359 2148 lycae.

293 2154 318 2180 Ρ.
334 2153 425 2179 Plocki

291 2196 400 2222 rectoris

290 2235 408 2261 Pinscen.

463 288 522 319 322
832 286 1106 317 LITUANICARUM
1131 286 1341 315 SOCIETATIS
1363 287 1448 315 JESU
1473 285 1722 315 HISTORIARUM

463 382 573 418 Sociis
593 381 781 423 domicilio,
803 381 1066 428 gratificaturus
1085 379 1191 414 etiam
1214 378 1423 419 confinibus,
1455 378 1661 413 Vitebscum
1688 377 1881 414 introduxit
1908 377 2090 413 Sociorum

462 445 678 491 Collegium;
699 444 814 479 fundis
833 448 867 478 et
884 442 1070 478 latifundio
1089 441 1282 488 peramplo,
1300 441 1373 475 lato
1393 441 1548 480 vicenas,
1564 440 1672 486 longo
1691 440 1845 475 tricenas
1859 440 1978 475 leucas
1991 453 1998 481 ;
2011 439 2088 474 loco

460 507 632 541 mercibus
652 506 756 541 etiam
772 510 966 551 opportuno
994 516 1000 538 ;
1030 504 1194 550 agrisque
1226 503 1398 538 fertilibus
1418 503 1454 537 in
1472 504 1650 549 provincia
1670 504 1898 545 Smolenscia,
1920 504 1952 538 V
1966 503 2089 538 kalen-

461 568 523 603 das
543 568 759 614 septembres
778 567 982 613 assignatis,
1004 566 1161 612 legitime
1181 565 1365 600 stabilivit.
1389 565 1490 600 Fecit
1512 566 1547 600 id
1574 567 1737 601 inductus
1756 567 1899 613 pietate,
1922 578 1990 612 qua
2013 570 2089 602 erat

461 644 548 678 erga
564 633 676 667 Deum
694 631 885 678 praecipua,
904 635 937 665 et
967 630 1040 665 voti
1067 629 1266 675 religione;
1296 628 1388 674 quod
1416 629 1595 675 praecipue
1623 632 1830 674 conceperat
1848 628 1884 662 in
1908 639 2088 675 oppugna-

460 696 554 731 tione
571 696 685 736 Albae,
708 695 780 730 sive
800 695 912 735 Biala,
947 694 1065 740 oppidi
1084 694 1120 727 in
1157 693 1289 727 Russia
1320 691 1525 738 permuniti.
1557 690 1672 736 Hujus
1699 690 1944 725 beneficentiae
1975 701 2090 725 recor-

459 758 601 792 datione
615 757 692 803 ipsa
711 756 800 802 grati
831 756 1005 802 hodieque
1036 755 1200 789 fruuntur
1232 754 1347 795 Socii;
1380 753 1519 799 quando
1540 753 1641 787 bonis
1673 752 1792 791 etiam,
1828 763 1891 786 sua
1923 752 2090 798 largitate

460 821 599 862 oblatis,
615 821 691 867 jam
710 831 771 866 per
798 820 918 854 hostes
942 810 1077 865 pridem
1107 818 1249 864 ereptis,
1290 817 1340 851 uti
1368 816 1462 851 haud
1497 816 1603 851 licet:
1638 814 1856 850 Smolenscia
1883 814 2048 850 universa
2069 826 2091 850 a

459 895 570 930 regno
597 882 757 928 polonico
802 881 942 916 revulsa
973 892 1061 915 anno
1094 880 1186 916 1654
1204 892 1211 921 ;
1246 883 1370 925 postea
1401 889 1505 924 quam
1536 878 1572 912 in
1603 881 1810 923 recuperata
1838 877 1945 912 armis
1977 877 2088 923 Sigis-

458 945 580 980 mundi
597 945 648 979 III
664 944 846 989 provincia
864 943 983 978 decem
998 948 1032 978 et
1051 946 1185 988 septem
1208 953 1321 975 annos
1349 940 1542 986 exegimus.
1568 939 1809 974 Vitebscensis
1839 938 2005 973 domicilii
2033 940 2091 986 jus

460 1020 523 1054 per
543 1006 684 1042 comitia
703 1007 805 1052 regni
821 1006 1003 1053 generalia
1017 1006 1202 1041 Varsaviae
1222 1005 1315 1042 1690
1334 1005 1445 1040 Sociis
1461 1004 1717 1038 confirmatum.
1730 1002 1856 1037 Domui
1872 1014 1965 1037 anno
1984 1002 2089 1045 1691,

459 1069 590 1115 templo
611 1069 716 1110 1716,
736 1068 955 1103 aedificandis
971 1068 1200 1104 fundamenta
1213 1069 1309 1114 jacta
1323 1071 1416 1102 sunt.

509 1132 719 1167 Varsaviam
740 1132 881 1167 Vienna
906 1132 1062 1166 Austriae
1086 1131 1311 1166 ornatissimo
1336 1129 1487 1165 deducta
1505 1128 1670 1163 comitatu
1689 1128 1765 1174 regi
1786 1139 1927 1174 sponsa,
1950 1127 2092 1164 Caecilia

460 1196 609 1235 Renata,
649 1194 867 1229 Ferdinandi
903 1194 936 1228 ΙΙ
978 1194 1202 1240 imperatoris
1238 1193 1323 1228 filia.
1365 1192 1516 1227 Comites
1552 1191 1721 1237 praecipui
1752 1190 1904 1230 fuerunt,
1944 1190 2093 1226 Claudia

460 1257 635 1297 Medicea,
657 1255 856 1291 archiducis
887 1255 1066 1290 Austriaci
1086 1255 1257 1302 Leopoldi
1277 1255 1395 1295 vidua,
1414 1258 1448 1289 et
1469 1254 1626 1288 Joannes
1647 1252 1855 1293 Casimirus,
1877 1252 1986 1287 frater
2008 1252 2093 1287 Vla-

461 1319 564 1355 dislai
600 1329 804 1365 germanus.
834 1317 957 1353 Astitit
991 1318 1192 1353 ineuntibus
1224 1317 1294 1352 ritu
1324 1317 1496 1352 catholico
1535 1316 1751 1361 conjugium,
1773 1314 1917 1350 foederis
1945 1315 2091 1357 arbiter,

459 1382 742 1428 archiepiscopus
763 1380 1022 1416 Gnesnensium
1045 1381 1066 1415 J
1071 1392 1203 1415 oannes
1232 1379 1401 1427 Venzyk;
1424 1379 1601 1424 allatoque
1620 1378 1790 1412 Cracovia
1809 1377 2007 1413 diademate
2025 1389 2089 1413 nu-

458 1448 554 1491 ptam
573 1444 721 1479 ornavit.
740 1444 837 1478 Inter
851 1443 1107 1489 gratulationes
1127 1442 1298 1489 publicas,
1316 1453 1337 1476 a
1356 1441 1517 1476 Vilnensi
1538 1440 1745 1475 nominatim
1768 1439 1963 1480 academia,
1981 1451 2089 1486 pane-

460 1506 573 1553 gyrici
592 1505 726 1551 accepti
753 1517 774 1540 a
798 1505 1014 1551 principibus
1033 1508 1271 1552 peramanter.
1289 1504 1382 1539 Ante
1400 1503 1477 1538 haec
1504 1503 1704 1548 nuptiarum
1733 1501 1904 1542 solennia,
1924 1501 2092 1538 Vladislai

460 1579 572 1608 socer,
594 1579 760 1602 romanus
787 1567 979 1613 imperator
1011 1567 1102 1602 diem
1131 1567 1216 1601 obiit
1248 1578 1349 1601 suum
1370 1566 1519 1600 Viennae
1546 1564 1615 1598 XV
1634 1564 1805 1598 kalendas
1825 1564 1983 1606 martias,
2000 1564 2092 1600 inter

460 1642 585 1665 manus
604 1630 825 1665 sacerdotum
844 1634 921 1664 octo
950 1641 968 1664 e
998 1633 1122 1664 nostra
1140 1629 1329 1668 Societate,
1346 1627 1602 1663 immortalibus
1621 1626 1788 1673 principis
1803 1626 1964 1661 devincta
1987 1627 2090 1662 bene-

459 1693 559 1727 ficiis.
585 1692 768 1727 Extinctus
783 1691 957 1726 communi
972 1691 1127 1725 omnium
1150 1691 1258 1731 luctu,
1281 1702 1411 1736 magna
1426 1701 1508 1725 vero
1525 1701 1585 1735 spe
1604 1688 1729 1723 salutis
1751 1688 1986 1734 sempiternae,
2001 1700 2091 1724 anno

461 1754 577 1790 aetatis
594 1757 716 1789 octavo
731 1765 837 1799 supra
852 1753 1191 1799 quinquagesimum,
1209 1753 1345 1799 imperii
1361 1752 1578 1787 duodecimo.
1598 1751 1709 1789 Quam
1724 1750 1805 1785 forti
1820 1751 1946 1791 animo,
1964 1754 2092 1796 quanta

462 1828 548 1863 erga
568 1817 692 1857 Deum,
715 1815 796 1850 vitae
821 1815 984 1861 necisque
1001 1816 1199 1857 Dominum,
1222 1815 1352 1861 pietate
1366 1818 1512 1849 mortem
1532 1813 1719 1859 exceperit,
1737 1813 1843 1848 aulici
1870 1813 2091 1859 imperatoris

462 1878 574 1913 nostri
593 1877 764 1923 theologi,
787 1877 930 1911 Carolus
950 1877 1169 1918 Musardtus,
1192 1877 1303 1912 Lucas
1331 1876 1539 1916 Phaninius‚
1562 1879 1595 1909 et
1623 1875 1819 1910 Gulielmus
1848 1875 2090 1921 Lamormagi-

465 1941 542 1975 nius
566 1940 698 1974 luctum
717 1951 819 1974 suum
842 1943 875 1974 et
894 1939 1020 1974 solatia
1039 1951 1116 1974 cum
1137 1939 1248 1974 Sociis
1268 1939 1457 1984 provinciae
1477 1937 1672 1972 Lituanicae
1704 1937 2006 1972 communicarunt
2029 1949 2091 1983 per

463 2002 612 2037 litteras.
634 2001 737 2036 Domi
756 2001 801 2035 ad
820 2002 898 2036 haec
916 2001 1032 2036 danda
1054 2004 1129 2035 erat
1157 2012 1266 2047 opera
1293 2000 1486 2035 funeribus.
1506 1999 1670 2046 Olykam,
1693 1999 1727 2032 in
1748 1999 1913 2045 oppidum
1933 1998 2091 2034 Radivil-

462 2064 595 2104 lanum,
613 2063 657 2098 ad
676 2062 837 2098 facienda
846 2063 945 2109 justa
963 2063 1105 2109 conjugi
1124 2062 1261 2097 Alberti
1277 2062 1447 2097 Radivilli
1467 2061 1646 2107 principis,
1663 2060 1883 2096 Prinscensis
1898 2060 2089 2097 conditoris

462 2127 528 2168 sui,
555 2126 690 2172 reginae
709 2125 752 2160 de
771 2125 980 2171 Eisenrycli‚
1003 2129 1173 2159 matronae
1192 2136 1211 2159 e
1225 2124 1417 2159 clarissima
1433 2127 1538 2169 gente
1553 2123 1737 2164 Bavarica‚
1759 2135 1778 2158 e
1798 2123 1981 2158 domiciliis
1996 2123 2089 2158 Socii

462 2191 720 2228 convenerant3
740 2187 821 2221 dum
835 2187 903 2233 pize
922 2187 1069 2233 principi
1089 2187 1181 2232 grati
1201 2190 1400 2232 parentant,
1420 2185 1568 2231 Collegii
1588 2185 1789 2220 Pinscensis
1809 2188 1924 2219 rector
1938 2185 2084 2231 primus,

461 2250 627 2285 Albertus
660 2249 846 2290 Plockius;
879 2249 937 2295 qui
962 2249 1038 2295 jam
1056 2249 1214 2283 infirmus
1246 2260 1286 2283 eo
1318 2260 1355 2282 se
1387 2260 1463 2282 cum
1485 2248 1597 2283 Sociis
1629 2248 1846 2288 contulerat;
1875 2247 1911 2282 in
1930 2248 2089 2282 manibus

462 2311 608 2347 rectoris
628 2311 879 2350 Nesvisiensis,
902 2311 1143 2356 Christophori
1159 2310 1347 2351 Zalcvskii‚
1367 2309 1610 2344 moribundum
1632 2310 1799 2349 curantis,
1821 2320 1842 2343 a
1861 2309 1929 2343 vita
1948 2308 2087 2343 mortali

462 2373 624 2408 desciscit
659 2373 773 2408 idibus
804 2374 918 2408 maiis.
954 2374 993 2408 In
1028 2384 1153 2407 munus
1186 2371 1428 2417 Christophori
1457 2371 1651 2417 Gregorius
1682 2370 1890 2405 Hofflnanus
1921 2371 2088 2406 successit

462 2436 567 2470 XVII
588 2435 661 2470 kal.
684 2436 914 2481 septembres.
938 2435 1023 2469 Inde
1061 2446 1153 2469 anno
1172 2434 1369 2479 insequenti
1389 2433 1582 2468 translatus
1609 2432 1654 2467 ad
1674 2432 1867 2478 regendum
1895 2432 2088 2478 Collegium

463 2498 646 2533 Plocense.
666 2498 877 2532 Lomsenses
898 2497 1008 2531 nostri
1028 2497 1129 2537 duos,
1147 2497 1234 2531 bene
1250 2495 1292 2530 de
1308 2495 1465 2542 Collegio
1480 2507 1543 2531 suo
1559 2496 1720 2531 meritos:
1736 2494 1909 2530 Adamum
1928 2494 2081 2541 Bagien-
