2184 2953
605 301 711 329 LIBER
735 300 873 328 SEXTUS
904 295 1119 337 (1610-1620).
1640 293 1700 323 235

91 394 269 442 patientiae
288 406 360 429 suae
381 394 598 440 magistram,
617 394 819 429 clementem
838 392 1041 427 delictorum
1068 389 1224 424 ultricem
1253 400 1406 428 suorum,
1429 385 1698 422 immortalitatis
1726 387 1789 415 1613

92 456 335 503 praenuntiam,
356 456 569 502 appellaret;
603 467 747 502 eamque
774 468 835 502 per
856 455 933 489 loca
964 454 1143 488 beatorum
1175 452 1371 498 Martyrum
1391 451 1489 496 quasi
1509 448 1701 483 circumdu-

93 522 197 559 ceret,
220 518 362 564 Deoque
397 518 549 552 offerret.
574 518 623 552 Ita
659 518 915 564 peregrinatus,
945 515 1134 562 praemissis
1166 513 1339 552 omnibus,
1371 523 1449 558 qure
1484 511 1529 545 ad
1563 510 1698 544 felicem

94 579 220 614 exitum
239 579 404 618 facerent,
435 579 610 613 intercidit
630 579 767 613 victima
795 578 987 613 charitatis,
1010 577 1075 615 Qui
1107 576 1293 622 aliquando
1324 577 1405 608 ante
1433 574 1573 608 Patrem
1598 572 1702 606 Nico-

93 640 184 674 laum
214 640 504 685 Brunsbergense
538 641 626 675 rexit
651 640 855 686 Collegium,
877 639 999 674 eodem
1031 650 1122 673 anno
1156 636 1291 671 Gedani
1326 634 1496 675 occubuit,
1529 633 1703 668 confectus
1731 623 1857 687 lffiiibe-

93 703 284 743 laboribus,
314 703 470 736 Joannes
501 703 676 742 Huberus,
710 702 851 736 natione
882 711 1083 746 germanus,
1104 699 1217 744 patria
1251 698 1387 732 Franco
1421 695 1698 741 HerbipoleiisiS‚
1731 702 1876 747 1115011113,-

97 763 131 798 111
150 763 329 809 provincia
348 763 498 798 Lituana
514 763 726 808 theologiam
741 763 917 808 professus
936 762 1136 802 triennium,
1155 760 1301 795 subinde
1317 760 1555 805 Brunsbergoe
1574 770 1706 805 praeses
1733 751 1766 768 '¹¹'

96 825 271 859 seminarii
301 824 513 865 scholastici,
548 824 732 870 theologus
761 828 794 859 ct
821 824 1043 858 concionator
1061 823 1218 863 eximius,
1250 823 1438 857 insectator
1463 821 1705 855 haereticorum

94 886 247 920 victoriis
290 885 453 932 inclytus.
484 885 639 931 Reliquit
665 886 866 920 memoriam
894 885 945 920 sui
966 886 999 919 in
1027 885 1124 919 libris
1150 896 1172 919 a
1199 896 1236 919 30
1256 884 1370 925 editis,
1393 887 1427 918 et
1453 882 1591 928 scriptis
1611 881 1702 922 aliis,

95 948 170 983 11100
188 947 319 993 pariter
338 948 466 993 dignis.

145 1008 263 1044 Status
282 1008 414 1054 aliquot
431 1009 466 1042 in
482 1009 547 1043 hac
568 1008 746 1054 provincia
767 1009 1001 1054 Collegiorum
1020 1018 1112 1041 anno
1144 1007 1235 1042 1613
1254 1009 1288 1040 et
1303 1006 1481 1052 superiore
1500 1005 1563 1040 fuit
1582 1005 1707 1051 oppido

96 1071 212 1106 miser.
235 1071 343 1105 Fame
362 1070 439 1104 (lira
458 1076 615 1105 enectum
634 1071 757 1106 fuisset
775 1083 852 1105 cum
867 1070 1005 1104 civitate
1021 1068 1214 1114 Collegium
1234 1068 1532 1110 Smolenscanum,
1554 1067 1708 1101 Moschis

99 1133 219 1168 urbem
240 1133 492 1173 obsidentibus,
515 1134 580 1167 nisi
608 1134 694 1178 regii
730 1137 860 1179 praetor
892 1132 1077 1171 exercitus,
1100 1130 1281 1177 eruptione
1307 1142 1370 1176 per
1396 1130 1527 1165 medios
1558 1130 1708 1164 hostium
1733 1127 1876 1192 Smoignsci

101 1206 229 1230 cuneos
260 1194 364 1234 facta,
403 1195 546 1241 dejectis
575 1195 803 1229 barbarorum
838 1194 1097 1234 munitionibus,
1138 1205 1175 1227 re
1210 1193 1434 1227 frumentaria
1467 1192 1708 1227 laborantibus
1735 1204 1882 1237 collegium

101 1268 249 1292 annonae
265 1257 398 1303 copiam
417 1257 604 1292 intulisset.
627 1258 738 1297 Orsae,
760 1270 820 1304 per
837 1258 1029 1292 absentiam
1057 1257 1166 1297 ducis,
1188 1257 1224 1291 in
1241 1256 1409 1291 factiones
1428 1256 1514 1290 duas
1541 1256 1709 1290 discesse-
1735 1244 1883 1315 ἓῗῖῗήξζξῢ

100 1324 154 1355 rat:
170 1320 363 1361 exercitus;
384 1324 418 1355 et
431 1320 504 1366 jam
536 1320 642 1354 coorti
669 1320 714 1354 ad
748 1331 900 1365 pugnam
919 1320 1079 1353 tubarum
1104 1322 1414 1365 tympanorumque
1434 1317 1549 1352 sonitu
1578 1317 1713 1351 animos

104 1383 240 1428 irasque
259 1382 443 1416 acuebant.
475 1382 588 1416 Exciti
616 1381 763 1416 tumultu
790 1385 978 1416 accurrunt
1009 1380 1120 1415 Socii:
1158 1380 1191 1413 in
1212 1378 1344 1413 medias
1374 1378 1570 1425 irrumpunt
1596 1378 1708 1413 acies:

101 1444 256 1490 dereptis
274 1443 367 1478 tubis
399 1448 433 1478 et
467 1444 654 1490 tympanis,
688 1444 904 1478 commonitis
937 1443 1085 1489 partium
1118 1442 1262 1476 ducibus
1293 1440 1443 1486 gratiam
1470 1439 1709 1475 reconciliant.

101 1506 292 1540 Constabat
319 1506 489 1541 exercitus
522 1517 541 1540 e
571 1506 678 1551 copiis
713 1505 892 1539 catholicis
929 1504 1170 1549 haereticisque
1190 1503 1397 1549 promiscue.
1418 1503 1534 1548 AEque
1561 1502 1711 1536 studium
1740 1481 1885 1547 Orsniinili-

104 1567 274 1602 sociorum
294 1570 328 1601 et
347 1578 453 1613 opera
479 1567 635 1613 partibus
655 1570 757 1612 grata
777 1566 859 1599 suit:
892 1570 928 1600 ut
958 1569 1140 1611 propterea
1159 1565 1311 1599 omnium
1335 1565 1571 1599 centuriarum
1590 1564 1713 1598 suffra·
1741 1562 1817 1624 ἱξῑέἰθ
1828 1561 1886 1624 funt-

102 1630 168 1676 giis
189 1629 381 1675 eCollegio
418 1632 649 1674 rogarentur,
685 1629 742 1674 qui
771 1628 962 1674 disciplinae
994 1627 1192 1662 christianae
1226 1627 1298 1661 suis
1332 1627 1367 1661 in
1397 1627 1521 1661 castris
1552 1627 1712 1672 magistri
1740 1615 1791 1665 tsm
1821 1607 1852 1624 ka

1738 1679 1864 1743 pnlth4Viae

101 1753 174 1799 pati
192 1753 228 1787 in
247 1752 503 1798 praeteritarum
537 1751 646 1786 bustis
675 1751 836 1792 cladium,
870 1752 976 1786 ferme
1003 1751 1116 1786 adhuc
1146 1750 1369 1791 fumantibus,
1392 1762 1487 1796 aegre
1506 1753 1637 1796 septem
1669 1749 1711 1784 de
1735 1757 1823 1820 (11111011-

1753 1803 1815 1820 lun]-

100 1694 305 1738 praeessent.
323 1690 495 1724 Pultoviac
510 1694 582 1724 tota
603 1690 747 1735 Collegii
772 1702 827 1724 res
847 1690 1036 1724 continenti
1056 1689 1150 1723 urbis
1178 1688 1336 1723 incendio
1356 1689 1596 1735 conflagravit.
1627 1688 1711 1722 Der-

100 1819 171 1850 toto
191 1814 346 1860 Collegio
362 1813 464 1849 sociis
485 1814 636 1859 inopiam
667 1813 805 1859 aliaque
824 1813 1041 1848 incommoda
1067 1813 1317 1847 sustinentibus
1348 1813 1384 1846 in
1402 1824 1533 1846 summa
1560 1823 1709 1846 annonae
1814 1857 1828 1882 5

1801 1859 1809 1882 1

1738 1897 1788 1922 Der
1810 1897 1880 1922 aten-

99 1939 223 1974 civium
242 1938 354 1973 salute
369 1942 514 1972 conatus
533 1938 713 1973 Sociorum
745 1950 845 1973 orcus
876 1938 1061 1972 haereticus
1078 1937 1258 1971 fraudibus
1278 1937 1501 1982 infringebat.
1534 1937 1709 1974 Quantum
1738 1937 1773 1981 Si}
1792 1905 1882 1961 p00112·

99 2003 155 2038 hic
173 2003 216 2037 ad
232 2001 443 2048 perdendam
459 2001 634 2036 civitatem
660 2001 850 2039 laboraret,
872 1999 1092 2033 manifestum
1112 2002 1199 2032 erat.
1222 1998 1439 2043 Magicorum
1456 1998 1491 2032 in
1505 2009 1546 2033 ea
1578 1998 1709 2033 malefi-
1736 1982 1881 2042 ᾗζᾶῃῗξ

101 2065 232 2099 ciorum
247 2063 415 2109 comperti
434 2063 526 2097 cives
546 2064 709 2108 quinque,
732 2063 823 2107 iique
840 2060 1028 2095 lutherani.
1047 2060 1098 2094 De
1112 2060 1291 2094 nocturnis
1307 2059 1377 2094 suis
1405 2060 1630 2095 conventibus
1649 2072 1711 2107 per
1736 2055 1880 2120 ffigssiijm·

103 2131 267 2162 tortorem
282 2125 433 2172 quaesiti,
455 2125 564 2159 multa
587 2125 737 2159 nefanda
756 2123 1003 2170 prodiderunt:
1026 2127 1059 2156 et
1086 2122 1199 2156 locum
1218 2122 1355 2167 quidem
1382 2123 1605 2157 consiliorum
1633 2136 1709 2158 suo·
1734 2133 1816 2166 Rigae.

103 2200 178 2223 rum
197 2200 234 2223 ac
253 2187 420 2223 scelerum
434 2186 599 2221 habuisse
631 2186 667 2220 in
685 2186 778 2227 fano,
809 2186 890 2220 olim
919 2186 1040 2219 Beatae
1066 2184 1205 2229 Virgini
1236 2184 1359 2218 ritibus
1387 2185 1566 2220 catholicis
1594 2197 1706 2226 sacro,

102 2249 204 2284 hodie
221 2248 399 2294 impietate
417 2248 583 2283 haeretica
613 2252 839 2293 exaugurato.
866 2262 880 2275 α
904 2246 970 2281 Hic
996 2246 1129 2291 regium
1158 2246 1370 2292 (narrabant)
1397 2246 1520 2281 solium
1552 2247 1709 2282 sublimis

107 2327 122 2341 κ
144 2311 312 2351 insidens,
346 2310 460 2356 specie
478 2310 643 2349 humana,
666 2321 794 2344 corona
825 2309 1050 2343 circumfusus
1077 2308 1259 2353 frequenti,
1282 2308 1440 2355 princeps
1464 2309 1567 2355 hujus
1590 2310 1709 2344 mundi

107 2387 122 2402 a
145 2384 276 2408 saevum
296 2372 330 2406 in
345 2372 470 2406 devota
485 2372 548 2406 sibi
564 2372 639 2406 diro
666 2375 883 2406 sacramento
904 2370 1016 2416 capita
1044 2370 1229 2404 exercebat
1255 2370 1448 2416 imperium,
1483 2371 1603 2405 tributi
1634 2371 1709 2406 1000

109 2449 124 2464 ει
146 2435 188 2469 ab
206 2445 412 2479 unoquoque
439 2433 620 2479 exigebat:
643 2436 726 2478 quot
744 2445 846 2478 quam
874 2433 969 2467 diras
987 2435 1101 2478 pestes
1120 2432 1272 2473 familiis,
1306 2433 1501 2477 pecoribus,
1524 2433 1621 2474 satis,
1643 2434 1709 2468 for-

110 2511 125 2526 u
146 2496 239 2532 1111113
258 2496 467 2531 attulissent.
491 2494 645 2541 Singulis
673 2505 736 2529 sua
770 2494 921 2529 facinora
951 2493 1104 2539 gloriose
1130 2493 1428 2538 percensentibus,
1461 2494 1560 2540 quasi
1591 2506 1710 2530 omnes

100 1877 271 1924 gravitate
295 1889 332 1911 ac
346 1877 436 1911 fame
451 1889 458 1917 ;
476 1876 629 1911 haeretici
649 1876 719 1910 alia
734 1887 777 1911 ex
790 1875 866 1910 aliis
885 1875 1103 1909 facessebant
1121 1874 1274 1920 negotia.
1300 1874 1406 1919 Rigae
1424 1874 1460 1907 in
1490 1873 1710 1919 procuranda
