2184 2953
253 392 317 419 1623

310 438 339 463 17

253 476 371 503 Venden-

253 516 319 541 sium
333 516 394 543 faoi-

250 554 301 580 lius
339 556 372 582 ad

250 597 359 623 consilia

250 635 396 671 bonaiuge-

249 682 332 702 nium.

248 872 394 899 Catholico-

195 922 198 926 ·
246 920 304 937 rum
317 912 390 938 forti-

247 952 310 978 tudo
322 963 327 983 ;
340 953 390 978 hae-

251 992 389 1017 reticorum

247 1031 357 1057 erudeli-

247 1071 297 1096 tas.
313 1071 390 1098 Soda-

244 1109 308 1137 litas
330 1112 390 1139 Ma-

244 1149 325 1177 riana.

242 1322 358 1349 Patroci-

245 1361 288 1387 nio
304 1362 329 1388 S.
342 1363 385 1390 Fr.

243 1401 349 1428 Xaverii

240 1451 339 1469 conser-

237 1483 340 1509 vantur.

235 1591 337 1619 Salutis

234 1630 353 1656 curandae

235 1676 318 1694 erem⁴

235 1710 318 1743 plum.

298 2136 326 2161 18

239 2175 370 2201 Varsavioe

236 2215 306 2240 fama
316 2215 383 2241 Soci-

237 2262 308 2279 orum
342 2254 384 2280 de-

237 2294 359 2321 tenditur.

426 294 485 325 278
816 296 1089 327 LITUANICARUM
1113 297 1323 326 SOCIETATIS
1344 298 1429 326 JESU
1454 298 1705 327 fflSTORlARUM

422 386 538 420 sextili
556 387 744 431 advenere,
779 402 908 437 magna
934 391 1060 426 civium
1080 390 1316 436 gratulatione
1346 390 1493 436 accepti.
1515 390 1656 426 Mitiore
1676 391 1881 426 Vendenses
1898 391 2042 438 ingenio

422 448 648 493 popularibus
663 451 749 493 suis,
767 456 801 486 et
818 453 934 487 auimo
950 453 986 487 in
1004 452 1210 498 religionem
1230 452 1439 487 catholicam
1454 452 1679 498 salubriaque
1694 452 1840 487 consilia
1855 453 2018 499 proniore
2033 467 2040 495 3

423 510 511 545 adeo
529 511 727 558 frequentes
758 514 808 549 illi
828 516 871 549 ad
903 527 977 550 rem
1010 515 1163 550 divinam
1190 515 1421 556 ventitabant,
1457 519 1506 557 ut,
1536 516 1640 562 hujus
1658 515 1768 561 ipsius
1800 516 1885 549 anni
1917 515 2040 561 spatio,

425 573 662 621 unusquisque
682 577 827 611 Patrum
842 577 886 612 ad
906 577 1023 612 decem
1038 577 1141 613 facile
1161 578 1270 612 millia
1288 579 1533 625 poenitentium
1552 590 1615 625 pro
1632 590 1732 613 sacro
1751 579 1919 613 tribunali
1944 590 2043 613 exce-

423 635 526 680 perit.
550 637 681 673 Diebus
696 639 793 675 festis
808 641 851 675 ab
871 644 949 675 ortu
963 640 1047 675 solis
1066 640 1110 675 ad
1126 652 1286 675 occasum
1303 640 1374 675 fere
1401 640 1437 674 in
1452 640 1574 675 officiis
1598 640 1739 686 pietatis
1766 639 1901 675 alacres
1920 639 2044 686 perdu-

423 698 562 734 rabant.
585 700 613 734 F
616 706 743 736 uerunt
765 702 800 736 in
818 702 886 737 illis
902 715 971 737 non
986 703 1087 749 pauci
1105 703 1155 737 ita
1181 703 1336 742 animati,
1358 707 1395 737 ut
1414 714 1485 737 rem
1514 703 1733 743 familiarem,
1766 714 1886 748 agros,
1909 702 2044 736 domos-

423 772 489 806 que
507 772 589 797 suas
615 764 803 799 maluerint
830 765 1005 807 deserere,
1027 777 1130 812 quam
1157 764 1345 804 haereticiS,
1367 765 1412 799 ad
1447 765 1571 811 impios
1598 765 1686 799 ritus
1707 776 1790 799 suos
1822 764 2043 810 cogentibus,

421 822 596 870 obsequi:
636 830 820 871 propterea
851 827 1007 873 plerique
1039 839 1057 862 a
1089 828 1238 862 dominis
1279 827 1468 862 crudeliter
1500 828 1630 867 vexati,
1663 827 1852 861 excruciati
1882 825 2042 867 fidiculis,

416 886 526 932 virgis
545 888 698 928 concisi;
731 889 900 935 praeclare
931 890 981 924 illi
1012 891 1103 926 inter
1135 890 1212 925 haec
1243 894 1401 925 veterum
1420 889 1693 924 christianorum
1721 889 1955 924 constantiam
1974 888 2046 924 suis

418 948 634 984 documentis
654 951 909 996 approbabant.
932 952 1110 998 Capienda
1130 953 1257 999 populo
1278 952 1457 998 praebebat
1477 951 1639 997 exempla
1669 950 1840 985 sodalitas
1867 950 2045 985 scholasti-

419 1022 537 1046 corum
555 1013 730 1054 Mariana,
753 1014 788 1048 in
807 1014 894 1049 duas
916 1015 1029 1049 divisa
1042 1015 1196 1050 classes:
1227 1019 1372 1060 utraque
1395 1014 1572 1060 frequens,
1597 1019 1632 1048 et
1650 1014 1695 1047 ad
1714 1014 1880 1059 pietatem
1900 1013 2044 1058 pulchre

418 1075 630 1120 composita;
653 1076 688 1110 in
710 1080 857 1122 utraque
874 1078 997 1112 beatus
1021 1077 1210 1112 Societatis
1225 1081 1359 1112 nostrae
1382 1088 1509 1123 parens
1528 1076 1716 1122 praecipuis
1742 1075 1933 1110 honoribus
1953 1074 2042 1110 cole-

418 1135 532 1171 batur.
556 1137 626 1183 Ipsi
653 1142 777 1184 sponte
808 1150 871 1174 sua
898 1139 1139 1175 adolescentes
1164 1139 1255 1174 inter
1275 1150 1312 1174 se
1339 1142 1453 1174 certas
1480 1137 1681 1184 percolendi
1708 1138 1812 1183 hujus
1840 1137 1919 1171 Divi
1945 1136 2042 1182 leges

417 1199 658 1241 condiderant,
692 1201 850 1236 conditas
878 1206 997 1237 sancte
1030 1201 1276 1237 observabant.
1305 1201 1393 1235 Divo
1425 1200 1453 1234 F
1457 1199 1614 1234 rancisco
1634 1198 1790 1233 Xaverio
1809 1198 1931 1232 civitas
1958 1209 2039 1232 con-

416 1261 543 1295 struxit
565 1262 754 1297 sacellum:
793 1275 866 1298 suae
898 1263 1030 1298 scilicet
1061 1263 1155 1298 urbis
1188 1266 1349 1308 patrono,
1384 1261 1443 1307 qui
1477 1260 1696 1300 Vendenses,
1731 1260 1820 1295 inter
1848 1260 2037 1295 exhaustos

414 1322 542 1357 circum
567 1325 767 1369 pestilentia
794 1337 918 1371 pagos,
939 1326 1133 1360 servaverit
1160 1325 1364 1359 incolumes.
1399 1324 1481 1358 Jam
1506 1327 1540 1357 et
1570 1323 1714 1368 pagani,
1738 1334 1760 1356 a
1786 1322 1914 1357 nostris
1941 1333 2036 1357 man-

411 1384 568 1426 suefacti,
586 1386 734 1421 salutem
749 1399 848 1422 suam
870 1388 1099 1422 adcurabant.
1120 1387 1261 1422 Illorum
1277 1386 1402 1432 aliquis
1422 1386 1457 1420 in
1472 1385 1605 1425 morbo,
1624 1396 1692 1419 non
1709 1385 1825 1419 omnia
1840 1384 1904 1419 rite
1923 1395 2035 1419 sacer-

412 1446 483 1481 doti
514 1448 706 1491 confessus,
741 1451 891 1496 rogabat
922 1450 1143 1490 domesticos
1178 1449 1396 1484 sacerdotem
1423 1460 1442 1482 e
1464 1447 1620 1493 Collegio
1653 1446 1839 1481 Societatis
1858 1446 2037 1481 Vendensi

411 1511 455 1545 ad
474 1522 513 1545 se
535 1512 774 1548 deducendum
811 1518 994 1548 curarent:
1030 1526 1107 1549 esse
1142 1513 1232 1559 quod
1271 1510 1497 1546 moribundus
1534 1509 1600 1543 sibi
1628 1512 1812 1543 metueret.
1848 1508 2034 1553 Tergiver-

411 1573 569 1608 santibus
599 1574 681 1616 illis,
704 1587 804 1621 opem
837 1576 990 1610 divinam
1022 1575 1194 1621 implorat.
1224 1574 1366 1620 Colligit
1394 1576 1538 1618 repente
1569 1571 1682 1605 vires:
1706 1570 1823 1616 pergit
1857 1569 2030 1604 Vendam:

409 1636 546 1681 aspirat.
586 1637 673 1671 Erat
699 1649 781 1672 vero
817 1650 894 1672 cum
922 1643 1057 1684 tempus
1094 1636 1426 1683 perincommodum,
1471 1633 1607 1668 nivibus
1640 1633 1734 1673 altis,
1774 1632 1890 1667 calore
1926 1643 2032 1666 verno

410 1697 682 1739 tabescentibus,
716 1703 788 1733 tum
820 1701 886 1734 iter
920 1700 1104 1740 lubricum,
1139 1699 1243 1745 idque
1278 1698 1323 1732 ad
1349 1697 1468 1732 leucas
1496 1696 1583 1730 duas
1618 1695 1784 1740 longum;
1827 1705 1897 1728 non
1928 1693 2034 1739 aegris

411 1764 512 1799 facile
531 1764 763 1799 emetiendum
783 1764 942 1810 pedibus.
965 1764 1150 1809 Ingressus
1170 1761 1347 1807 templum,
1377 1758 1542 1797 anhelus,
1560 1756 1670 1791 macie
1694 1755 1861 1795 torridus,
1879 1758 1911 1790 et
1931 1755 2033 1790 cada-

409 1826 483 1860 veri
512 1825 658 1860 similior
688 1837 791 1872 quam
831 1827 922 1865 vivo,
958 1825 1147 1860 confitendi
1175 1824 1323 1869 copiam,
1354 1825 1485 1868 quanta
1521 1823 1636 1865 potest
1666 1818 1762 1852 vocis
1794 1817 2030 1858 contentione,

410 1887 577 1932 postulat.
605 1887 792 1923 Confessus
813 1887 951 1921 domum
971 1887 1061 1922 redit
1079 1886 1318 1932 triumphans:
1342 1895 1413 1918 rem
1432 1881 1639 1917 familiarem
1662 1881 1697 1914 iu
1725 1891 1806 1914 suos
1827 1879 2005 1913 distribuit
2025 1891 2031 1913 :

412 1950 499 1984 bene
515 1954 674 1995 precatus
693 1950 823 1989 domui,
849 1950 914 1984 hoc
937 1950 1010 1995 ipso
1038 1949 1093 1983 die
1114 1948 1271 1982 moritur.
1296 1947 1349 1981 Ita
1373 1948 1532 1991 agrestes
1556 1942 1703 1984 homuli,
1726 1942 1784 1988 qui
1809 1941 1891 1975 olim
1919 1941 2034 1975 aditus

413 2024 532 2048 omnes
562 2013 606 2047 ad
641 2024 678 2048 se
707 2013 947 2048 sacerdotibus
979 2011 1246 2058 praecluderent,
1285 2008 1411 2043 deinde
1442 2005 1661 2051 benignitate
1697 2004 1879 2039 Sociorum
1905 2008 1939 2038 et
1969 2015 2033 2038 usu

411 2076 546 2111 deliniti
560 2075 626 2122 ipsi
640 2076 732 2110 ultro
748 2075 900 2110 medicos
919 2075 1115 2108 animorum
1131 2084 1271 2107 suorum
1292 2076 1430 2105 nostros
1451 2067 1686 2113 requirebant.

461 2138 645 2173 Masovitis
663 2150 777 2173 annus
792 2137 847 2172 hic
867 2136 1043 2182 pestilenti
1067 2136 1166 2170 clade
1193 2134 1342 2169 infamis.
1370 2131 1648 2166 Varsaviensum
1668 2141 1705 2164 re
1724 2129 1838 2163 adhuc
1852 2128 2030 2171 incolumi,

411 2200 581 2236 volitabat
603 2212 665 2246 per
688 2212 811 2235 manus
840 2200 979 2238 civium,
1010 2199 1132 2244 plenus
1152 2197 1418 2236 calumniarum,
1448 2195 1612 2229 dimissus
1632 2205 1653 2228 a
1680 2193 1901 2227 criminatore
1916 2193 2033 2228 Socie-

411 2263 506 2303 tatis,
546 2263 769 2297 Gracoviensi
800 2261 1023 2301 Academico,
1053 2260 1206 2294 libellus.
1239 2258 1400 2292 Minister
1436 2255 1629 2301 scriptoris,
1668 2254 1726 2300 qui
1760 2260 1897 2300 partum
1932 2266 2033 2309 suum

412 2325 609 2365 differebat,
649 2325 921 2370 comprehensus
954 2325 1057 2369 jussu
1096 2321 1289 2361 consulum,
1331 2320 1576 2365 conjectusque
1604 2318 1638 2351 in
1665 2316 1817 2351 vincula.
1849 2316 2033 2351 Trimestri

412 2388 525 2434 spatio
545 2388 718 2427 detentus,
744 2392 821 2432 post
851 2386 982 2431 virgas,
1007 2385 1128 2430 jussus
1156 2383 1191 2417 in
1210 2382 1284 2416 foro
1304 2380 1456 2415 carmina
1484 2379 1537 2413 sui
1568 2378 1720 2413 auctoris
1747 2377 1885 2411 nomine
1911 2388 2031 2412 recan-

410 2453 499 2489 tare,
521 2449 608 2485 etin
627 2454 813 2494 conspectu
840 2452 980 2482 senatus
1012 2446 1111 2480 civici
1146 2445 1271 2479 Patres
1291 2442 1476 2478 Societatis
1492 2440 1683 2487 deprecari.
1707 2438 1770 2473 Ille
1798 2438 1949 2484 quidem,
1973 2438 2031 2474 de-

412 2516 546 2547 cretum
564 2514 741 2550 executus,
768 2509 952 2544 dimittitur
971 2522 977 2543 ;
999 2509 1137 2543 libellus
1156 2511 1272 2542 autem
1291 2518 1352 2552 per
1370 2509 1537 2539 tortorem
1555 2502 1692 2550 publice
1707 2502 1873 2537 exuritur.
1896 2502 2029 2538 Ureute
