2184 2953
269 386 333 413 1653

269 497 388 525 Occasio-

268 548 313 566 nes
323 548 368 573 pa-

268 579 367 606 tientiae
387 579 415 605 in

268 618 388 645 crucibus

266 659 400 693 praevidet.

261 949 342 976 Amor
360 950 408 977 ini·

261 989 394 1018 micorum.

257 1552 396 1580 Praefectu·

255 1600 289 1618 ΠΕ
300 1601 405 1626 provin-

259 1631 346 1660 ciales.

255 1746 378 1776 Charitas

253 1787 377 1816 liberalis.

252 1863 380 1894 Liberali-

252 1904 294 1929 tas
306 1905 360 1933 Deo

252 1944 326 1974 freta.

443 283 503 317 366
806 287 1081 319 LITUANICARUM
1105 289 1316 320 SOCIETATIS
1337 290 1422 321 JESU
1446 291 1697 322 HISTORIARUM

444 380 591 423 tristem,
613 392 715 417 nemo
735 382 934 419 sollicitum.
953 385 1068 420 Tanto
1086 389 1204 422 autem
1224 387 1401 433 gaudebat
1420 388 1547 434 magis,
1565 390 1694 434 quanto
1714 387 1779 423 sibi
1796 388 1914 434 plures
1939 388 2067 431 forent,

445 447 643 491 quantoque
674 445 872 483 acerbiores
892 458 1009 484 causae
1024 449 1193 494 patiendi,
1231 450 1318 485 Erat
1338 461 1419 485 vero
1439 450 1579 484 illarum
1597 450 1730 485 affatim
1748 464 1755 491 ;
1790 454 1955 496 quantam
1987 451 2068 487 olim

444 506 593 552 copiam,
626 507 781 543 Nesvisii
810 509 902 544 inter
933 510 1198 546 sacrificandum
1224 513 1427 558 prfeviderit
1454 513 1487 546 in
1521 513 1696 553 crucibus,
1731 512 1895 548 divinitus
1921 513 1987 549 sibi
2005 525 2068 561 per

443 569 593 615 speciem
613 570 777 617 objectis;
802 575 910 609 totam
930 573 999 609 illis
1019 585 1118 608 aram
1136 574 1171 609 in
1187 575 1315 621 templo
1336 576 1517 622 majorem,
1552 580 1585 611 et
1619 576 1710 610 alias
1738 576 1880 617 ibidem,
1912 576 1948 611 in
1976 589 2066 613 com·

441 633 537 667 muni
562 633 792 680 hypocausto,
827 647 946 670 omnes
983 636 1113 671 circum
1148 637 1314 684 parietes,
1344 638 1603 685 obtegentibus
1643 639 1799 674 Tametsi
1835 650 1918 674 vero
1956 639 2066 676 multa

439 695 608 732 toleraret
627 700 660 732 et
675 698 811 743 gravia,
832 698 888 732 his
909 703 1024 734 tamen
1055 699 1207 742 animus,
1242 701 1446 736 meritorum
1477 702 1635 748 cupidus,
1672 701 1806 747 expleri
1824 713 1892 736 non
1912 706 2062 748 poterat.

440 759 479 793 In
502 758 577 805 ipso
597 772 831 795 {erumnarum
851 765 938 796 aestu
962 762 1083 797 orabat
1102 763 1227 804 Deum,
1262 763 1353 799 idem
1386 758 1539 809 quotidie
1566 764 1777 810 precabatur
1804 765 1841 799 in
1868 765 2061 806 sacrificiis,

439 824 476 855 ut
489 832 533 856 ne
547 822 614 856 sibi
633 822 772 857 Domini
791 824 845 858 sui
860 823 1045 859 clementia
1064 829 1236 871 parceret,
1259 826 1320 860 sed
1339 826 1523 861 vexatione
1543 830 1715 872 perpetua
1743 826 1901 861 animum
1927 828 2062 874 experi-

437 886 534 919 retur
552 885 657 926 servi,
676 896 780 931 quam
793 897 916 921 amans
934 886 1024 922 foret
1039 887 1206 922 bonitatis
1225 900 1299 923 sure
1317 888 1477 929 infinitae,
1510 899 1614 934 quam
1642 888 1754 923 eidem
1786 888 2033 935 obtemperans
2053 903 2059 924 :

438 945 557 992 itaque
593 947 760 993 quidquid
792 949 909 983 acerbi
942 949 1135 991 incidisset,
1154 950 1286 989 ,animo
1318 950 1450 985 sitienti
1480 951 1696 996 acceptabat.
1732 949 1874 986 Amicos
1902 951 1993 987 inter
2029 956 2064 987 et

435 1008 594 1044 inimicos
613 1010 731 1045 nescio
751 1010 833 1056 quid
852 1011 945 1057 apud
963 1012 1056 1047 hunc
1075 1016 1167 1048 esset
1187 1013 1396 1048 discriminis
1415 1026 1421 1054 ;
1444 1013 1502 1059 qui
1525 1013 1573 1047 sic
1592 1013 1819 1048 adversarios
1839 1013 1990 1054 amabat,
2025 1019 2063 1049 ut

434 1070 519 1116 ipsis
538 1075 573 1106 et
592 1072 851 1118 gratificaretur
869 1085 911 1108 ex
929 1074 1058 1115 animo,
1081 1074 1333 1121 quibusquibus
1352 1079 1470 1122 posset
1489 1075 1623 1117 officiis,
1646 1079 1680 1111 et
1699 1075 1791 1109 dona
1818 1079 2021 1121 precaretur
2039 1088 2061 1111 a

433 1132 506 1169 Deo
526 1135 753 1181 amplissima,
775 1136 898 1172 solitus
918 1140 1002 1183 quot
1031 1137 1274 1177 hebdomadis,
1307 1137 1361 1172 die
1392 1142 1501 1179 certo,
1537 1137 1663 1173 offerre
1689 1138 1755 1173 isto
1787 1138 1927 1174 nomine
1951 1140 2058 1174 sacri-

432 1195 558 1245 ficium.
584 1198 660 1236 Quo
680 1210 781 1233 suum
795 1199 861 1233 hoc
879 1200 1097 1246 propositum
1116 1204 1252 1235 teneret
1266 1201 1494 1240 constantius,
1521 1205 1600 1235 voto
1621 1211 1659 1235 se
1673 1199 1881 1236 obstrinxit:
1899 1211 1921 1235 a
1935 1201 2059 1246 quibus

433 1258 586 1295 offensus
607 1264 699 1296 esset
722 1262 886 1303 maxime,
919 1274 977 1297 eos
1008 1274 1046 1298 se
1077 1262 1338 1309 complexurum
1370 1262 1616 1298 benevolentia
1646 1262 1836 1308 praecipua,
1871 1261 1975 1307 idque
1994 1273 2057 1297 suo

432 1323 546 1357 sanxit
561 1324 795 1371 chirographo
811 1324 1019 1371 sanguineo.
1044 1325 1173 1360 Elicuit
1192 1326 1257 1360 hoc
1271 1337 1407 1372 quoque
1434 1326 1596 1361 incensus
1629 1325 1693 1360 Dei
1725 1336 1836 1360 amor.
1864 1325 2055 1360 Latronem

431 1385 620 1432 publicum,
656 1386 714 1433 qui
745 1386 851 1421 etiam
886 1398 924 1422 se
960 1387 1043 1422 olim
1078 1389 1250 1424 viatorem
1278 1389 1473 1435 spoliasset,
1506 1393 1708 1424 contrusuin
1738 1389 1880 1425 aliunde
1912 1390 1948 1424 in
1980 1400 2057 1424 car-

433 1458 560 1490 cerem,
594 1449 730 1484 visebat
753 1449 906 1495 quotidie
938 1450 1142 1486 biennium:
1173 1455 1358 1497 corrogata
1390 1451 1492 1499 stipe,
1528 1463 1622 1498 saepe
1652 1451 1817 1499 lacrymis
1852 1452 1957 1487 etiam
1985 1452 2058 1488 suis

433 1510 608 1545 miseriam
626 1512 777 1546 hominis
792 1512 984 1547 solabatur.

476 1573 624 1608 Praefuit
643 1574 822 1610 Polonicae
841 1575 943 1616 alias,
974 1574 1063 1609 alias
1095 1575 1289 1610 Lituanicae
1320 1574 1532 1620 provinciis;
1556 1575 1722 1622 Collegiis
1754 1577 1836 1611 item
1861 1577 2054 1619 Sociorum,

434 1635 573 1672 Calissii
593 1640 627 1672 et
641 1637 1040 1678 Cracoviae,-seminario
1060 1637 1310 1684 Brunsbergae.
1331 1637 1383 1672 Ex
1399 1637 1475 1683 ipso
1493 1638 1678 1673 Societatis
1692 1638 1852 1674 instituto
1869 1639 2058 1686 diligenter

432 1700 544 1734 tenuit
563 1700 598 1734 in
617 1701 789 1746 regimine
807 1700 960 1742 modum,
982 1700 1120 1735 facilem
1138 1700 1236 1735 illum
1255 1711 1295 1735 ac
1315 1711 1457 1735 suavem
1475 1714 1482 1742 ;
1505 1704 1543 1735 ut
1562 1701 1707 1747 quisque
1721 1702 1880 1743 sentiret,
1915 1701 1991 1748 regi
2019 1713 2056 1737 se

432 1763 508 1809 ipsa
526 1764 710 1799 charitate.
735 1764 950 1799 Charitatem
968 1763 1125 1799 liberalis
1144 1763 1307 1798 voluntas
1325 1767 1359 1798 et
1377 1775 1472 1804 cura,
1494 1763 1585 1797 hanc
1599 1762 1798 1808 benignitas
1818 1762 1936 1798 divina
1959 1763 2056 1799 miris

431 1827 639 1873 quandoque
655 1827 767 1873 signis
785 1826 997 1862 illustrabat.
1022 1828 1076 1862 lta
1095 1826 1246 1868 Calissii‚
1269 1826 1304 1861 in
1324 1838 1454 1872 magna
1472 1838 1590 1861 rerum
1608 1826 1741 1873 inopia,
1758 1838 1835 1861 cuni
1865 1838 1909 1861 ne
1940 1830 2057 1862 terun-

429 1889 498 1925 tius
513 1890 654 1936 quidem
674 1890 708 1924 in
728 1889 861 1930 arcula,
884 1889 991 1924 alieni
1009 1893 1127 1924 autem
1145 1889 1238 1929 aeris,
1272 1889 1317 1923 ab
1345 1888 1627 1924 antecessoribus
1651 1888 1834 1929 contracti,
1864 1889 1917 1923 vis
1950 1892 2053 1931 esset,

428 1956 465 1987 ut
479 1956 666 1999 propterea
684 1956 745 1987 aut
764 1953 887 1987 domus
902 1956 995 1988 esset
1015 1952 1252 1992 dissolvenda,
1274 1955 1335 1986 aut
1352 1951 1582 1986 creditoribus
1602 1951 1694 1986 unde
1727 1952 1845 1986 nescio
1875 1952 2022 1998 pecunia
2043 1965 2051 1993 ;

428 2016 595 2057 creditur,
613 2016 775 2062 precibus
806 2015 911 2061 hujus
943 2015 1090 2050 rectoris
1122 2014 1321 2061 expeditum
1353 2025 1430 2049 esse
1461 2013 1656 2059 negotium,
1691 2013 1795 2060 idque
1825 2014 2055 2061 modoplane

428 2080 580 2114 mirabili
598 2097 605 2114 .·
625 2091 667 2115 ex
686 2079 809 2114 eadem
827 2090 951 2125 nempe
966 2078 1099 2119 arcula,
1120 2077 1197 2113 heri
1231 2076 1387 2112 funditus
1416 2077 1600 2117 exhausta,
1631 2076 1738 2112 hodie
1766 2077 1916 2112 nummis
1939 2077 2055 2113 aureis

427 2142 531 2188 plena
550 2142 681 2188 eisque,
700 2142 800 2187 quasi
819 2141 848 2176 si
865 2153 957 2176 nunc
983 2140 1097 2175 forent
1123 2151 1144 2175 a
1175 2143 1328 2179 moneta,
1362 2139 1411 2173 ita
1442 2139 1649 2173 recentibus.
1687 2139 1738 2174 Ita
1769 2139 1911 2182 ibidem,
1938 2140 2050 2186 ajunt,

426 2204 546 2239 vinum
569 2216 612 2239 ex
631 2216 701 2239 una
727 2203 860 2245 arcula,
891 2215 994 2250 quam
1024 2203 1135 2238 tribus
1167 2202 1301 2249 congiis
1317 2201 1552 2242 exhausisses,
1586 2202 1634 2236 sic
1665 2201 1878 2243 abundasse,
1909 2205 1946 2236 ut
1974 2202 2052 2248 plus

427 2267 585 2302 semestri
604 2270 759 2314 tempore
774 2268 837 2302 toti
857 2266 1014 2313 Collegio
1033 2266 1234 2306 suffecerit;
1261 2264 1398 2300 tametsi
1431 2276 1493 2310 pro
1526 2264 1735 2300 necessitate
1768 2268 1801 2299 et
1828 2268 1984 2311 tempore
2017 2268 2051 2300 et

427 2330 583 2376 Collegio
604 2334 637 2365 et
656 2330 734 2365 aliis
753 2331 938 2377 egentibus
956 2332 1187 2376 promeretur.
1211 2327 1344 2367 Quibus
1377 2327 1449 2361 suis
1482 2327 1650 2373 exemplis
1681 2328 1845 2362 monebat
1878 2327 1980 2369 alios,
2014 2328 2051 2363 in

427 2392 704 2434 difficultatibus,
725 2396 1004 2439 <prantzecunque
1022 2392 1093 2427 illa»
1112 2392 1237 2431 forent,
1255 2401 1325 2424 non
1340 2389 1618 2425 contrahendum
1645 2401 1723 2425 esse
1751 2391 1908 2425 animum
1927 2403 1934 2432 ;
1970 2390 2051 2437 quin

425 2459 520 2490 tanto
540 2456 655 2501 magis
675 2455 777 2490 etiam
810 2456 852 2490 de
884 2456 1101 2502 benignitate
1122 2455 1239 2489 divina
1271 2454 1528 2495 confidemlum,
1563 2456 1691 2500 quanto
1725 2453 1837 2489 minus
1866 2453 2050 2499 minusque

426 2529 522 2554 curce
542 2518 675 2555 homini
694 2530 767 2555 sure
786 2521 819 2556 et
837 2518 1021 2555 industri-ce
1041 2529 1137 2565 spem
1155 2518 1319 2555 facerent.
1343 2517 1395 2553 De
1410 2528 1493 2553 cura
1519 2516 1741 2553 minimorum
1769 2527 1846 2563 quae
1871 2515 2048 2563 sapienter
