2184 2953
244 379 308 408 1658

296 860 329 888 32

239 898 388 927 Pinscensis

240 939 352 973 Collegii

239 979 335 1005 status.

239 1017 388 1046 P.Gzovski

238 1057 364 1091 elogium.

290 1917 323 1945 33

232 1964 264 1991 Ρ.
277 1964 378 1991 Bened.

234 2004 266 2030 dc
280 2005 345 2031 Soxo

231 2044 345 2070 Antver-

231 2083 280 2116 piae
294 2082 345 2108 Do-

232 2124 288 2148 ctor
299 2131 355 2149 aca-

231 2160 346 2187 demicus

231 2202 258 2226 et
270 2203 355 2228 rector

231 2239 367 2267 Vilnensis

230 2278 352 2313 Collegii.

412 280 472 314 386
798 283 1073 316 LITUANICARUM
1096 285 1307 316 SOCIETATIS
1328 285 1415 316 JESU
1435 285 1688 317 HISTORIARUM

414 373 451 408 in
476 373 555 410 aliis
582 374 686 411 rebus
711 376 873 423 publicis,
895 382 988 414 esset
1020 377 1238 414 sustinenda.
1262 378 1380 414 Sensit
1402 378 1463 414 illa
1482 391 1599 426 porro,
1621 391 1725 426 quam
1751 380 1948 426 perniciosa
1966 381 2033 416 sibi

414 435 504 472 foret
521 438 717 474 communio
736 451 814 475 cum
833 440 899 476 hoc
925 441 1125 476 mortalium
1143 452 1286 487 genere,
1308 445 1381 476 tum
1399 446 1542 489 propter
1560 442 1775 489 impietatem
1795 444 2033 490 probrosaque

414 498 448 533 in
470 499 582 535 Deum
604 501 791 538 maledicta
814 504 1013 544 execrabili,
1035 507 1108 538 tum
1131 504 1175 539 ob
1188 503 1331 539 fraudes
1351 507 1385 539 et
1404 504 1621 540 clandestina
1639 516 1717 539 cum
1735 505 1814 540 aliis
1841 506 2030 548 haereticis,

414 561 627 598 Polonorum
652 564 824 606 hostibus,
849 565 885 601 in
903 566 1024 612 primis
1055 566 1190 607 Suecis,
1220 566 1428 601 commercia
1447 566 1624 612 pestifero.
1656 566 1854 602 Constituta
1884 567 2034 613 primum

414 623 553 660 decreto
572 626 607 661 in
631 637 750 662 omnes
765 628 906 663 Arianae
921 628 1105 674 impietatis
1124 628 1284 663 homines
1303 639 1409 674 poena
1428 629 1564 675 capitis,
1583 632 1617 664 et
1631 629 1803 663 bonorum
1821 628 2007 675 publicatio
2023 642 2030 671 ;

412 686 539 723 deinde
561 689 666 736 hujus
694 690 797 725 edicti
824 691 938 737 gratia
969 692 1074 733 facta,
1108 694 1301 738 prorogato
1328 691 1502 733 triennio;
1533 703 1600 737 quo
1624 692 1790 737 temporis
1825 692 1952 738 spatio,
1975 692 2033 738 qui

412 751 642 798 resipuissent
661 753 813 799 quidem,
840 754 988 801 integris
1003 754 1108 790 rebus
1131 753 1204 789 suis
1223 758 1445 789 remanerent
1462 767 1468 789 1
1493 754 1690 800 pertinaces
1710 766 1806 796 vero,
1827 754 1942 790 fundis
1961 755 2033 789 suis

412 813 613 857 divenditis,
636 816 856 851 excederent.

463 878 581 914 Pinsci
613 891 669 914 res
706 880 828 914 domus
855 879 1034 926 paulisper
1061 880 1264 915 convaluit:
1287 883 1428 914 auctum
1455 877 1648 924 Collegium
1680 879 1804 925 viginti
1839 884 1874 914 et
1900 879 2034 915 duobus

412 940 664 982 sacerdotibus,
686 946 762 977 octo
777 942 995 989 adjutoribus
1014 943 1222 978 domesticis.
1246 942 1301 977 Ex
1317 943 1383 977 hoc
1398 952 1542 976 numero
1557 941 1717 976 sublatus
1736 944 1846 977 morte
1860 942 2030 988 magister

411 1003 558 1038 Patrum
573 1004 753 1051 juniorum
771 1005 911 1040 tertium
929 1005 1187 1051 probandorum
1209 1005 1400 1040 Matthaeus
1415 1004 1626 1045 Gzovskius,
1658 1004 1849 1045 Masovita,
1872 1004 1954 1039 olim
1977 1004 2032 1040 vel

411 1065 644 1112 philosophiae
664 1066 718 1101 vel
746 1067 934 1113 theologice
948 1068 1137 1114 professor,
1160 1067 1286 1103 deinde
1304 1070 1420 1102 rector
1441 1066 1563 1101 domus
1582 1066 1704 1112 primae
1720 1070 1754 1102 et
1773 1068 1935 1103 secundae
1954 1079 2033 1113 pro-

411 1128 562 1163 bationis
597 1130 823 1171 sexennium;
845 1130 926 1165 inde
952 1129 1133 1177 praepositi
1166 1128 1390 1175 provincialis
1410 1130 1552 1171 Socius;
1575 1129 1724 1176 denique
1753 1131 1942 1166 instructor
1961 1132 2029 1166 Pa-

408 1193 499 1225 trum
526 1191 638 1237 spatio
657 1192 840 1227 trimestri.
862 1192 979 1227 Etiam
992 1193 1066 1228 vita
1084 1204 1149 1228 sua
1168 1193 1348 1234 virtutum,
1368 1195 1530 1229 candoris
1550 1195 1585 1229 in
1605 1196 1738 1242 primis,
1756 1196 1976 1238 humilitatis,
1995 1200 2030 1232 et

407 1253 564 1288 caritatis
592 1265 678 1300 erga
698 1254 810 1289 Deum
837 1254 992 1290 incensae
1010 1259 1215 1302 perpetuum
1234 1255 1299 1290 fuit
1321 1257 1565 1303 magisterium
1592 1269 1654 1304 per
1672 1258 1842 1304 exempla.
1862 1259 2030 1294 Meditari

407 1315 449 1350 de
464 1314 590 1350 divinis
610 1316 789 1362 occupatio
809 1316 875 1351 sibi
893 1321 968 1353 erat
983 1318 1137 1352 omnium
1151 1318 1443 1364 jucundisssima3
1461 1320 1506 1354 ad
1522 1331 1625 1365 quam
1644 1323 1749 1355 noctu
1765 1321 1870 1356 etiam
1887 1324 1923 1355 ut
1939 1321 2029 1367 vigi-

406 1375 508 1417 laret,
526 1377 622 1412 humi
637 1381 698 1413 aut
712 1378 746 1413 in
762 1379 848 1425 ipsis
863 1383 992 1415 stratus
1012 1380 1190 1415 asseribus
1205 1381 1369 1426 captabat
1387 1393 1547 1417 somnum
1562 1382 1721 1429 carptim.
1738 1382 1887 1418 Suorum
1903 1394 2027 1418 censor

407 1450 542 1474 morum
561 1451 717 1482 severus,
734 1452 862 1486 parvos
877 1442 983 1477 etiam
1002 1454 1120 1478 naevos
1147 1444 1264 1479 multis
1297 1445 1425 1490 poenis,
1447 1445 1608 1492 flagellis,
1625 1446 1795 1481 catenulis
1818 1446 1955 1487 ferreis,
1972 1457 2027 1481 sa-

408 1503 480 1550 guli
499 1503 689 1550 asperitate
716 1504 858 1545 cilicini,
890 1505 1006 1540 inedia
1037 1506 1184 1548 diutina,
1207 1507 1417 1553 castigabat.
1447 1509 1576 1543 Amore
1603 1508 1667 1543 Dei
1694 1508 1818 1544 ardere
1843 1508 2028 1544 videbatur

407 1569 575 1612 perpetuo
599 1570 633 1601 et
658 1566 788 1602 lucere.
810 1567 967 1602 Narrant
991 1568 1033 1602 de
1064 1570 1149 1605 visis
1169 1571 1379 1617 quibusdam
1407 1571 1498 1605 datis
1517 1571 1599 1606 huic
1618 1571 1805 1613 divinitus3
1823 1570 2029 1617 apparuisse

407 1631 502 1672 olim,
523 1635 596 1667 tum
626 1642 734 1677 puero
766 1631 820 1666 illi
846 1632 1007 1675 decenni,
1029 1636 1202 1667 mortuum
1221 1637 1403 1679 parentem
1430 1645 1543 1673 suum,
1562 1633 1810 1668 circumfusum
1841 1632 2028 1679 splendore

406 1694 558 1736 coelesti;
575 1698 648 1729 tum
664 1694 838 1730 sacerdoti
851 1695 928 1741 jam
944 1696 1161 1731 sacerdotem
1176 1708 1194 1731 e
1210 1696 1386 1732 Societate
1398 1696 1611 1738 defunctum,
1624 1697 1752 1743 diuque
1767 1708 1844 1731 cum
1858 1696 2028 1732 Mattliaeo

405 1756 513 1791 fuisse
544 1755 778 1791 collocutum:
797 1756 947 1791 eundem
973 1757 1204 1803 quadriennio
1234 1764 1317 1794 ante
1346 1759 1517 1794 Vilnense
1536 1759 1743 1806 praedixisse
1772 1759 1956 1800 excidium,
1977 1760 2029 1794 fu-

403 1829 554 1865 gamque
585 1818 787 1861 Sociorum;
815 1818 891 1854 haec
922 1823 1026 1866 atque
1053 1820 1123 1856 alia
1144 1832 1166 1856 a
1195 1833 1232 1857 se
1266 1822 1505 1869 praenuntiata
1544 1821 1718 1858 evenisse.
1759 1821 1888 1857 Vivere
1924 1821 2027 1857 desiit

406 1881 484 1916 idus
510 1881 724 1917 decembres.

458 1944 625 1992 Ejusdem
644 1944 774 1980 mensis
804 1945 936 1980 decimo
973 1946 1092 1992 quinto
1117 1945 1189 1981 kal.
1220 1946 1405 1992 januarias
1435 1950 1592 1981 mortuus
1630 1945 1834 1993 Antverpiae
1847 1946 1888 1982 P.
1918 1946 2031 1981 Bene-

407 2005 519 2042 dictus
538 2007 580 2043 de
611 2008 718 2048 Soxo,
736 2007 931 2054 Hispanus,
953 2020 972 2043 e
990 2008 1130 2044 civitate
1150 2008 1375 2044 Granatensi.
1397 2008 1580 2044 Annorum
1607 2009 1805 2055 quindecim
1825 2008 2030 2044 adolescens

405 2069 441 2104 in
461 2067 626 2105 Ordinem
646 2070 826 2105 Sociorum
842 2074 1025 2116 cooptatus
1040 2082 1132 2106 anno
1152 2071 1257 2106 1602.
1277 2071 1365 2106 Post
1380 2072 1590 2118 eloquentiae
1605 2076 1639 2108 et
1654 2072 1888 2119 philosophice
1900 2072 2029 2118 magis-

403 2132 502 2173 teria,
519 2132 594 2178 jam
612 2132 803 2179 theologiae
830 2133 1020 2180 professor,
1043 2144 1064 2168 a
1092 2133 1251 2180 generali
1270 2133 1456 2169 Societatis
1483 2135 1673 2181 praeposito
1700 2135 1814 2170 Mutio
1838 2134 2028 2170 Vitellesco

402 2193 528 2228 missus
547 2194 582 2228 in
610 2195 824 2230 Lituaniam.
846 2195 1019 2241 Acceptus
1042 2196 1078 2230 in
1102 2196 1298 2242 Collegium
1321 2195 1572 2237 academicum,
1596 2200 1809 2243 ornatusque
1836 2196 2030 2242 magisterii

403 2255 615 2302 insignibus,
642 2258 843 2293 octennium
870 2257 1049 2304 professus
1077 2262 1130 2293 est
1156 2258 1372 2304 theologiam
1397 2269 1403 2292 ε
1430 2258 1572 2294 vicenos
1596 2258 1722 2294 deinde
1753 2269 1863 2293 annos
1891 2258 2031 2304 praefuit

403 2318 603 2354 Academia}
625 2319 937 2365 procancellarius‚
960 2319 1085 2356 deinde
1102 2320 1207 2355 etiam
1232 2324 1347 2356 rector
1365 2320 1466 2367 (circa
1485 2333 1612 2356 annum
1635 2321 1752 2367 1646).
1775 2321 1839 2355 Vir
1858 2320 2028 2355 doctrinae

402 2381 533 2428 pariter
547 2392 587 2416 ac
606 2382 845 2416 sanctimonia}
864 2382 1071 2428 exemplum.
1096 2383 1250 2418 Comitiis
1281 2383 1411 2418 nostris
1438 2383 1713 2429 provincialibus
1734 2383 1879 2424 electus,
1902 2383 2027 2418 Romae

401 2456 423 2479 a
438 2444 596 2479 Lituanis
611 2443 768 2479 interfuit
785 2444 1064 2491 Congrcgationi
1083 2445 1170 2480 VIII
1187 2445 1359 2492 generali.
1382 2446 1468 2482 Inde
1486 2447 1628 2482 Vilnam
1643 2447 1754 2483 redux
1777 2445 1907 2481 tentari
1925 2445 2032 2492 coepit

403 2507 558 2555 paralysi
576 2511 610 2544 et
628 2507 703 2543 aliis
722 2507 912 2544 senectutis
936 2507 1175 2544 incommodis.
1198 2508 1302 2544 Anno
1326 2509 1432 2551 1655,
1452 2509 1659 2546 Moscovitis
1683 2510 1890 2546 Vilnensem
1909 2508 2029 2544 civita-
