2184 2953
241 402 251 428 1
258 402 305 428 568

411 304 452 335 24
780 303 1054 333 LITUANICARUM
1078 303 1290 334 SOCIETATIS
1311 303 1395 333 JESU
1418 303 1669 332 HISTORIARUM

462 395 561 435 Inde,
601 395 699 441 quasi
733 395 841 442 longa
872 407 915 431 ex
948 396 1174 442 navigatione
1205 408 1245 431 ac
1276 398 1483 442 tempestate
1518 395 1554 430 in
1593 393 1818 440 tranquillum
1852 396 2033 437 tutumque

412 461 572 504 receptus
590 461 742 504 portum,
759 458 932 504 respicere
946 462 1061 492 mente
1076 470 1117 493 ac
1136 457 1290 494 remetiri
1308 457 1447 497 itinera,
1465 460 1583 503 totque
1601 460 1671 491 tam
1686 467 1827 501 magna,
1844 458 1916 489 tam
1930 453 2032 488 facile

413 523 578 566 superata
608 532 627 554 a
664 531 701 555 se
735 520 914 566 pericula:
955 519 1123 554 admirari
1141 519 1393 565 benignitatem
1428 519 1593 559 divinam,
1629 522 1663 553 et
1693 518 1738 552 ad
1765 515 2032 552 collaudandam

413 582 525 617 socios
544 582 703 628 precibus
722 582 882 617 invitare.
897 582 954 617 Sic
973 582 1089 616 animo
1109 586 1185 616 erat
1199 581 1325 616 affecto
1347 593 1391 616 ex
1420 581 1480 615 1110
1513 581 1677 626 deinceps
1706 584 1876 625 tempore,
1906 581 1943 612 ut
1970 576 2034 611 sibi

241 650 321 676 Amor
349 649 388 675 in·
408 645 483 691 jam
502 648 662 691 acceptus
676 645 711 678 in
734 644 860 679 coelum
882 644 1073 678 videretur.
1102 644 1222 678 Prima
1237 655 1273 678 se
1289 644 1406 678 statim
1418 643 1561 678 incessit
1579 654 1663 678 cura
1679 642 1828 677 instituti
1847 639 2033 676 Societatis

243 689 344 715 stituti.

241 895 358 922 Novitiis

243 935 389 962 imitandus

244 983 307 1008 prop
311 983 342 1001 on
347 975 368 1001 i-

242 1017 293 1041 tur.

243 1495 373 1521 Modestia

241 1537 267 1561 et
281 1535 357 1561 ardor
366 1543 391 1561 a-

242 1574 315 1601 nimi.

242 1867 389 1894 Humilitas

242 1908 268 1932 et
288 1907 389 1934 vexatio

242 1954 290 1973 sul.

413 707 662 752 cognoscendi,
684 706 729 740 ad
748 707 847 752 cujus
865 707 963 752 leges
983 707 1139 752 exigeret
1157 718 1217 740 sua
1236 705 1352 740 omnia
1370 718 1377 746 ;
1413 717 1454 740 eo
1473 704 1618 740 consilio
1637 703 1871 739 communium
1895 701 2032 748 regula-

414 780 489 804 rum
517 769 645 815 capita,
666 768 882 814 inspicienda
901 780 918 802 a
934 780 970 803 se
987 768 1189 808 identidem,
1211 767 1412 814 perscripsit
1430 771 1603 802 accurate.
1632 766 1680 801 At
1702 765 1761 800 ille
1787 769 1861 800 tum
1892 764 1964 799 suis
1998 775 2034 799 se

415 831 581 877 pingebat
611 831 802 871 litterulis;
840 830 890 865 sic
924 831 965 865 ad
992 831 1060 865 ista
1087 831 1162 876 jam
1189 830 1271 864 olim
1306 830 1423 864 divino
1455 830 1634 865 institutus
1648 828 1863 874 magisterio,
1886 831 1936 869 ut,
1958 838 2036 873 quae

415 893 593 933 scriberet,
610 893 685 939 jam
703 892 775 927 suis
806 892 843 926 in
861 893 1015 927 moribus
1045 903 1212 938 expressa
1245 896 1482 927 cernerentur.
1501 891 1735 926 Pervidebant
1760 890 1796 924 id
1821 892 2035 935 spectatores

414 966 617 1001 morumque
644 966 805 990 censores
839 955 1008 1001 praesides
1041 955 1124 995 sui;
1165 958 1266 1000 atque
1294 954 1387 988 hunc
1420 954 1471 988 illi
1499 953 1754 988 observandum
1785 951 1971 997 diligenter
2003 954 2037 986 et

413 1017 619 1052 imitandum
647 1017 889 1063 proponebant
904 1017 1089 1051 tironibus.
1113 1016 1299 1051 Trifariam
1314 1016 1462 1050 divisum
1477 1019 1553 1051 erat
1567 1016 1692 1050 Romae
1708 1014 1918 1049 novitiorum
1934 1013 2035 1048 soda-

413 1079 546 1113 litium:
569 1090 651 1125 pars
668 1078 704 1113 in
723 1079 896 1113 domicilio
916 1079 1165 1125 professorum,
1183 1089 1265 1124 pars
1280 1078 1316 1112 in
1337 1078 1492 1124 Collegio
1520 1077 1744 1118 scholastico,
1766 1088 1848 1123 pars
1876 1076 1952 1111 loco
1972 1087 2035 1110 suo

413 1141 449 1175 in
467 1144 583 1175 monte
603 1140 744 1175 Cavallo
764 1141 808 1175 ad
827 1141 940 1176 aedem
958 1140 1110 1175 Andreae
1128 1140 1302 1187 Apostoli,
1325 1140 1566 1175 imbuebantur
1587 1140 1764 1184 religiosae
1782 1139 1863 1173 vitae
1897 1138 2034 1173 studiis.

414 1203 455 1237 In
483 1202 631 1248 singulis
663 1202 913 1249 aliquantisper
944 1203 1159 1238 Stanislaum
1191 1203 1398 1237 commorari
1428 1202 1604 1248 oportuit;
1638 1202 1743 1247 idque
1778 1212 1817 1236 eo
1845 1200 2036 1247 praesidum

414 1264 574 1304 consilio,
598 1268 635 1298 ut
654 1264 776 1299 existo
796 1264 989 1310 perillustri
1010 1265 1201 1311 exemplari
1234 1276 1452 1310 unaquaeque
1482 1264 1658 1315 Sodalitas
1677 1275 1812 1298 morum
1838 1267 1873 1298 et
1899 1262 2038 1309 pietatis

414 1330 553 1372 caperet
571 1327 799 1362 documenta:
818 1327 923 1368 Nam,
941 1328 1077 1362 tametsi
1091 1328 1126 1361 in
1146 1327 1291 1373 egregia
1310 1326 1371 1361 illa
1389 1326 1507 1361 sobole
1525 1326 1648 1361 eadem
1665 1337 1785 1361 omnes
1805 1330 1898 1361 recte
1918 1326 2038 1360 actita-

414 1392 506 1430 rent,
523 1400 563 1423 ac
577 1400 640 1435 pro
659 1400 696 1424 se
714 1389 860 1435 quisque
879 1393 1080 1435 satagerent
1098 1402 1105 1430 ;
1127 1389 1314 1424 discrimen
1332 1393 1451 1423 tamen
1469 1388 1505 1422 in
1523 1388 1655 1423 eisdem
1675 1392 1751 1423 erat
1768 1387 1983 1434 praecipuum
2003 1392 2037 1423 et

417 1451 582 1498 splendor
599 1451 740 1497 quidam
758 1452 879 1493 mirus,
898 1464 976 1498 quae
995 1452 1051 1487 hic
1079 1456 1219 1498 gereret
1249 1452 1490 1486 communiter.
1522 1451 1822 1490 Quemadmodum
1850 1451 1974 1492 oratio,
2009 1451 2037 1485 si

416 1526 519 1560 quam
536 1514 574 1549 in
591 1526 759 1550 consessu
791 1518 953 1549 narrator
984 1514 1198 1561 percurristi,
1232 1526 1251 1549 e
1282 1514 1462 1560 superiore
1483 1514 1559 1548 loco
1587 1518 1719 1553 orator,
1753 1513 1843 1559 legis
1868 1518 1903 1549 et
1921 1513 2036 1548 decori

414 1576 604 1612 observans
623 1576 747 1615 omnis,
769 1577 985 1623 pronunties,
1008 1576 1086 1622 plus
1105 1577 1212 1611 habet
1230 1576 1318 1611 lucis
1337 1575 1398 1610 illa
1417 1580 1451 1610 et
1469 1576 1590 1622 gratia}
1605 1588 1611 1610 :
1626 1576 1675 1611 ita
1690 1576 1725 1610 in
1739 1576 1843 1621 hujus
1862 1575 2032 1616 oratione,

415 1643 494 1673 actu
525 1642 559 1673 et
589 1643 691 1684 gestu
719 1639 811 1673 0111111
843 1639 948 1674 decus
981 1639 1094 1673 inerat
1123 1638 1236 1683 magis
1265 1638 1501 1684 conspicuum,
1523 1642 1557 1673 et
1575 1638 1636 1672 lux
1663 1637 1866 1683 singularis.
1889 1637 1928 1671 Id
1954 1649 2037 1672 vero

415 1701 496 1736 huic
527 1701 691 1736 afflabant
714 1702 884 1736 maxime:
908 1713 1006 1736 amor
1038 1700 1103 1736 Dei
1135 1701 1262 1735 ardens
1293 1704 1327 1735 et
1361 1700 1497 1734 illibata
1524 1700 1649 1734 mentis
1675 1699 1911 1746 pulchritudo.
1946 1700 2038 1734 Hinc

416 1774 552 1809 quoque
571 1763 633 1798 illa
652 1768 816 1798 constans
837 1764 956 1798 vultus
975 1763 1162 1798 amoenitas
1184 1775 1190 1797 t
1214 1762 1294 1797 hinc
1312 1762 1347 1796 in
1366 1762 1459 1796 0111111
1478 1762 1615 1796 actione
1630 1761 1734 1796 ardor
1749 1761 1867 1803 animi,
1886 1762 2038 1807 pruden-

417 1825 467 1860 tia
485 1825 724 1871 modestiaque
743 1830 976 1872 temperatus:
995 1825 1076 1859 hinc
1094 1825 1252 1864 comitas,
1271 1828 1305 1859 et
1320 1824 1488 1858 sermonis
1502 1824 1600 1870 lepor
1618 1824 1790 1858 amabilis.

468 1888 618 1922 Odiosus
637 1888 775 1923 interim
795 1888 859 1923 sibi
879 1892 955 1923 erat
985 1888 1085 1928 adeO,
1121 1891 1158 1921 ut
1189 1899 1225 1921 se
1252 1887 1286 1921 in
1318 1886 1550 1920 humilitatem
1578 1886 1871 1932 asperitatemque
1902 1897 2039 1921 omnem

416 1949 590 1995 abjectum
610 1950 689 1985 iret.
711 1951 862 1985 Torrere
882 1950 1003 1996 flagris
1028 1954 1178 1995 tergum,
1212 1948 1334 1983 ferreis
1359 1948 1512 1993 succingi
1540 1947 1723 1989 catenulis,
1757 1948 1849 1982 hirta
1871 1948 2040 1983 subucula

417 2012 553 2058 corpori
568 2024 664 2058 aegre
683 2012 809 2053 facere,
832 2024 990 2047 somnum
1008 2012 1044 2046 in
1063 2012 1149 2046 duro
1185 2022 1323 2056 capere,
1355 2021 1461 2055 parce
1494 2010 1599 2049 vesci,
1634 2010 1813 2056 ipsamque
1833 2010 1918 2045 cibis
1937 2011 2038 2044 obso-

417 2084 502 2108 nare
520 2074 659 2114 famem,
681 2074 827 2109 humilia
847 2074 950 2109 sociis
979 2078 1083 2119 atque
1115 2072 1316 2118 coquinaria
1343 2075 1511 2117 praestare
1539 2071 1665 2111 officia,
1698 2072 1742 2106 ad
1763 2071 1868 2117 pedes
1892 2071 2039 2106 fratrum

418 2135 530 2181 abjici,
552 2135 708 2171 laborem
727 2140 761 2171 et
780 2136 932 2182 inopiam
952 2135 1117 2175 tolerare,
1138 2135 1215 2170 leve
1233 2146 1275 2169 ac
1306 2133 1478 2168 familiare
1506 2133 1571 2168 sibi
1597 2133 1805 2173 videbatur;
1837 2132 2033 2168 durioribus

417 2197 537 2238 etiam,
555 2206 657 2244 quam
672 2198 739 2233 ista
757 2198 883 2239 forent,
906 2198 955 2232 uti
974 2200 1206 2237 exerceretur,
1233 2196 1402 2242 praesides
1417 2196 1605 2241 rogitabat.
1628 2196 1680 2231 De
1697 2195 1858 2230 laudibus
1877 2196 1948 2230 suis
1975 2199 2036 2230 aut

416 2260 470 2294 sui
486 2259 643 2294 claritate
662 2260 802 2305 generis
818 2259 951 2294 nullum
971 2271 1165 2294 sermonem
1180 2262 1318 2304 poterat
1336 2258 1522 2293 sustinere.
1537 2258 1573 2293 Si
1593 2258 1675 2304 quid
1692 2257 1817 2292 horum
1831 2257 2030 2299 inferretur,

414 2321 617 2356 laudatores
648 2322 717 2356 alio
750 2322 835 2357 scite
860 2322 1113 2367 detorquebat:
1149 2320 1291 2366 objectis
1319 2320 1481 2361 maxime,
1516 2332 1594 2366 quae
1626 2320 1690 2354 Dei
1721 2319 1973 2365 benignitatem
2001 2323 2035 2354 et

418 2394 568 2418 amorem
587 2384 883 2419 commendarent.
906 2384 1087 2419 Reversus
1105 2383 1244 2418 Vienna
1257 2383 1420 2423 Romam,
1451 2381 1636 2416 cardinalis
1653 2382 1673 2416 J
1679 2393 1810 2417 oannes
1826 2382 2034 2416 Franciscus

416 2445 696 2481 Commendonus
727 2446 841 2481 visere
877 2447 973 2482 venit
1008 2432 1243 2481 Stanislaum:
1266 2444 1338 2485 ille,
1374 2448 1412 2480 ut
1443 2447 1518 2480 erat
1549 2444 1584 2478 in
1612 2444 1803 2479 ministerio
1831 2444 2032 2490 coquinario

418 2508 629 2549 sordidatus,
651 2508 718 2543 hoc
736 2512 837 2554 pacto
857 2508 1003 2544 daturus
1022 2519 1059 2543 se
1078 2508 1114 2542 in
1133 2507 1308 2547 ruborem,
1330 2511 1426 2542 recta
1444 2507 1487 2541 ad
1507 2506 1708 2552 principem.
1731 2506 1871 2542 Amavit
1891 2506 2031 2551 juvenis
