2184 2953
259 401 323 428 1613

256 1036 367 1063 Carolus

255 1076 352 1102 Suecus

254 1115 380 1148 princeps

254 1154 349 1188 captus
388 1163 404 1181 a

257 1193 359 1219 Polonis

253 1230 369 1257 dimitti-

253 1272 306 1296 tur.

315 1315 346 1341 16

252 1360 378 1387 Leoman-

252 1409 301 1428 nus
320 1401 401 1428 Sociis

253 1441 371 1468 restitui-

252 1480 304 1507 tur.

429 304 488 335 236
816 305 1087 335 LITUANICARUM
1113 304 1322 332 SOCIETA'rls
1344 304 1428 333 JEsU
1455 305 1704 333 nlsToRlARUM

435 412 449 426 α
471 397 586 434 adhuc
608 398 762 444 egissent
780 398 880 439 nihil,
899 399 1016 443 itaque
1035 396 1103 442 ipsi
1121 396 1321 430 mortalium
1341 400 1457 431 essent
1488 396 1717 442 ignavissimi,
1735 397 1860 432 acerbe
1882 401 2051 444 tyrannus

435 475 450 489 a
473 461 704 506 querebatur-3
725 460 875 495 maxime
903 459 994 505 quod
1020 457 1187 492 leviorem
1214 458 1285 491 suis
1306 457 1451 497 civibus,
1471 469 1573 502 quam
1600 470 1661 503 pro
1682 458 1756 503 ejus
1784 457 1877 499 odio,
1905 459 2046 493 calami-

433 537 448 550 ⁶c
472 510 579 557 tatem
607 523 818 558 intulissent.
849 522 946 556 Mala
978 531 1080 567 porro
1109 520 1137 553 si
1165 530 1383 565 exaggerare
1410 520 1603 553 accuratius
1623 519 1786 566 deinceps
1813 521 2046 566 perrexerint,

432 600 447 613 κ
470 584 700 631 pollicebatur
719 585 916 631 voluptates
936 582 1079 618 infinitis
1107 582 1263 628 partibus
1291 583 1440 628 majores
1467 583 1548 623 illis,
1572 595 1658 629 quas
1684 595 1746 629 pro
1774 584 1859 625 suis,
1890 586 2052 621 maximis

433 662 448 676 a
470 647 587 688 etiam,
609 648 743 682 meritis
759 650 940 693 sperarent
952 645 1148 680 christiani.
1174 662 1188 676 n
1210 644 1433 690 Interrogati,
1453 656 1514 679 cur
1534 657 1603 679 non
1632 646 1667 679 in
1688 646 1939 681 catholicorum
1966 651 2050 682 tem-

428 709 494 755 plis
535 721 616 744 suos
649 709 804 743 facerent
839 711 1042 748 conventus,
1081 706 1338 752 responderunt
1369 706 1426 753 (1):
1464 707 1643 752 prohiberi
1668 718 1704 742 se
1732 706 1896 752 ingressu
1926 707 2054 743 virtute

429 771 555 806 hostiae
573 770 714 811 divin-ee,
736 773 895 815 respectu
927 769 1058 803 ossium
1094 781 1172 815 quae
1204 781 1266 815 pro
1299 770 1408 804 sacris
1444 771 1615 805 haberent
1642 771 1818 812 catholici,
1840 777 1944 818 atque
1972 773 2055 808 hinc

429 835 574 869 horrore
589 834 738 880 quodam
758 844 869 868 sacro.
890 833 1045 871 Quarum
1066 844 1182 867 rerum
1201 832 1289 867 nihil
1311 844 1387 868 esse
1416 834 1450 868 in
1470 834 1714 875 lutheranicis‚
1736 835 1886 880 aliisque
1913 835 2054 882 religio—

429 909 510 932 num
524 896 754 931 consimilium
768 895 880 935 fanis;
904 906 1011 940 quare
1028 907 1095 929 non
1116 897 1229 930 arceri
1257 907 1294 931 se
1313 896 1395 937 illis,
1417 897 1498 942 quin
1519 896 1565 931 ad
1583 909 1625 932 ea
1649 897 1789 932 invitari
1808 898 1913 932 etiam
1929 899 2053 944 quibus

428 959 545 994 nescio
565 958 747 993 illecebris.
780 958 851 992 Ista
869 968 1011 991 suorum
1032 957 1233 1003 gregalium
1253 957 1425 993 confessio
1440 958 1669 993 lutheranicis
1689 960 1838 995 maxime
1856 960 2053 997 hominibus

429 1020 664 1067 praedicanda}
704 1024 809 1053 sectae
845 1018 961 1053 attulit
995 1020 1255 1055 verecundiam.
1294 1020 1418 1056 Mense
1447 1021 1551 1067 hujus
1581 1022 1665 1056 anni
1693 1022 1880 1062 decembri,
1908 1023 2053 1058 Carolus

431 1083 559 1123 Caroli,
579 1082 769 1116 Suecorum
784 1081 894 1121 (111613,
911 1080 1018 1121 filius,
1037 1093 1148 1116 annos
1164 1087 1297 1129 septem
1312 1083 1348 1117 in
1368 1083 1515 1118 Polonia
1535 1083 1692 1129 captivus
1707 1084 1836 1125 adhuc,
1857 1096 1897 1119 ac
1913 1084 2051 1120 demum

432 1145 552 1185 redux,
573 1144 703 1190 Rigam
718 1144 824 1178 venit.
844 1143 1036 1189 Collegium
1057 1144 1116 1179 ille
1132 1144 1166 1178 in
1182 1145 1301 1190 primis
1324 1150 1481 1180 nostrum
1509 1146 1601 1185 visit,
1620 1147 1742 1192 suique
1757 1147 1914 1182 obsidem
1930 1148 2053 1194 capitis

432 1208 471 1242 P.
507 1207 685 1242 Andrean]
718 1206 972 1246 Leomannum‚
1007 1210 1086 1241 ante
1111 1215 1242 1252 septem
1262 1219 1373 1242 annos
1410 1208 1640 1253 Dorpatensis
1671 1209 1858 1243 Rectorem
1889 1209 2049 1256 Collegii‚

430 1269 601 1304 visitatori
616 1268 804 1319 provinciae
823 1268 1031 1308 Lituanicae,
1049 1268 1070 1302 J
1075 1268 1180 1303 oanni
1198 1268 1368 1314 Argeum,
1390 1270 1492 1305 laetus
1511 1271 1585 1316 ipso
1604 1271 1766 1306 libertate
1786 1282 1862 1311 sua,
1884 1272 2048 1307 restituit.

480 1331 625 1377 Excepit
645 1334 828 1376 utrumque
856 1331 892 1364 in
918 1330 1117 1365 libertatem
1135 1336 1308 1366 assertum
1336 1332 1526 1377 gratulatio
1546 1346 1553 1373 ;
1576 1333 1652 1367 haec
1681 1345 1748 1367 non
1778 1333 1922 1379 perinde
1949 1338 2052 1380 grata

429 1394 492 1429 fuit
520 1394 562 1429 P.
587 1393 739 1428 Andreae
762 1405 768 1427 :
791 1393 845 1427 cui
872 1392 1018 1433 scilicet,
1040 1392 1121 1427 vitae
1139 1393 1175 1427 in
1203 1405 1244 1428 ea
1262 1405 1369 1428 causa
1396 1395 1649 1440 profundendae
1669 1394 1805 1441 cupido,
1833 1395 1894 1430 illa
1913 1396 2051 1431 vincula

430 1456 583 1496 Sueffica,
601 1455 726 1501 quibus
741 1455 880 1495 collum,
898 1466 1035 1495 manus,
1052 1455 1228 1501 pedesque
1243 1456 1436 1491 attrivisset
1454 1470 1461 1497 ;
1484 1457 1542 1491 ille
1558 1457 1701 1503 squalor
1716 1469 1907 1499 carcerum,
1926 1470 2050 1493 {erum-

428 1531 495 1559 nae,
516 1521 702 1558 tormenta,
728 1517 852 1562 quibus
871 1516 916 1551 ad
935 1517 1181 1552 haereticorum
1205 1522 1335 1552 sectam
1355 1518 1486 1554 frustra
1509 1524 1708 1565 cogeretur,
1730 1520 1892 1555 libertate
1906 1521 2052 1568 ipsaque

425 1593 532 1616 usura
551 1581 638 1615 lucis
654 1579 865 1627 jucundiora
881 1580 992 1614 Deum
1024 1580 1155 1614 amanti
1172 1580 1316 1615 fuerint.
1343 1581 1478 1627 Raptus
1506 1582 1571 1616 fuit
1589 1582 1628 1616 P.
1657 1582 1818 1617 Andreas
1839 1583 1881 1618 de
1901 1585 2052 1620 statione

423 1644 616 1685 Veudensi,
639 1647 673 1678 et
687 1643 723 1677 in
738 1642 900 1677 Sueciam
916 1642 1086 1677 abductus
1105 1654 1196 1676 anno
1212 1642 1338 1677 abhinc
1354 1644 1511 1689 septimo.
1532 1644 1731 1680 Restitutus
1746 1646 2049 1693 provinciae‚Riga

421 1706 613 1742 translatus
633 1710 685 1740 est
705 1704 894 1739 Polociam.
921 1704 1217 1739 Consuetudinem
1242 1704 1301 1739 ille
1314 1705 1390 1750 jam
1406 1718 1640 1741 {erumnarum
1662 1713 1798 1748 nactus,
1817 1709 1955 1754 quando
1975 1710 2047 1755 qui-

422 1769 512 1809 dem,
530 1768 587 1814 qui
620 1779 657 1802 se
675 1771 831 1807 vexaret,
855 1773 931 1801 erat
950 1778 1067 1807 nemo,
1095 1778 1131 1801 se
1163 1768 1236 1813 ipse
1264 1767 1467 1802 afflictabat.
1486 1768 1635 1809 Memor,
1667 1780 1704 1803 se
1732 1769 1864 1804 tamdiu
1891 1770 1926 1804 in
1954 1771 2048 1805 nuda

421 1831 568 1866 cubasse
585 1831 703 1869 humo,
721 1829 838 1863 induci
859 1840 929 1863 non
949 1833 1100 1874 poterat,
1119 1833 1156 1863 ut
1170 1829 1216 1863 ad
1229 1830 1381 1875 quietem
1397 1833 1513 1864 torum
1531 1830 1733 1865 admitteret
1749 1831 1956 1867 molliorem.
1980 1833 2048 1867 Par

421 1899 496 1928 erat
522 1893 634 1928 victus
661 1892 761 1926 ratio.
784 1892 920 1926 Praeter
938 1891 1066 1925 herbas
1086 1895 1119 1926 et
1138 1891 1301 1937 frigidam
1320 1891 1406 1926 1111111
1438 1891 1577 1926 0111111110
1596 1892 1663 1926 cibi
1682 1897 1853 1939 potusque
1870 1894 2043 1940 capiebat.

421 1955 594 1990 Pestilens
619 1955 685 1989 fuit
703 1953 956 1989 Polocensibus
974 1964 1088 1987 annus
1112 1953 1203 1988 1620
1222 1966 1228 1988 :
1250 1965 1316 1988 uno
1346 1965 1464 1988 01111163
1499 1954 1611 1988 morbi
1639 1966 1768 2000 genere
1800 1956 1892 1990 Socii
1921 1956 2045 2002 viginti

420 2030 562 2053 numero
583 2017 702 2052 afflicti
728 2016 859 2063 pariter
879 2016 1148 2051 decumbebant.
1172 2017 1251 2062 Ipse
1269 2017 1495 2051 Leomannus
1515 2017 1606 2052 iuter
1625 2018 1752 2053 fractos
1780 2019 1929 2065 integer,
1950 2020 2041 2055 idem

420 2080 507 2115 bene
539 2079 660 2114 doctus
687 2078 830 2113 duriora
865 2078 969 2113 etiam
1004 2078 1090 2123 pati,
1126 2079 1285 2113 omnibus
1320 2090 1449 2124 magna
1484 2092 1561 2114 cum
1589 2080 1772 2126 diligentia
1807 2082 2038 2117 ministrabat.

420 2142 461 2176 P.
485 2141 722 2187 Augustinum
749 2141 936 2175 Vivaldum
969 2141 1185 2176 visitatorem
1216 2141 1405 2187 provinciae
1438 2146 1591 2182 secutus,
1627 2143 1747 2177 morbo
1780 2154 1967 2189 oppressus
2004 2144 2040 2178 in

419 2204 542 2238 itinere
561 2214 668 2249 prope
688 2203 812 2237 Orsam
832 2203 952 2248 quinto
980 2203 1057 2237 idus
1075 2203 1303 2249 septembres,
1326 2214 1417 2237 anno
1444 2203 1547 2244 1620,
1566 2204 1682 2238 aetatis
1701 2216 1775 2238 suae
1794 2205 1913 2250 quinto
1932 2216 2038 2251 supra

419 2265 745 2311 quinquagesimum
777 2278 783 2299 :
814 2265 934 2306 multa,
959 2265 1141 2311 religionis
1161 2270 1195 2300 et
1221 2266 1406 2300 charitatis
1430 2277 1549 2306 causa,
1572 2277 1648 2299 cum
1679 2266 1714 2300 in
1737 2266 1871 2301 hostico
1901 2271 1975 2301 tum
2006 2268 2041 2302 in

418 2329 532 2376 patria
551 2334 713 2375 expertus
728 2330 843 2364 heros.
864 2329 1027 2374 Sepultus
1043 2328 1155 2362 Orsae.
1167 2328 1250 2373 Egit
1268 2328 1301 2361 in
1324 2328 1498 2363 Societate
1508 2329 1611 2362 annis
1624 2329 1683 2363 30.
1695 2328 1724 2362 Ε
1744 2328 1890 2374 collegio
1906 2329 2038 2364 Bruns-

418 2391 581 2438 bergensi
601 2391 810 2437 demigravit
841 2391 924 2426 anni
939 2391 1092 2437 ejusdem
1113 2401 1230 2424 mense
1245 2389 1347 2435 aprili
1368 2390 1406 2424 P.
1427 2390 1603 2424 Robertus
1622 2389 1898 2429 Abircrombius,
1921 2402 1978 2430 an,
2000 2396 2038 2426 ut

415 2455 507 2490 hunc
534 2454 845 2499 Brunsbergenses
872 2455 907 2488 111
939 2454 1064 2488 annuis
1099 2454 1170 2488 suis
1204 2453 1397 2494 nominant,
1428 2452 1662 2491 Abocrombii,
1700 2457 1804 2497 gente
1836 2452 1973 2491 Scotus,
2011 2465 2032 2486 :t

456 2525 494 2560 (1)
519 2525 635 2551 ,li-entur
649 2532 661 2550 n
681 2526 783 2558 templo
797 2525 902 2549 :ln-nitu]
925 2523 1022 2550 virtuli·
1036 2530 1123 2550 saci-:¹¹
1140 2523 1236 2550 llosliae
1249 2526 1273 2548 cl
1293 2521 1342 2548 SS.
1364 2519 1552 2556 valquhruru.
