2184 2953
242 402 304 429 1584

253 1332 368 1358 Benevo-

253 1370 337 1398 lentia

253 1410 385 1443 Principis

254 1450 391 1485 coguntur.

258 1643 340 1671 Primi
357 1642 386 1668 in

257 1683 359 1711 colonia.

259 1726 333 1753 Socii.

316 1959 358 1984 21.

265 1998 336 2026 Socii
353 1997 381 2023 in

264 2037 375 2064 Provin-

266 2076 320 2103 cias
332 2075 385 2101 dis-

265 2115 415 2142 trahuntur.

411 299 469 330 116
772 293 1045 324 LITUANICARUM
1069 294 1281 323 SOCIETATIS
1304 294 1389 322 JESU
1414 292 1672 322 HISTORIARUM

414 409 430 423 a
452 391 622 427 urbibus:
643 387 757 424 vereri
776 399 814 422 se
831 391 964 428 tamen,
982 398 1026 421 ne
1040 386 1076 421 in
1094 385 1171 421 istis
1201 385 1347 420 latebris
1370 386 1500 420 bonum
1523 386 1631 420 otium
1659 385 1872 423 conteratur,
1905 386 2034 428 tempe-

414 471 430 485 α
453 458 594 499 stasque
609 453 645 487 in
659 452 726 487 isto
742 463 885 486 suorum
904 449 1032 490 studio,
1055 450 1100 484 ad
1127 449 1296 495 majorem
1326 448 1512 483 utilitatem
1543 448 1672 482 idonea
1699 446 1889 481 omittatur.
1913 445 2038 491 Neque

414 532 429 546 α
451 522 569 552 tamen
599 515 769 550 benevolo
801 513 964 560 principi,
1006 512 1099 558 quod
1144 511 1354 557 postularet,
1388 510 1574 545 Claudium
1621 509 1857 555 Praepositum
1896 508 2042 554 praecise

415 595 431 610 α
452 591 606 627 negare:
629 578 824 625 expeditos,
846 577 1025 622 lectosque
1049 587 1127 611 esse
1155 576 1359 610 sacerdotes
1393 578 1427 609 et
1456 575 1660 620 magistros,
1690 574 1749 619 qui
1773 573 1977 607 Nesvisium
2001 572 2047 607 ad

421 658 436 672 α
459 643 599 689 signum
613 641 782 688 principis
797 639 1003 679 convolent;
1025 641 1186 684 parceret
1201 638 1342 672 interim
1362 638 1437 683 ipse
1457 637 1492 671 in
1512 636 1661 671 aedificia
1680 640 1714 670 et
1730 635 1816 669 alias
1836 646 1893 669 res
1916 635 2048 680 impen-

421 720 436 735 α
459 705 519 745 sis,
537 703 652 750 quoad
662 705 899 749 pertentatum
912 700 1030 742 fuerit,
1042 704 1160 735 utrum
1178 700 1268 734 soret
1288 699 1422 740 utilius,
1441 699 1635 745 Collegium
1651 698 1859 742 scholasque
1874 697 1908 731 in
1920 708 2049 743 pagum

423 781 438 797 ιι
461 767 553 813 cogi,
574 777 619 801 an
633 766 718 812 ipsis
734 763 917 811 operariiS,
940 763 998 808 qui
1023 774 1085 809 per
1100 762 1333 808 temporarios
1358 773 1526 796 excursus
1544 761 1832 796 Nesvisiensibus
1852 763 1886 794 et
1904 759 2048 793 circum-

423 844 439 858 α
457 829 651 875 jacentium
673 837 842 872 agrorum
861 825 996 859 colonis
1015 824 1271 870 oppidanisque
1285 823 1408 858 vicinis
1426 823 1556 864 adsint,
1576 822 1787 857 domicilium
1806 821 1949 867 aliquod
1964 832 2045 855 con-

423 906 438 921 «
461 891 568 926 stitui.
591 909 606 923 „
624 890 706 925 Non
721 888 831 923 valuit
850 887 943 934 apud
961 887 1155 934 principem
1170 897 1211 921 ea
1227 886 1397 932 Campani
1428 886 1541 920 oratio
1560 898 1567 926 ;
1594 889 1627 920 et
1652 884 1853 919 sacerdotes
1881 887 1915 918 et
1941 883 2051 929 magi-

422 957 513 989 stros
528 956 563 988 et
576 952 757 998 adjutores
773 962 855 997 suos
874 950 1044 985 continuo
1065 948 1192 983 adesse
1215 948 1371 994 postulat
1389 961 1395 982 :
1425 962 1441 976 α
1472 958 1550 982 eam
1565 947 1630 981 sibi
1663 958 1812 981 causans
1840 945 2003 991 injectam
2030 956 2051 979 a

424 1031 440 1045 α
462 1016 536 1051 Deo
557 1018 722 1054 mentem,
739 1016 778 1047 ut
791 1024 835 1047 ne
850 1024 871 1046 a
890 1011 1072 1058 proposito
1091 1010 1164 1045 ulla
1188 1010 1396 1046 difficultate
1415 1013 1618 1050 avertatur3
1641 1009 1744 1055 idque
1760 1009 1967 1044 effecturum
1998 1018 2048 1047 se,

423 1093 438 1107 α
462 1078 603 1113 omnino
622 1086 787 1122 sperare3
821 1075 891 1109 nisi
914 1074 994 1120 ipsi,
1027 1073 1085 1119 qui
1110 1073 1231 1107 divina
1254 1073 1404 1118 imperia
1430 1071 1629 1107 mortalium
1653 1071 1755 1117 primi
1779 1070 1965 1105 observare
1992 1080 2054 1115 per

425 1155 441 1170 ιι
464 1140 577 1186 ipsum
603 1138 686 1173 vitae
713 1137 911 1172 institutum
935 1148 976 1171 ac
990 1135 1147 1171 revereri
1168 1135 1333 1175 debeant,
1355 1134 1528 1169 obsistere
1547 1133 1735 1168 voluerint.
1754 1132 1911 1178 Agerent
1920 1131 2050 1177 itaque,

426 1217 442 1232 a
464 1214 543 1247 quae
578 1200 684 1236 vellet
717 1200 824 1241 Deus,
854 1210 960 1245 seque
993 1197 1083 1232 nihil
1105 1197 1259 1231 cunctati
1290 1196 1493 1231 Nesvisium
1525 1196 1740 1241 colligerent.
1771 1194 1962 1229 Crederent
1989 1192 2055 1227 sibi

428 1281 444 1295 a
466 1263 687 1299 confirmanti
701 1262 788 1303 fore,
807 1265 845 1296 ut
862 1273 899 1297 se
915 1273 988 1296 suae
1007 1260 1186 1295 facilitatis
1204 1259 1301 1294 haud
1316 1258 1497 1305 poeniteat.
1525 1277 1540 1291 >9

475 1326 743 1362 Concedendum
762 1325 912 1370 denique
932 1323 1149 1369 Praepositus
1168 1322 1346 1368 generalis
1362 1322 1483 1367 pietati
1516 1321 1683 1368 principis
1702 1324 1813 1362 ratus,
1831 1321 1918 1356 actis
1933 1318 2057 1365 ampli-

426 1394 480 1426 ter
497 1401 561 1436 pro
580 1388 827 1424 benevolentia
845 1386 984 1433 gratiis,
1006 1385 1162 1420 oblatum
1177 1385 1324 1430 accepit.
1348 1383 1539 1429 Reliquum
1558 1384 1639 1419 inde
1665 1387 1843 1418 certamen
1875 1385 1951 1417 erat
1981 1392 2059 1416 cum

428 1454 506 1499 ipsa
527 1451 694 1498 principis
712 1450 893 1496 largitate,
911 1448 999 1483 adeo
1019 1459 1057 1482 se
1073 1448 1109 1481 in
1126 1459 1228 1482 novae
1243 1446 1391 1481 coloniae
1407 1446 1589 1480 commoda
1607 1445 1852 1492 profundente,
1872 1444 1922 1479 sic
1944 1442 2060 1478 omnia

429 1527 521 1551 nexu
539 1514 644 1556 omni,
667 1525 733 1559 quo
752 1513 865 1559 pietas
883 1511 1037 1546 filiorum
1052 1511 1160 1546 etiam
1174 1522 1196 1545 a
1210 1509 1413 1556 parentibus
1433 1508 1607 1555 obstringi
1626 1508 1727 1549 solet,
1747 1508 1859 1543 libera
1875 1506 2057 1547 offerente,

429 1581 468 1613 ut
493 1581 609 1613 certus
631 1587 693 1622 per
719 1576 831 1622 ipsam
861 1574 1113 1620 religiosorum
1140 1572 1319 1606 hominum
1347 1571 1555 1606 modestiam
1579 1571 1783 1605 statuendus
1813 1573 1905 1605 esset
1924 1569 2059 1604 modus.

429 1640 543 1678 Acciti
573 1639 776 1675 Nesvisium
803 1649 885 1672 mox
907 1636 1014 1672 Socii.
1046 1635 1242 1670 Praefeetus
1268 1634 1414 1679 collegis
1441 1634 1550 1668 Pater
1576 1632 1742 1667 Albertus
1766 1631 2061 1671 Mroskovskius;

430 1703 577 1751 primus,
601 1701 694 1749 quod
723 1700 887 1740 diximus,
917 1698 1123 1745 experiendi
1155 1708 1274 1737 causa,
1306 1707 1411 1742 quam
1436 1695 1526 1730 foret
1561 1694 1658 1729 utilis
1696 1695 1877 1729 Sociorum
1910 1693 2065 1729 Nesvisii

432 1776 552 1812 opera,
570 1765 605 1799 in
624 1775 668 1799 ea
688 1763 840 1798 statione
864 1773 943 1797 cum
970 1761 1012 1796 P.
1045 1759 1300 1805 Christophoro
1323 1757 1531 1792 Ostrovskio
1559 1756 1760 1791 collocatus.
1787 1755 1919 1802 Aperta
1946 1755 2066 1790 schola

432 1827 686 1875 grammaticae.
728 1825 848 1860 Additi
874 1836 955 1859 mox
982 1823 1056 1864 alii,
1084 1826 1158 1857 tum
1186 1814 1440 1867 oppidanorum
1476 1831 1538 1865 per
1578 1819 1764 1853 conciones
1806 1817 1963 1863 magistri
1992 1821 2065 1851 tum

435 1890 644 1926 scholarum.
664 1888 812 1924 Attente
827 1887 873 1921 ad
891 1898 948 1922 res
979 1885 1172 1932 provinciae
1192 1896 1267 1918 suae
1292 1883 1485 1928 Campano,
1523 1882 1646 1916 crebra
1674 1882 1756 1916 hinc
1782 1881 1876 1915 illinc
1907 1879 2065 1915 certandi

437 1953 560 1988 officiis
591 1963 670 1987 cum
700 1950 897 1997 principum
924 1947 1167 1983 munificentia
1199 1945 1413 1981 offerebatur
1453 1944 1602 1978 occasio,
1640 1943 1774 1978 Eodem
1806 1942 1879 1977 fere
1912 1945 2067 1987 tempore

439 2013 697 2060 Claudiopolim
714 2013 750 2047 in
769 2010 1079 2057 Transylvaniam,
1102 2008 1243 2048 Albam,
1261 2006 1494 2047 Varafflnum,
1518 2006 1717 2045 Calisshrm,
1740 2004 1934 2050 Leopolim,
1953 2003 2068 2038 Geda-

440 2089 536 2117 num,
558 2076 803 2121 Neuburgum‚
825 2074 1003 2113 Brestam‚
1024 2071 1215 2111 Gronhram,
1237 2070 1330 2105 Socii
1348 2081 1369 2103 a
1388 2068 1603 2114 principibus
1624 2080 1666 2102 ex
1681 2067 1861 2114 provincia
1878 2066 2066 2105 Lituaniae,

441 2151 511 2175 non
525 2137 810 2184 frequentissima
828 2136 903 2176 illa,
934 2135 1164 2170 vocabantur.
1200 2132 1354 2166 Vixdum
1382 2131 1418 2165 in
1438 2130 1748 2177 Transylvauiam,
1788 2132 1954 2175 poscente
1986 2138 2071 2173 rege

443 2201 660 2237 Polonorum
692 2199 884 2245 Stephane,
916 2196 1181 2244 quatuordecim
1199 2194 1333 2234 Socios,
1369 2193 1496 2228 lectam
1523 2193 1606 2227 hinc
1634 2192 1731 2226 illinc
1758 2191 1948 2229 cohortem,
1984 2190 2070 2223 inito

445 2262 621 2298 Varsavia
648 2261 785 2302 itinere,
808 2260 1066 2306 Claudiopolim
1098 2258 1291 2293 deduxerat
1322 2255 1535 2300 Campanus,
1559 2266 1636 2289 cum
1666 2265 1709 2288 ex
1741 2252 1864 2288 eadem
1896 2251 2072 2286 Societate

443 2324 672 2365 Somlfflnscs,
706 2323 1005 2363 Vasseralienses‚
1050 2321 1326 2359 Varadineusos,
1360 2317 1576 2356 Tordenses,
1617 2317 1849 2354 Femsenses,
1884 2313 1913 2348 T
1917 2324 2072 2348 emesva—

444 2398 579 2427 renses,
601 2386 778 2432 principes
797 2385 864 2418 viri
883 2385 1009 2419 Lazari
1029 2384 1125 2423 dicti,
1146 2381 1309 2417 Vallachi
1324 2381 1475 2426 denique
1494 2379 1619 2425 (questi
1637 2379 1687 2419 hi,
1710 2378 1851 2412 unicum
1878 2376 1943 2410 sibi
1966 2375 2074 2409 fuisse

446 2449 636 2488 hominem,
666 2459 731 2493 pro
759 2446 941 2482 sacerdote
968 2447 1139 2485 habitum,
1184 2445 1218 2478 in
1251 2443 1380 2478 finibus
1411 2441 1614 2481 Moldaviae,
1646 2451 1791 2485 eumque
1820 2438 2075 2484 deprehensum

448 2513 673 2559 impostorem
688 2509 913 2555 sacrilegum,
935 2508 1117 2554 profanum
1145 2505 1400 2547 circulatorem)
1425 2515 1545 2539 omnes
1567 2503 1617 2538 illi
1641 2515 1663 2538 a
1687 2503 1861 2548 Campano
1882 2500 2071 2546 magistros
