2184 2953
483 306 540 337 178
848 307 1123 336 LITUANICARUM
1147 307 1359 336 SOCIETATIS
1381 308 1466 336 JESU
1488 304 1741 337 HISTORIARUM

311 407 374 433 1596
483 412 499 426 a
522 410 601 433 nem
619 398 695 444 regi
722 401 843 433 nostro
863 399 1071 445 proditionis
1091 398 1229 432 nomine
1249 402 1465 444 suspectum;
1484 399 1543 444 qui
1572 399 1772 444 nuperrime
1787 409 1805 432 e
1824 398 2101 434 carcerariorum

484 474 498 488 α
522 461 681 495 manibus
700 460 919 506 virgatorum
935 461 1072 506 elapsus
1088 460 1145 500 sit,
1166 460 1361 502 bucaedam,
1380 460 1746 495 maledicentissimum
1770 471 1881 495 sacrae
1908 460 2101 506 majestatis

483 537 498 551 κ
522 522 671 569 (qualem
690 534 726 557 se
742 523 816 568 ipse
835 534 945 568 nuper
963 522 1062 556 vobis
1077 522 1236 568 probavit
1254 523 1382 569 coram)
1402 522 1683 562 obtrectatorem,
1704 522 1925 568 praefecistis.

532 600 547 614 ιι
570 585 685 623 Quare
703 585 769 620 iste
790 589 982 620 conventus
1010 590 1126 619 vester
1156 588 1292 618 tantum
1319 585 1430 625 abest,
1453 588 1491 618 ut
1510 585 1664 631 synodus
1687 583 1872 630 appellari,
1893 588 1929 618 ut
1951 596 1995 619 ne
2013 584 2103 619 inter

481 661 496 675 u
519 647 666 693 profana
685 647 836 692 quidem,
859 658 937 692 quae
969 647 1118 681 honesta
1136 646 1363 692 legitimaque
1382 646 1463 685 sint,
1486 646 1727 681 conventicula
1746 646 1862 681 locum
1875 646 2006 682 habere
2024 658 2100 692 pos-

481 724 496 738 e<
519 709 564 743 sit
584 722 590 743 2
606 709 716 755 utqui
735 709 942 751 adversetur
961 709 1070 754 regiae
1094 709 1270 754 majestati
1289 716 1323 743 et
1337 708 1601 753 magistratibus
1614 709 1736 749 sacris,
1755 720 1776 743 a
1796 709 1869 743 Deo
1888 709 2098 749 constitutis,

480 787 495 800 ει
518 772 710 818 cujusmodi
724 775 917 817 peccatum,
932 771 1149 805 contumacia
1162 770 1307 810 scilicet,
1325 782 1402 805 cum
1417 770 1633 806 hariolorum
1648 778 1679 806 et
1701 771 1967 806 idololatrarum
1981 771 2100 818 impie-

479 848 494 862 ω
516 838 585 868 tate
616 834 650 867 in
682 833 807 868 litteris
839 833 967 867 divinis
992 836 1227 879 comparatur.
1247 832 1541 878 Metropolitanus
1570 832 1739 880 synodum
1769 834 1896 878 coegit,
1914 845 1982 868 non
1998 834 2101 868 Nice-

479 911 494 924 α
516 895 646 941 phorus
662 907 771 941 neque
786 895 989 929 Balabanus
1007 906 1118 940 neque
1140 894 1440 940 Kopystynskius.
1456 895 1538 929 Non
1550 895 1584 929 in
1600 895 1753 940 profanis
1773 895 1920 936 aedibus,
1934 896 2101 930 haeretica

479 974 494 986 -s
516 957 693 1003 impietate
726 957 974 991 contaminatis
1003 969 1009 990 :
1037 956 1100 990 sed
1127 957 1162 990 iu
1197 956 1348 1002 templis,
1371 956 1406 990 in
1434 957 1662 998 sessimoniis,
1686 957 1932 1003 religiosorum
1959 958 2121 1007 comitia·

479 1036 493 1048 α
516 1020 686 1059 ordinum,
710 1016 858 1064 oportet,
884 1018 1116 1053 celebrentur.
1136 1018 1365 1052 Contemnitis
1384 1019 1629 1054 auctoritatem
1649 1019 1851 1065 praesidum,
1873 1020 1972 1054 vobis
1990 1032 2011 1054 a
2026 1020 2099 1054 Deo

479 1097 493 1110 a
516 1080 760 1128 praefectorum
795 1094 801 1115 :
836 1081 1120 1127 praecipientibus
1149 1092 1235 1116 sana
1267 1093 1329 1126 per
1361 1086 1496 1116 vestros
1530 1080 1667 1125 legatos
1698 1081 1910 1115 renuntiatis
1936 1081 2097 1127 superbe,

478 1159 492 1172 a
516 1155 644 1189 eosque
659 1143 749 1177 inter
765 1154 826 1177 vos
850 1143 1017 1178 facultate
1032 1143 1149 1177 nescio
1175 1154 1243 1188 qua
1262 1143 1505 1188 exangui-atis.
1536 1141 1606 1177 Sed
1626 1142 1729 1181 unde,
1753 1153 1887 1188 quaeso,
1904 1143 1981 1177 haec
1999 1143 2099 1177 vobis

477 1220 492 1234 α
513 1205 751 1240 ecclesiastica
782 1205 951 1250 regiaque
971 1209 1144 1250 potestas;
1163 1217 1239 1239 cum
1259 1205 1417 1239 homines
1436 1204 1512 1238 sitis
1532 1204 1671 1250 profani
1689 1203 1836 1249 perinde
1850 1215 1891 1238 ac
1907 1204 1985 1238 nos?
2001 1204 2099 1238 Nihil

476 1284 491 1297 a
515 1268 655 1303 omniuo
675 1268 766 1301 sacri
786 1278 956 1313 usurpare
972 1267 1085 1305 nobis,
1104 1267 1171 1301 nisi
1196 1279 1257 1313 per
1288 1266 1525 1312 sacrilegium,
1544 1278 1742 1312 possumus.
1765 1266 1927 1312 Synodus
1946 1267 2100 1312 ipsorum

478 1346 493 1360 ει
515 1330 831 1367 ecclesiasticorum
852 1330 1014 1363 ordinum
1033 1329 1189 1363 tribunal
1217 1337 1281 1369 est,
1314 1330 1462 1374 protano
1482 1329 1575 1363 omni
1590 1329 1796 1374 magistratu
1814 1329 1986 1375 superius.
2009 1329 2100 1364 Hinc

476 1409 491 1423 α
514 1394 700 1440 aliquando
721 1404 858 1439 graecus
886 1396 1014 1431 vester,
1053 1392 1152 1426 divus
1181 1391 1410 1432 Athanasius,
1443 1391 1683 1426 Constantium
1717 1391 1979 1436 Imperatorem,
2002 1391 2095 1438 quod

477 1471 491 1484 α
514 1467 551 1490 se
574 1455 791 1489 immiscebat
821 1454 960 1488 indictis
999 1465 1060 1500 per
1085 1454 1267 1499 episcopos
1303 1453 1545 1493 conventibus,
1581 1453 1835 1487 Antichristum
1868 1465 1993 1488 vocare
2029 1465 2096 1488 non

476 1533 491 1548 κ
514 1518 698 1557 dubitavit,
728 1528 965 1562 monereque:
996 1527 1078 1550 suas
1099 1520 1135 1549 ut
1164 1516 1358 1561 Imperator
1388 1527 1502 1555 arces,
1531 1516 1691 1550 civitates
1719 1520 1752 1550 et
1789 1526 1899 1561 regna
1931 1520 2094 1556 curaret;

476 1596 491 1610 ιι
514 1581 708 1626 quodjuris
740 1579 968 1614 ecclesiastici
996 1578 1098 1618 foret,
1121 1578 1295 1623 integrum
1324 1578 1357 1612 id
1385 1577 1629 1613 ecclesiasticis
1649 1578 1860 1623 relinqueret
1882 1591 1887 1612 :
1910 1579 1945 1612 id
1965 1578 2097 1613 scilicet

478 1659 494 1673 κ
516 1644 627 1678 Deum
660 1642 762 1677 velle.
792 1642 859 1680 Qui
886 1642 962 1675 lia-c
991 1641 1208 1680 Constantio,
1230 1645 1281 1675 tot
1300 1641 1458 1686 gentium
1477 1641 1696 1686 Imperatori,
1718 1646 1790 1674 tam
1816 1640 1938 1676 fidenti
1971 1641 2097 1687 objecit

475 1721 490 1735 ω
511 1706 642 1745 animo,
664 1716 765 1750 quem
782 1705 839 1738 hic
857 1709 1010 1738 vestrum
1030 1703 1120 1737 idem
1140 1703 1262 1737 eadem
1281 1702 1324 1737 de
1343 1714 1380 1737 re
1396 1702 1587 1736 monuisset
1612 1702 1793 1737 timidius?
1821 1721 1836 1734 „

524 1784 539 1798 a
567 1769 645 1814 Ipse
677 1779 739 1802 rex
770 1766 1015 1801 serenissimus
1035 1765 1170 1799 Graecis
1198 1765 1301 1799 offert
1337 1765 1542 1810 episcopos,
1563 1777 1626 1810 pro
1661 1777 1722 1799 suo
1752 1765 1845 1811 apud
1877 1777 1937 1800 eos
1971 1766 2094 1800 summi

475 1846 490 1860 a
513 1830 651 1877 patroni
675 1840 840 1868 munere,
863 1828 920 1873 qui
948 1839 1006 1861 eos
1044 1827 1164 1872 igitur,
1190 1827 1369 1861 nesciente
1394 1827 1570 1873 Principe,
1603 1828 1700 1872 isque
1728 1828 1896 1873 privatus,
1918 1828 2095 1863 turbatum

474 1909 489 1922 α
512 1894 596 1933 iret;
615 1895 823 1938 potestatem
850 1890 909 1924 ille
929 1890 1008 1929 sibi,
1039 1889 1138 1935 regia
1171 1889 1391 1935 ampliorem,
1415 1889 1622 1924 vindicaret.
1651 1890 1848 1924 Hieremias
1872 1890 2092 1930 patriarcha,

474 1971 489 1985 α
512 1968 589 1990 cum
616 1966 697 1989 suos
721 1955 755 1988 in
787 1964 896 1999 regno
918 1952 1077 1986 Poloniae
1104 1952 1246 1991 viseret,
1273 1956 1378 1997 atque
1409 1951 1499 1986 alios
1525 1952 1605 1986 aliis
1636 1953 1818 1998 episcopos
1849 1952 2092 1999 subrogandos

474 2033 489 2047 u
511 2021 684 2057 censeret,
701 2015 840 2051 veniam
860 2015 934 2060 ejus
954 2014 1002 2048 rei
1033 2025 1054 2047 a
1076 2025 1161 2059 rege
1179 2014 1299 2059 petiit;
1320 2025 1395 2053 vos,
1419 2014 1595 2059 majestati
1611 2014 1720 2059 regiae
1738 2015 1898 2059 subiecti,
1920 2018 2092 2060 potestate

474 2095 489 2108 c<
513 2078 749 2114 ecclesiastica
770 2077 866 2111 nulla
895 2076 1033 2122 przediti
1051 2104 1058 2116 ‚
1088 2076 1146 2121 jus
1178 2075 1313 2121 regium
1345 2080 1382 2109 ut
1414 2076 1512 2109 vobis
1546 2076 1742 2121 usurpetis?
1768 2088 1828 2109 vos
1857 2081 1892 2110 ut
1920 2076 2091 2110 arbitratu

474 2156 489 2170 a
511 2146 626 2175 vestro
647 2140 789 2185 privetis
808 2142 983 2184 potestate
1010 2138 1205 2183 episcopos,
1229 2137 1415 2171 sacerdotii
1432 2149 1495 2171 usu
1516 2143 1547 2171 et
1564 2138 1756 2183 privilegiis
1774 2149 1952 2172 sacrorum
1967 2138 2092 2183 reges!

476 2218 490 2231 κ
514 2188 651 2241 Videte,
685 2212 818 2247 quaiso,
848 2206 996 2241 mature,
1035 2211 1101 2245 quo
1132 2199 1208 2233 hanc
1239 2198 1428 2244 aliquando
1461 2199 1559 2233 vobis
1593 2200 1785 2245 vestrisque
1813 2200 1881 2234 sint
1907 2204 2088 2234 eventura.

475 2280 490 2293 ιι
513 2265 646 2309 Magno
667 2263 812 2297 crimine
839 2262 1015 2296 antistites
1044 2266 1190 2301 vestros,
1214 2259 1521 2306 metropolitanum
1538 2266 1571 2296 et
1594 2263 1788 2307 episcopos,
1809 2262 1979 2307 arguitis;
2007 2260 2090 2306 quid

473 2342 488 2355 α
510 2326 581 2360 ita?
598 2325 722 2364 Novis,
740 2325 913 2370 inquiunt,
946 2324 1049 2359 rebus
1077 2323 1237 2364 student;
1259 2323 1335 2368 paci
1356 2334 1480 2368 nempe
1503 2327 1537 2358 et
1560 2324 1762 2358 christianae
1786 2323 1995 2362 concordiae,
2013 2335 2090 2358 cum

472 2402 486 2417 κ
511 2388 646 2423 Latinis
672 2387 810 2432 agitant
830 2386 974 2421 consilia
998 2385 1259 2432 :patriarcham
1286 2384 1711 2431 Constautinopolitanun]
1738 2390 1984 2430 aspernantur.
2004 2385 2090 2419 Pro-

472 2465 486 2479 ω
510 2454 630 2496 pterea
655 2449 735 2483 albo
760 2449 999 2494 episcoprmum
1029 2448 1119 2482 erasi
1141 2448 1175 2480 in
1200 2447 1489 2491 peregrinitatem
1504 2459 1524 2481 a
1543 2447 1641 2481 vobis
1660 2446 1880 2492 rediguntur.
1904 2446 2003 2484 Quod
2018 2446 2087 2480 illis

472 2529 486 2541 a
509 2511 645 2546 crimini
661 2511 763 2551 datis,
790 2510 879 2556 quod
896 2510 1026 2544 scilicet
1056 2509 1277 2547 christianos,
1303 2508 1481 2543 fraudibus
1500 2509 1600 2543 malis
1625 2509 1823 2548 distractos,
1847 2508 1881 2542 in
1903 2508 2085 2554 pristinam
