2184 2953
605 291 710 320 LIBER
731 291 886 319 DECIMUS
909 291 1117 327 (1650-1664).
1650 291 1711 324 333

149 383 267 419 Pinsci
288 383 473 430 collegium
513 382 693 418 Sociorum
712 383 746 417 in
783 382 908 428 oppido
944 385 1120 427 utcunque
1146 385 1218 417 tum
1261 387 1337 419 erat
1379 387 1507 419 tectum
1545 385 1709 432 praesidio

96 446 281 493 legionarii
315 445 545 486 Moscovitici,
583 444 732 480 hominis
758 443 990 478 mansuetiore
1017 443 1108 478 inter
1144 455 1226 479 suos
1252 444 1406 490 ingenio.
1429 446 1494 484 Qui
1512 457 1554 481 ex
1580 448 1706 494 oppido

99 507 142 543 ad
162 519 332 554 paganos,
355 508 476 542 diebus
506 506 602 542 festis
626 506 810 546 curandos,
827 504 923 539 missi
943 515 964 538 a
989 507 1123 538 rectore
1149 506 1396 546 erant‚Patres
1431 507 1549 542 Simon
1575 508 1709 544 Maffon

98 572 133 603 et
149 569 309 604 Andreas
327 568 476 609 Bobola,
498 569 533 602 in
551 566 695 603 hostiles
720 568 930 602 Cosacorum
954 577 1077 601 manus
1096 566 1335 613 laniatumque
1365 568 1559 605 inciderunt
1577 570 1709 606 dirissi-

101 642 203 665 mum.
228 630 415 671 Horodeci,
438 631 473 664 in
487 641 578 676 pago
599 629 789 669 Polessico,
810 627 925 662 idibus
956 629 1040 663 maii
1068 629 1333 665 excarnificatus
1364 631 1406 665 P.
1429 631 1546 667 Simon
1565 644 1572 667 z
1595 633 1708 679 dispo-

96 691 202 726 liatus
221 692 265 726 ad
294 691 478 726 cuticulam
501 704 507 725 1
532 692 703 726 distentus
723 694 795 725 toto
819 702 963 737 corpore
983 691 1018 725 in
1044 703 1174 727 mensae
1192 693 1325 731 tabula.
1357 694 1532 741 clavisque
1553 697 1676 732 affixus
1698 711 1706 740 ;

99 754 198 790 taedis
217 754 323 800 piceis
342 754 536 795 ustulatus;
557 754 677 789 cultris
698 754 866 800 scalptus,
888 766 909 789 a
924 755 1117 790 cervicibus
1136 755 1181 790 ad
1213 756 1342 791 calcem
1363 756 1574 802 deglubitur.
1597 759 1710 794 Erasa

99 827 216 857 carne,
239 816 367 851 evulsis
383 816 511 857 nervis,
533 819 610 850 toto
628 816 804 850 laceratus
820 827 977 861 corpore,
1012 816 1141 861 gladiis
1160 816 1310 862 denique
1333 821 1518 859 mactatus,
1539 821 1711 866 superatis

100 877 294 912 incredibili
313 877 516 913 fortitudine
535 877 759 917 cruciatibus,
771 877 856 919 Deo,
875 889 974 923 quem
990 878 1102 923 ipsum
1121 878 1155 912 in
1170 878 1230 913 illo
1249 879 1383 914 laniatu
1402 879 1598 922 invocabat,
1612 882 1711 928 spiri-

99 943 171 974 tum
186 939 335 974 reddidit
350 939 464 974 idibus
483 940 577 980 maii,
595 951 687 974 anno
707 940 819 974 aetatis
835 940 1136 985 quinquagesimo.
1159 941 1264 975 Ortus
1286 941 1490 987 parentibus
1508 943 1575 989 piis
1589 945 1713 980 nobili-

99 1001 231 1047 busque
263 1002 298 1036 in
331 1001 571 1036 Braclaviensi
601 1001 775 1036 Lituaniae
805 1001 995 1047 provincia.
1041 1002 1112 1037 Per
1132 1014 1253 1038 manus
1285 1003 1387 1039 bonae
1426 1005 1547 1040 matris
1576 1006 1712 1043 oblatus

101 1063 267 1099 Societati
282 1075 352 1098 una
370 1075 446 1098 cum
460 1063 682 1109 patrimonio,
706 1063 814 1098 dotali
833 1064 945 1109 quasi,
966 1063 1097 1110 praedio
1124 1076 1199 1100 suo.
1228 1065 1281 1100 Ex
1313 1078 1353 1101 eo
1381 1070 1536 1114 tempore
1561 1070 1714 1104 animum

101 1127 145 1161 ad
175 1126 351 1166 virtutem,
369 1126 414 1160 ad
436 1126 572 1171 agenda
590 1126 726 1161 sortiter
761 1129 795 1160 et
814 1127 1028 1168 sustinenda,
1056 1127 1233 1173 perpetuis
1258 1128 1381 1163 studiis
1402 1128 1649 1177 laboribusque
1664 1132 1713 1167 ita

101 1189 268 1230 exercuit,
287 1192 336 1230 ut,
356 1200 433 1234 quae
448 1188 585 1223 demum
601 1188 679 1230 sibi,
698 1200 799 1234 quam
814 1189 948 1223 atrocia
961 1189 1190 1235 perpetienda
1210 1193 1326 1225 essent
1339 1194 1521 1227 auctorato
1541 1193 1577 1227 in
1597 1193 1712 1230 Socie-

101 1254 176 1286 tate
194 1252 281 1286 Jesu
312 1249 424 1291 militi,
446 1249 673 1295 praesensisse
704 1249 891 1284 videretur.
912 1250 992 1285 Jam
1011 1253 1092 1285 vota
1118 1254 1267 1296 quatuor
1282 1252 1471 1297 professus,
1497 1253 1653 1300 beneque
1668 1256 1713 1291 ad

102 1314 206 1349 utiles
221 1312 389 1348 Ecclesiae
411 1312 549 1347 labores
568 1316 725 1358 paratus,
747 1323 813 1357 quo
842 1312 953 1358 major
985 1313 1050 1347 sibi
1064 1313 1152 1348 bene
1171 1313 1328 1348 merendi
1342 1313 1432 1349 foret
1450 1316 1563 1362 copia,
1581 1317 1713 1353 missio-

100 1377 191 1412 narii
217 1377 366 1412 officium
385 1376 539 1422 expetiit.
584 1377 625 1410 In
656 1375 721 1410 hoc
755 1374 813 1408 diu
840 1386 969 1420 magna
1004 1375 1185 1421 diligentia
1206 1379 1378 1416 versatus,
1413 1377 1508 1412 illam
1547 1378 1707 1426 denique,

98 1450 200 1484 quam
219 1438 284 1473 Dei
304 1449 442 1473 causam
456 1439 680 1473 vehementer
694 1439 848 1482 cuperet,
871 1440 1014 1471 mortem
1037 1436 1214 1472 heroicam
1228 1440 1348 1471 nactus
1372 1442 1434 1473 est.
1459 1439 1592 1486 Corpus
1607 1453 1710 1487 quam

96 1500 131 1534 in
150 1512 289 1546 specum
308 1499 441 1546 quodve
456 1500 491 1533 in
523 1511 660 1533 coenum
679 1510 700 1532 a
730 1498 947 1533 carnificibus
985 1499 1028 1533 sit
1046 1499 1253 1545 conjectum,
1279 1500 1377 1535 latet.
1407 1501 1583 1537 Postridie
1608 1503 1711 1549 hujus

100 1562 218 1603 caedis,
241 1563 384 1597 eandem
404 1562 447 1596 ob
475 1573 629 1601 causam,
660 1572 782 1606 nempe
801 1560 893 1605 quod
928 1561 1118 1596 catholicus
1149 1562 1311 1597 sacerdos
1330 1563 1427 1608 isque
1443 1564 1580 1599 Jesuita
1602 1570 1706 1609 esset,

97 1624 311 1659 immanitate
326 1624 402 1670 pari
422 1624 650 1658 discruciatus
682 1624 723 1658 P.
741 1623 914 1664 Andreas,
943 1623 1048 1658 XVII
1073 1623 1242 1658 kalendas
1263 1624 1396 1670 junias.
1419 1626 1458 1659 In
1472 1625 1598 1661 itinere
1617 1628 1709 1673 apud

96 1697 225 1732 pagum
243 1685 439 1720 Mohilnam
454 1686 736 1731 comprehensus,
757 1685 912 1719 vestibus
931 1686 967 1720 in
990 1686 1140 1731 vestigio
1168 1687 1377 1733 concerptis,
1399 1689 1512 1723 nudus
1532 1689 1576 1723 ad
1589 1690 1708 1735 palum

98 1747 278 1793 sepimenti
296 1746 405 1792 virgis
421 1750 454 1781 et
469 1746 607 1781 scuticis
626 1746 811 1788 laceratur,
825 1758 933 1792 usque
954 1747 1034 1782 dum
1048 1748 1233 1794 religione,
1253 1760 1355 1794 quam
1374 1750 1452 1784 aliis
1465 1751 1704 1796 praedicasset,

100 1808 307 1843 catholicam
326 1809 398 1854 ipse
434 1809 639 1854 abnegaret.
675 1808 885 1853 Oppugnata
904 1810 1131 1855 nequicquam
1154 1810 1220 1844 viri
1251 1812 1458 1853 constantia,
1480 1812 1627 1848 infertur
1657 1814 1709 1849 vis

98 1871 237 1917 major:
260 1871 385 1905 derasa
405 1870 563 1904 manibus
592 1874 681 1909 cute,
717 1870 924 1905 constrictus
955 1871 1108 1914 funibus,
1140 1884 1183 1907 ex
1204 1873 1301 1913 resti,
1336 1873 1424 1907 collo
1444 1873 1584 1919 injecta,
1619 1875 1710 1911 inter

97 1933 229 1978 equites
247 1932 380 1967 medius
399 1936 559 1978 raptatur
578 1945 586 1974 ;
608 1931 789 1966 deficiente
808 1932 943 1977 spiritu,
960 1933 1081 1978 flagris
1113 1934 1313 1980 impellitur.
1337 1935 1604 1981 Sesquimilliari
1631 1938 1706 1973 Mo-

96 1996 193 2031 hilna
241 1996 285 2030 ad
322 2007 451 2042 pagum
493 1995 678 2030 Janoviam
709 1994 758 2028 ita
793 1995 953 2037 decurso,
993 1996 1135 2030 immani
1166 1995 1369 2030 carnificina
1400 1996 1444 2031 ad
1476 1998 1707 2033 execrandam

98 2057 300 2093 catholicam
322 2057 529 2102 religionem
547 2057 677 2091 frustra
692 2056 859 2103 adigitur.
891 2057 979 2096 Quia
1005 2057 1081 2092 haec
1095 2057 1231 2092 sortiter
1253 2061 1446 2103 superaret,
1469 2059 1708 2096 acerbioribus

96 2120 335 2168 periclitantur
354 2121 586 2155 constantiam
603 2134 610 2161 ;
630 2123 833 2166 repetuntur
855 2118 998 2153 verbera
1018 2118 1191 2153 crudelius
1216 2131 1223 2153 :
1241 2118 1404 2154 effoditur
1423 2119 1544 2155 dexter
1558 2122 1678 2158 oculus
1697 2135 1705 2158 ε

96 2181 346 2217 abscinduntur
376 2180 543 2216 auriculae
565 2193 571 2215 :
600 2181 802 2228 praeciditur
838 2191 943 2214 nasus
962 2193 968 2214 :
987 2180 1182 2215 evelluntur
1209 2192 1343 2226 ungues
1362 2193 1368 2215 :
1387 2182 1607 2218 excutiuntur
1626 2184 1707 2219 den-

95 2248 148 2279 tes
175 2256 182 2278 :
212 2247 332 2290 pectus
351 2247 385 2278 et
400 2244 540 2278 dorsum
554 2244 732 2290 peruritur
750 2255 756 2277 :
779 2256 904 2290 corpus
918 2246 1029 2278 totum
1058 2255 1078 2278 a
1097 2255 1230 2278 summo
1246 2243 1370 2290 capitis
1390 2244 1534 2281 vulnere
1551 2246 1595 2280 ad
1608 2247 1707 2293 plan-

96 2308 151 2339 tas
171 2315 278 2350 usque
292 2304 458 2339 laniatur.
481 2305 615 2340 Praeter
628 2305 785 2351 linguam
803 2307 977 2351 integrum
987 2305 1062 2351 jam
1085 2310 1160 2341 erat
1174 2307 1278 2348 nihil;
1296 2306 1372 2341 haec
1386 2306 1474 2352 ipsa,
1497 2308 1579 2354 quia
1593 2309 1705 2345 Deum

96 2370 129 2401 et
141 2366 367 2401 Sanctissima
382 2366 467 2401 Jesu
482 2370 515 2402 et
535 2367 661 2401 Mariae
680 2368 820 2402 nomina
833 2368 1024 2407 invocaret,
1042 2367 1254 2402 exscinditur
1269 2381 1275 2409 ;
1297 2367 1452 2414 praecisis
1471 2367 1622 2414 denique
1637 2381 1708 2404 cer-

93 2427 235 2468 vicibus,
256 2431 359 2474 caput
378 2428 493 2474 gladio
514 2428 740 2474 diffi'ingitur.
767 2429 920 2476 Dilapsis
940 2429 1143 2471 tortoribus⁷
1167 2440 1292 2475 corpus
1307 2440 1328 2463 a
1346 2429 1499 2475 parocho
1514 2430 1535 2465 J
1539 2431 1705 2467 anovien-

96 2490 185 2525 sium
203 2489 359 2525 Zaleskio
374 2490 408 2524 in
425 2490 590 2537 templum
609 2491 739 2527 curiale
758 2491 940 2527 collectum
962 2495 1084 2538 quarto
1099 2495 1178 2538 post
1196 2491 1251 2527 die
1270 2491 1305 2526 in
1336 2490 1506 2539 praedium
1524 2492 1706 2531 Pincensis

1737 391 1799 419 1657

1792 457 1824 483 28

1736 497 1829 523 Patres

1736 537 1825 563 Simon

1736 578 1834 605 Maffon
1844 579 1872 605 et

1736 618 1853 644 Andreas

1737 657 1836 684 Bobola

1738 697 1808 723 caesi.

1737 737 1776 763 De
1787 736 1829 763 his
1845 745 1870 763 v.

1737 775 1765 801 in
1781 775 1883 803 Catale-

1737 820 1771 845 go
1804 811 1885 838 inter-

1737 853 1864 879 sectorum

1740 892 1879 919 Sociorum.
