2184 2953
390 289 451 321 374
780 289 1058 321 LITUANICARUM
1083 290 1297 321 SOCIETATIS
1317 291 1402 321 JESU
1427 290 1678 320 HISTORIARUM

217 388 281 415 1654
389 387 441 420 est
460 384 573 431 pridie
591 395 703 420 nonas
717 385 946 431 septembres.
979 385 1061 420 Non
1081 385 1163 420 dum
1190 386 1356 421 sacerdos
1376 385 1596 433 disciplinam
1615 385 1797 432 utriusque
1812 385 2021 431 eloquentiae

387 447 565 493 professus
594 450 647 482 est
665 447 855 482 triennium
879 461 885 482 :
913 448 1040 483 deinde
1063 448 1218 483 initiatus
1232 449 1320 494 jam,
1345 449 1554 484 rhetoricam
1580 448 1615 482 in
1637 447 1786 494 collegio
1805 447 2015 482 academico.

388 510 451 543 Vir
483 509 626 555 ingenio
657 509 744 551 miti,
780 510 971 556 praesidum
1002 522 1179 551 reverens,
1213 511 1401 557 aequalium
1442 511 1649 550 observans,
1685 510 1836 544 instituti
1864 509 2021 555 religiosi

388 583 507 607 amans
531 576 565 607 et
589 583 731 608 severus
751 572 794 608 ab
823 573 935 607 animo
975 584 1037 608 suo
1066 578 1208 608 exactor
1226 602 1233 614 ,
1268 574 1380 608 cultor
1400 574 1526 609 Beatae
1549 572 1708 619 Virginis
1740 575 1775 607 et
1806 572 1860 607 sui
1892 572 2019 618 Sponsi

391 635 543 681 virginei
575 635 739 681 diligens.

214 677 308 743 Funiii
438 697 686 732 Evastantibus
699 698 898 733 Lituaniam
910 702 944 733 ot
959 698 1165 744 conjunctas
1178 699 1374 745 provincias
1393 698 1551 733 Moschis
1562 702 1596 734 et
1611 697 1849 744 perduellibus
1862 697 2016 739 Cosacis,

215 755 354 821 iirsaeggggci
388 760 542 795 concitor
557 760 717 801 istorum,
749 765 783 796 et
808 761 892 796 belli
911 761 1048 796 servilis
1064 762 1165 796 turbo
1187 761 1460 797 Chmielnickius
1480 762 1583 796 haesit
1603 761 1817 796 Czechriniae
1838 761 1875 795 in
1893 760 2016 796 sunere

213 834 336 861 formida-
387 823 516 858 tribuni
536 824 590 858 sui
610 824 761 859 Cosatici
781 824 1065 865 Zlotarenkonis‚
1088 836 1110 859 a
1128 825 1290 859 Lituanis
1310 825 1403 871 apud
1424 824 1606 866 Sklomm,
1638 825 1802 860 Orsensis
1825 825 2017 871 provinciae

214 877 274 904 bile.
387 885 565 932 oppidum,
584 887 666 922 cresi
682 887 716 920 in
736 886 912 921 conflictu.
936 885 1081 921 Inferias
1096 887 1273 922 enimvero
1288 887 1376 922 vidit
1390 886 1575 933 pollinctor
1589 890 1622 922 et
1637 898 1674 921 se
1690 889 1889 934 spectatore
1904 890 1938 922 et
1953 898 2016 922 suo

383 948 524 983 tribuno
560 949 699 995 dignas.
733 949 940 996 Depositum
965 949 1117 984 cadaver
1148 950 1184 984 in
1217 949 1296 984 fano
1333 950 1557 985 Rutenorum
1590 949 1787 984 schismatis
1812 949 2013 996 graecanici,

384 1022 507 1046 recens
526 1011 699 1046 aeclificato
715 1023 758 1047 ex
772 1012 919 1058 rapinis,
946 1024 1027 1047 mox
1046 1012 1275 1047 humandum.
1298 1012 1366 1047 Hic
1385 1012 1421 1046 in
1436 1024 1608 1048 concursu
1627 1011 1813 1058 frequenti,
1842 1015 2016 1058 praesente

384 1073 649 1115 Chmielnickio,
684 1074 891 1109 sacrificulis
911 1075 1123 1109 Cosacorum
1141 1075 1304 1110 funebria
1320 1086 1383 1109 sna
1401 1075 1557 1109 carmina
1588 1074 1807 1115 canentibus,
1831 1085 1888 1108 res
1904 1074 2017 1109 horri-

382 1135 468 1171 fica!
492 1147 710 1171 commovere
735 1148 772 1171 se
790 1136 938 1172 latronis
957 1137 1133 1172 cadaver:
1153 1137 1280 1173 efferre
1308 1137 1482 1173 stillantes
1506 1149 1630 1173 cruore
1649 1149 1774 1173 manus
1798 1150 1804 1173 :
1828 1138 2015 1185 subrigere

384 1199 467 1234 setis
486 1199 712 1234 horrentibus
732 1203 836 1246 caput
853 1212 860 1234 t
887 1211 1078 1246 assurgere
1097 1203 1132 1235 et
1150 1200 1364 1235 circumlatis
1375 1201 1552 1236 atrocibus
1572 1201 1694 1242 oculis,
1716 1201 1784 1236 huc
1794 1201 1880 1236 illuc
1895 1213 1932 1237 se
1939 1202 2015 1248 jac-

381 1265 474 1302 tans,
488 1261 682 1296 exululare:
696 1262 817 1308 sugite,
828 1262 1012 1304 exclamat,
1028 1261 1178 1309 t'ugite(1)
1194 1262 1200 1297 !
1224 1262 1452 1308 Praecipitant
1464 1274 1506 1298 ex
1517 1263 1596 1298 fano
1606 1275 1643 1298 se
1656 1267 1940 1310 omnes‚repente
1954 1264 2014 1299 de-

381 1323 520 1358 lubrum
538 1323 687 1360 fiammis
699 1324 898 1371 corripitur,
914 1328 1158 1371 momentoque
1172 1324 1387 1359 dissolvitur.
1409 1325 1602 1372 Occupavit
1619 1325 1816 1361 funerarios
1831 1326 2011 1369 interitus,

381 1391 484 1433 atque
494 1387 558 1421 hos
569 1387 779 1422 exanimavit
794 1390 920 1429 terror,
936 1387 986 1422 illi
994 1387 1146 1422 tumultu
1160 1388 1419 1433 penetrantium
1435 1400 1474 1424 se
1489 1389 1526 1423 in
1540 1388 1659 1435 fugam
1671 1389 1802 1423 obtriti.
1823 1389 1877 1424 Ita
1888 1388 2007 1435 impio,

270 1469 301 1495 14
380 1449 512 1496 pariter
526 1450 585 1496 pii,
616 1449 775 1485 cladibus
795 1450 867 1485 suis
881 1451 981 1497 justa
998 1450 1255 1497 persolverunt.
1281 1451 1319 1485 In
1340 1451 1466 1486 Suecia
1485 1463 1602 1486 rerum
1621 1451 1820 1497 potiebatur
1839 1452 1905 1486 hac
1926 1454 2012 1486 tem-

211 1508 349 1568 Clffrristina
380 1516 516 1559 pestate
544 1511 733 1553 Christina,
765 1512 913 1548 Gustavi
931 1513 1086 1560 Adolphi
1105 1513 1190 1552 filia,
1214 1525 1325 1560 nuper
1357 1513 1539 1548 Sociorum
1560 1523 1667 1559 opera
1694 1513 1868 1548 Romanae
1895 1514 2011 1549 conci-

209 1556 306 1614 rsissssi'ae
318 1596 345 1614 se
379 1575 464 1610 liata
480 1574 662 1615 Ecclesiae,
680 1579 785 1620 atque
800 1575 925 1610 exinde
940 1576 1069 1611 cultrix
1089 1576 1271 1622 religionis
1287 1576 1472 1611 catholicae
1492 1576 1697 1611 fidelissima
1719 1589 1725 1611 ι
1748 1577 1818 1623 pia,
1841 1577 2007 1617 clemens,

209 1627 323 1655 abdicat.
379 1641 488 1679 casta,
507 1638 658 1684 sapienS‚
687 1637 863 1679 munifica,
887 1650 928 1673 ac
954 1642 1144 1684 propterea
1164 1638 1324 1672 omnibus
1356 1650 1450 1673 cara.
1492 1638 1609 1672 Unum
1626 1637 1712 1672 illud
1743 1638 1780 1672 in
1811 1649 1872 1672 suo
1900 1649 2010 1685 regno

379 1700 553 1735 sustinere
572 1711 643 1734 non
660 1700 787 1745 potuit,
811 1700 904 1746 quod
923 1701 1017 1736 cives
1041 1701 1095 1735 sui
1113 1712 1175 1747 per
1194 1700 1369 1735 factiones
1397 1701 1586 1735 haereticas
1603 1700 1652 1735 sic
1671 1700 1879 1735 abalienatis
1895 1705 2013 1736 essent

379 1763 503 1798 animis
519 1763 562 1798 ab
581 1763 729 1798 ecclesia
744 1763 931 1805 catholica,
954 1768 991 1798 ut
1009 1764 1261 1810 resipiscentiae
1290 1764 1423 1799 nullam
1443 1763 1511 1798 sibi
1531 1774 1628 1809 spem
1642 1762 1810 1798 facerent.
1831 1762 1946 1809 Hujus
1960 1764 2013 1799 rei

377 1827 487 1873 ipsius
503 1826 609 1861 taedio
623 1830 702 1873 post
720 1827 821 1873 regni
841 1827 894 1861 sui
913 1827 1103 1862 triennium
1118 1827 1278 1874 Upsaliae
1293 1827 1328 1862 in
1344 1826 1495 1861 comitiis
1512 1825 1684 1860 Ordinum
1700 1825 1798 1871 regio
1814 1838 1959 1861 munere
1974 1838 2012 1862 se

376 1888 563 1924 abdicavit.
581 1888 741 1935 Reliquit
755 1889 881 1924 solium
901 1889 1026 1925 Carolo
1043 1890 1214 1932 Gustavo,
1242 1890 1515 1937 Bipontinorum
1536 1888 1707 1935 palatinO,
1726 1888 1875 1924 Gustavi
1905 1889 2013 1925 Adol-

376 1951 448 1998 phi,
471 1951 506 1985 in
522 1951 645 1998 praelio
661 1951 752 1998 apud
765 1952 969 1993 Lutzenam,
989 1952 1154 1999 oppidum
1169 1952 1348 1993 Saxoniae‚
1371 1952 1464 1987 1632
1479 1951 1578 1991 caesi,
1597 1950 1745 1985 sororio.
1765 1951 1858 1997 Ipsa,
1880 1951 2012 1999 inclyta

377 2014 534 2049 haeretici
554 2014 787 2060 contemptrix
816 2015 931 2060 regni,
955 2014 1078 2050 relicto
1098 2015 1230 2050 civibus
1251 2026 1382 2061 magno
1415 2015 1468 2049 sui
1501 2012 1691 2054 desiderio,
1715 2013 1751 2048 in
1770 2013 2007 2057 Germaniam,

378 2077 450 2112 sive
469 2088 531 2122 per
545 2087 686 2111 causam
699 2077 772 2112 sive
790 2087 852 2123 per
871 2077 1129 2112 simulationem
1147 2077 1304 2113 visendae
1320 2077 1437 2112 amitae
1453 2088 1526 2111 suae
1542 2076 1779 2123 Landgraviae
1794 2076 1947 2118 Hassiae,
1965 2077 2010 2112 ad

261 2161 292 2187 15
377 2138 596 2184 Leopoldum
615 2139 839 2174 archiducem
856 2138 1009 2174 Austriae
1025 2150 1062 2175 se
1076 2139 1235 2174 contulit.
1875 2130 1878 2132 ³

204 2200 322 2246 Srnolen-
424 2201 652 2241 Smolenscia,
671 2202 837 2237 Russiain
847 2202 939 2237 inter
950 2202 1170 2237 Lituanicam
1186 2206 1219 2237 et
1231 2200 1497 2236 MoscOviticam
1510 2200 1636 2241 media,
1656 2200 1728 2236 suis
1740 2201 1931 2247 antiquitus
1946 2213 2006 2248 pa-

204 2249 258 2268 scia
375 2275 456 2299 rens
471 2263 657 2299 tetrarchis
668 2264 857 2310 provincia,
876 2264 982 2299 armis
1001 2264 1085 2299 olim
1099 2265 1135 2298 in
1154 2264 1320 2299 ditionem
1331 2263 1559 2298 Lituanorum
1576 2262 1718 2298 redacta
1733 2264 1768 2310 (2)
1784 2276 1790 2299 :
1805 2276 1896 2299 anno
1916 2264 2007 2300 1506

203 2282 294 2314 erepta

203 2320 350 2392 ὲὲξΐέἒέω
375 2327 396 2362 J
401 2326 506 2362 oanni
533 2326 681 2361 Basilidi
704 2326 907 2362 Moscorum
931 2327 1009 2362 duci
1037 2326 1221 2362 fraudibus
1240 2325 1427 2361 Michaelis
1461 2325 1602 2361 Glinski
1621 2325 1760 2372 prodita
1783 2338 1790 2361 ε
1812 2337 1875 2373 per
1895 2325 2006 2372 Sigis-

201 2397 331 2431 dispergi-
375 2389 542 2425 mundum
574 2389 731 2425 Poloniae
758 2401 877 2436 regem
912 2390 977 2425 hoc
1008 2390 1148 2425 nomine
1178 2389 1320 2425 tertium
1347 2392 1580 2435 recuperata:
1603 2389 1765 2436 denique,
1806 2391 2006 2436 expugnata

203 2437 256 2464 tur.
418 2467 456 2504 (1)
472 2466 641 2505 Vespasian.
657 2463 832 2501 Kochovski‚
851 2466 976 2495 Climact.
996 2467 1017 2501 l,
1036 2467 1067 2495 L.
1085 2467 1111 2494 7.
1138 2473 1202 2504 pag.
1221 2466 1290 2493 449.
1311 2481 1349 2486 —-
1366 2465 1406 2501 (Ξ)
1422 2464 1491 2493 Vide
1515 2467 1615 2494 caetera
1628 2465 1663 2494 dc
1692 2465 1780 2495 turbis
1815 2464 2005 2494 Moscoviticis

377 2521 403 2549 in
427 2521 509 2550 Facie
526 2528 620 2550 rerum
649 2519 770 2551 Sarmat.
801 2523 917 2550 anctore
944 2521 972 2550 P,
994 2520 1198 2556 Nfflamowski,
1229 2527 1293 2559 pag.
1313 2520 1459 2548 995-296.
