2184 2953
648 295 753 323 Lissssn
777 295 963 324 SECUNDUS
985 294 1197 331 <mm-1580).
1717 291 1756 322 69

143 399 158 413 α
179 382 382 424 cedendum.
405 382 517 420 Quam
536 381 579 416 ob
598 393 671 417 rem
689 382 754 417 etsi
774 383 830 417 vix
844 382 991 429 pedibus
1005 387 1124 429 posset
1142 383 1345 423 consistere,
1367 383 1412 418 ad
1430 383 1622 418 Ecclesiam
1636 386 1753 417 tamen
1772 389 1836 415 1579

143 461 158 475 a
180 445 307 480 sensim
326 443 606 490 pedetentimque
634 444 781 489 singulis
801 444 922 479 diebus
936 445 1140 487 accedebat,
1162 445 1280 490 inqua
1315 445 1359 479 ad
1390 445 1606 479 tremendum
1634 444 1751 478 missae

141 522 156 535 α
174 506 382 541 sacrificium
401 505 628 539 christianam
648 506 907 552 rempublicam,
929 518 978 547 se,
1000 518 1131 552 suaque
1150 507 1267 541 omnia
1286 506 1412 540 divinz‘e
1426 506 1573 551 primum
1586 505 1751 544 Bonitati,

140 583 155 596 u
179 567 304 603 deinde
327 567 533 601 Sanctorum
561 566 721 612 precibus
752 573 784 602 et
818 568 1125 603 intercessionibus
1144 568 1364 602 devotissime
1384 567 1657 601 commendabat.
1681 566 1751 601 Sed

138 644 153 658 α
176 630 265 664 hanc
283 628 334 662 illi
353 628 555 662 facultatem
575 629 685 663 morbi
705 641 840 675 quoque
854 630 1072 664 vehementia
1085 629 1189 675 paulo
1208 633 1287 675 post
1301 629 1456 669 abstulit,
1474 629 1523 663 ita
1538 633 1659 663 utnon
1672 641 1749 675 pos-

140 706 155 720 α
177 696 240 732 set,
262 702 326 726 nec
351 691 454 726 etiam
470 695 581 726 tutum
598 696 702 732 esset,
725 697 823 726 extra
841 692 995 737 privatos
1023 692 1174 738 parietes
1193 692 1317 737 pedem
1349 691 1484 725 efferre.
1509 692 1594 729 Quae
1613 702 1668 726 res
1688 692 1751 725 etsi

136 768 151 782 α
173 753 360 787 maximum
380 752 432 787 illi
452 765 591 788 sensum
619 753 748 787 doloris
768 754 946 795 afferebat,
963 754 1050 788 illud
1067 758 1184 788 tamen
1202 753 1308 799 longe
1329 753 1575 799 gravissimum
1595 756 1628 787 et
1654 765 1749 788 acer-

136 829 151 844 ιι
172 814 351 849 bissimum
371 815 510 856 accidit,
533 815 624 860 quod
638 826 700 861 per
715 815 844 860 aliquot
858 815 932 850 dies
950 816 993 850 ab
1013 815 1186 850 audiendo
1211 815 1327 850 missae
1351 814 1521 849 sacrificio
1541 818 1681 849 coactus
1700 819 1752 850 est

135 891 150 905 α
172 876 349 912 abstinere
368 888 374 910 :
394 880 465 910 tum
494 876 586 922 quod
608 876 724 911 nullus
743 881 857 912 certus
878 881 969 913 esset
986 878 1026 912 ad
1047 890 1102 913 res
1130 877 1266 912 divinas
1285 877 1320 911 111
1334 877 1395 911 illa
1415 876 1515 911 domo
1535 877 1632 911 locus
1648 877 1751 912 desti-

135 954 150 968 «
172 942 287 978 natus,
310 941 382 971 tum
402 938 494 983 quod
520 938 833 973 ecclesiasticorum
849 951 1018 974 canonum
1046 940 1236 974 auctoritas
1264 943 1297 973 et
1315 939 1423 985 ipsius
1444 939 1589 973 Concilii
1603 939 1749 973 Triden-

136 1015 151 1030 α
173 999 250 1040 tini,
268 999 303 1033 in
323 1011 390 1045 quo
400 1011 585 1045 personam
600 999 708 1045 legati
724 1001 906 1046 apostolici
921 1013 1050 1047 magna
1068 1014 1144 1036 cum
1172 1001 1342 1047 dignitate
1358 1001 1534 1041 sustinuit,
1552 1001 1750 1036 sanctiones

136 1076 151 1090 u
174 1061 401 1108 prohiberent
422 1073 429 1095 :
452 1066 546 1096 utne
566 1066 769 1107 paterentur
800 1063 951 1109 episcopi
970 1064 1005 1098 in
1024 1064 1167 1109 privatis
1183 1064 1355 1104 domibus,
1373 1068 1478 1109 atque
1496 1064 1635 1098 omnino
1651 1068 1750 1098 extra

135 1138 150 1152 α
174 1123 379 1164 Ecclesiam,
414 1127 447 1157 et
461 1123 506 1157 ad
542 1122 696 1157 divinum
726 1128 860 1158 tantum
878 1125 1008 1160 cultum
1035 1126 1200 1167 oratoria,
1235 1130 1393 1160 sanctum
1419 1126 1484 1161 1100
1504 1125 1712 1160 sacrificium
1732 1137 1749 1160 a

135 1200 150 1214 κ
173 1185 433 1231 quibuscunque
447 1184 588 1219 tandem
607 1185 741 1231 peragi.
761 1186 832 1220 Sed
850 1187 968 1221 statim
988 1188 1158 1222 succurrit
1176 1188 1330 1234 piissimo
1349 1188 1423 1233 ejus
1443 1187 1616 1222 desiderio
1633 1187 1751 1221 divina

136 1262 151 1276 a
174 1247 413 1283 misericordia
435 1260 441 1281 :
460 1259 535 1282 cum
556 1247 647 1282 enim
667 1247 708 1282 de
740 1248 940 1284 valetudine
958 1253 1026 1284 tam
1062 1249 1191 1285 laudati
1217 1250 1406 1284 cardinalis
1433 1250 1615 1296 episcopus
1634 1249 1749 1295 Nepe-

136 1324 151 1337 α
173 1309 269 1343 sinus
289 1309 447 1343 nuntium
477 1309 682 1355 accepisset,
704 1313 741 1343 ut
768 1310 877 1344 virum
904 1311 968 1346 Dei
1000 1311 1139 1353 viseret,
1162 1312 1392 1357 Capranicam
1423 1312 1585 1352 accurrit,
1608 1315 1641 1346 et
1660 1311 1748 1346 0610-

135 1385 149 1399 «
173 1370 295 1405 111-311111
325 1371 525 1406 facultatem
548 1371 584 1405 in
615 1371 748 1417 privato
780 1373 951 1414 cubiculo,
973 1372 1007 1406 id
1038 1372 1152 1419 ipsum
1184 1374 1227 1408 ab
1253 1374 1327 1420 ipso
1360 1374 1491 1419 petenti
1519 1384 1654 1408 summa
1672 1385 1749 1408 cum

134 1450 148 1464 κ
172 1435 380 1476 humilitate,
410 1436 638 1471 libentissimo
665 1437 780 1471 animo
806 1437 999 1478 eoncessit;
1030 1449 1143 1483 neque
1161 1441 1279 1472 tamen
1307 1436 1435 1474 adduci
1467 1436 1523 1471 vel
1537 1436 1750 1471 medicorum

134 1513 148 1527 a
167 1498 317 1534 consiliis
336 1487 392 1533 vel
411 1499 570 1545 precibus
590 1500 719 1533 nostris
746 1500 870 1545 potuit,
889 1504 926 1535 ut
944 1500 1117 1546 languens
1140 1498 1348 1534 exhaustum
1367 1502 1472 1544 atque
1493 1498 1657 1533 deficiens
1677 1510 1750 1532 cor-

135 1574 150 1588 e<
172 1560 353 1606 pusculum
388 1560 423 1594 in
442 1559 568 1595 lectulo
596 1561 789 1596 contineret
812 1573 817 1594 :
841 1562 903 1596 sed
935 1561 970 1596 in
997 1561 1092 1596 aliud
1118 1561 1345 1596 nihilominus
1365 1560 1544 1595 offerendo
1577 1560 1750 1594 sacrificio

133 1636 148 1650 u
170 1621 364 1656 cubiculum
384 1621 594 1656 destinatum
613 1622 674 1664 ita,
697 1626 734 1656 ut
753 1627 901 1668 poterat,
922 1624 1118 1664 secedebat,
1146 1623 1181 1657 in
1201 1634 1267 1668 11110
1286 1622 1434 1668 genibus
1453 1622 1564 1662 flexis,
1590 1622 1746 1656 manibus

133 1699 148 1712 a
170 1682 205 1717 in
241 1683 365 1717 coelum
393 1683 551 1723 elevatis,
590 1684 659 1718 vim
689 1684 923 1731 lacrymarum
947 1685 1172 1730 profundens,
1209 1684 1346 1718 Domini
1372 1683 1646 1718 misericordiam
1674 1688 1747 1718 tota

133 1761 147 1773 a
170 1745 293 1780 mentis
325 1745 500 1791 animique
531 1746 751 1781 contentione
771 1747 993 1792 implorabat.
1016 1747 1153 1782 Accidit
1184 1751 1313 1787 autem,
1336 1751 1373 1780 ut
1403 1758 1424 1780 a
1443 1746 1594 1791 quodam
1614 1757 1657 1780 ex
1675 1746 1746 1781 suis

133 1821 147 1835 a
169 1809 379 1846 moneretur,
409 1811 446 1841 ut
464 1806 498 1840 in
525 1806 613 1841 sella
638 1807 752 1852 potius
785 1808 921 1849 sedens,
941 1820 1043 1854 quam
1072 1809 1107 1843 111
1136 1820 1253 1854 genua
1272 1808 1488 1854 provolutus,
1512 1812 1546 1842 et
1572 1807 1607 1841 in
1626 1811 1746 1853 pectus

132 1882 146 1895 a
168 1866 384 1907 incumbens,
418 1867 622 1902 offerentem
641 1869 858 1904 sacerdotem
889 1871 1103 1905 observaret.
1127 1870 1218 1904 Huic
1236 1870 1354 1916 paulo,
1389 1874 1423 1904 et
1454 1873 1583 1915 praeter
1614 1881 1745 1904 morem

133 1943 147 1957 κ
171 1940 284 1969 suum,
306 1929 510 1964 concitatius
530 1930 708 1976 respondit
731 1943 737 1964 :
756 1942 798 1965 ne
808 1932 881 1977 jam
903 1944 956 1967 me
974 1932 1081 1967 facias
1096 1931 1323 1967 delicatulum
1345 1944 1351 1965 :
1375 1931 1423 1966 sic
1438 1942 1501 1977 par
1521 1936 1585 1971 est,
1608 1935 1645 1966 ut
1664 1943 1742 1977 ego,

133 2006 148 2020 α
169 2002 270 2037 quem
290 1991 411 2033 debeo,
446 1991 575 2026 cultum
595 1996 629 2026 et
656 1994 889 2028 reverentiam
908 1994 981 2029 Deo
997 2005 1072 2028 meo
1093 1994 1291 2028 exhibeam.
1315 1993 1386 2028 Sed
1404 2004 1517 2038 neque
1535 1993 1601 2028 1100
1620 2005 1745 2039 passus

131 2066 146 2081 a
166 2057 230 2094 est,
248 2056 298 2093 ut,
320 2053 489 2088 sacrificio
510 2054 667 2095 durante,
686 2054 825 2090 flabello
845 2057 1027 2102 quisquam
1044 2060 1187 2091 ventum
1206 2056 1387 2094 excitaret,
1422 2054 1653 2100 refrigerandi
1665 2068 1746 2102 gra-

130 2130 145 2144 ιι
165 2115 224 2150 tia.
248 2115 333 2150 Cum
359 2116 404 2150 ad
434 2117 549 2151 cibum
568 2117 774 2151 sumendum
793 2121 886 2152 esset
916 2117 965 2151 illi
998 2117 1251 2157 accedendum,
1273 2127 1344 2150 non
1362 2116 1407 2149 ad
1427 2116 1662 2158 refectionem,
1685 2117 1747 2152 sed

131 2194 146 2209 κ
168 2183 332 2225 tanquam
359 2180 403 2214 ad
433 2192 569 2226 poenam
605 2192 641 2215 se
660 2181 775 2215 vecari
811 2180 968 2221 dicebat;
995 2190 1036 2213 ac
1067 2190 1160 2224 saepe
1192 2190 1309 2213 coram
1329 2177 1471 2212 medicis
1491 2178 1533 2212 de
1550 2189 1612 2212 suo
1631 2182 1747 2223 patre-

131 2256 146 2271 ω
168 2241 316 2276 familias
333 2242 560 2288 (stomachum
580 2242 628 2276 ita
647 2243 803 2287 vocabat)
823 2246 978 2288 quaestus
1007 2244 1060 2275 est
1078 2253 1084 2274 z
1108 2240 1202 2286 quod
1226 2251 1410 2286 perperam
1430 2251 1573 2275 munere
1589 2251 1650 2274 suo
1671 2240 1745 2274 sun-

134 2319 147 2332 κ
170 2307 323 2349 geretur,
345 2307 379 2338 et
402 2303 589 2344 alimentis,
623 2316 700 2349 quae
720 2304 764 2338 ad
788 2304 897 2343 illum,
928 2303 1143 2348 reliquorum
1175 2302 1410 2337 membrorum
1441 2301 1748 2336 sustentandorum

133 2380 148 2395 a
169 2366 295 2412 gratia,
316 2366 609 2407 transmittuntur,
627 2366 842 2401 abuteretur.
866 2365 990 2399 Conati
1009 2375 1127 2399 sumus
1158 2374 1221 2397 nos
1241 2373 1378 2408 quoque
1402 2361 1452 2396 illi
1468 2362 1688 2408 persuadere,
1712 2366 1749 2396 ut

134 2443 149 2457 a
170 2428 205 2461 in
220 2428 341 2462 eodem
372 2428 498 2462 lectulo
517 2429 673 2462 divinum
710 2429 826 2463 missae
854 2427 1059 2462 sacrificium
1078 2427 1235 2468 audiret;
1261 2427 1321 2461 sed
1342 2427 1370 2461 is
1389 2426 1489 2460 nobis
1505 2438 1583 2460 cum
1602 2426 1748 2472 quadam

133 2508 148 2518 «-
170 2489 375 2535 ignorantiae
395 2492 428 2522 et
446 2489 633 2535 praecipitis
663 2489 799 2523 consilii
818 2487 1097 2535 exprobratione,
1133 2488 1274 2523 minime
1294 2488 1479 2522 convenire
1498 2487 1690 2533 respondit,
1712 2490 1750 2521 ut
