2184 2953
381 287 421 318 80
749 285 1023 325 LITUANICARUM
1046 284 1258 314 SOCIETATIS
1280 284 1365 313 JESU
1391 283 1643 312 HISTORIARUM

210 385 274 411 1579
391 392 407 406 α
429 377 681 423 Argutatorem
701 390 790 419 esse,
814 378 939 424 quique
965 376 1000 411 in
1019 375 1256 422 disputatione
1286 385 1403 410 rerum
1430 373 1508 420 plus
1537 373 1603 408 sibi
1631 376 1797 412 sumeret,
1822 384 1926 419 quam
1954 385 2018 409 sua

210 440 307 503 ἒέίίἓῖξ]
326 439 355 502 {in
392 455 407 469 α
431 440 586 475 humana
612 441 724 475 omnis
741 440 875 475 valeret
902 437 1091 485 sapientia;
1116 437 1235 482 itaque
1262 435 1372 470 multa
1402 447 1423 470 a
1453 447 1490 471 se
1516 435 1636 471 vocari
1664 436 1700 470 in
1719 436 2009 478 controversiam,

209 516 284 542 abitu
294 516 355 542 Pos-
388 517 402 530 α
427 502 554 548 negari
574 502 701 543 multa;
722 513 833 536 novas
861 512 947 547 quas
978 499 1096 534 nescio
1115 498 1205 533 alias
1232 497 1424 543 religiones
1449 497 1538 532 velle
1566 496 1797 532 architectari.
1822 497 2011 540 Dolebant,

211 555 305 581 mini·
390 580 405 594 ιι
429 576 512 605 rem,
532 568 630 599 tanto
659 575 770 610 nuper
794 563 989 597 institutam
1019 559 1175 606 negotio,
1196 564 1269 595 tam
1299 559 1402 594 facile
1432 558 1659 600 dissolutam;
1681 558 1731 593 sic
1760 559 1939 604 populum,
1963 560 2012 595 sic

391 641 407 655 κ
430 637 593 672 proceres
618 625 804 672 plerosque
829 624 1000 658 animatos
1018 621 1139 663 fuisse,
1161 625 1212 663 ut,
1235 621 1264 656 si
1286 631 1348 655 rex
1366 621 1442 667 ipse
1465 633 1540 656 rem
1565 620 1656 656 serio
1684 624 1719 656 et
1744 620 1898 655 fidentur
1916 633 2008 656 com-

390 703 405 717 α
428 689 553 735 plexus
586 692 692 729 esset,
718 688 826 722 multo
858 687 1005 728 minore,
1027 696 1131 731 quam
1164 684 1230 719 sibi
1261 683 1419 729 fingebat
1444 682 1532 728 ipse,
1555 681 1698 728 negotio
1733 681 1858 728 religio
1887 686 2012 717 sancta

391 766 406 779 u
428 750 566 797 templis
585 750 657 784 suis
676 760 855 795 regnoque
881 748 1035 795 potuerit
1051 748 1203 783 restitui.
1225 748 1246 782 J
1250 758 1307 782 am
1334 746 1439 781 hodie
1466 756 1541 780 rem
1561 757 1699 781 omnem
1716 745 1822 780 ivisse
1839 756 1981 791 pessum
2004 759 2010 781 2

391 828 406 841 α
429 812 603 847 redditum
622 822 699 846 esse
713 810 889 845 haereticis
909 810 1144 857 gymnasium.
1168 811 1396 845 Juventutem
1409 807 1507 842 illam
1524 807 1707 853 praeclaris
1726 807 1801 842 istis
1818 808 2011 853 magistris,

389 888 403 902 κ
427 884 539 918 agnos
555 871 659 917 lupis,
670 871 903 905 commissam.
915 871 1155 908 Fortunarent
1171 872 1309 913 saltem,
1322 869 1504 917 optabant,
1519 880 1601 904 suas
1619 869 1869 905 Varszevickio
1885 871 2015 916 Superi

389 949 403 963 α
427 938 462 969 et
479 933 675 981 Vyssockio
703 943 824 973 curas3
848 932 906 978 qui
926 932 993 967 duo
1012 934 1105 980 apud
1133 934 1293 979 reginam
1322 943 1399 967 cum
1424 931 1560 965 duobus
1586 930 1826 966 sacerdotibus
1853 931 2009 973 novitiis,

388 1012 403 1026 α
426 997 570 1032 Alberto
606 1001 639 1032 et
668 996 865 1042 Arnulpho,
888 997 1107 1037 restiterant3
1131 995 1353 1040 meliorisque
1380 994 1414 1027 in
1444 993 1570 1028 Suecia
1600 993 1750 1027 fortunae
1779 994 1920 1029 nuntios
1941 995 2013 1029 suis

389 1074 403 1087 a
427 1058 625 1093 civitatibus
640 1058 795 1104 hospites
810 1058 1048 1093 restituerent.
1068 1057 1278 1091 solabantur
1293 1066 1330 1090 se
1344 1054 1498 1089 vicissim
1514 1054 1606 1089 Socii
1621 1054 1860 1091 recordatione
1876 1068 2008 1098 eorum,

389 1136 404 1150 α
428 1132 506 1167 quae
524 1121 560 1154 in
587 1120 714 1155 Suecia
729 1120 958 1166 pertulissent
986 1120 1169 1167 religionis
1188 1130 1307 1160 causa,
1330 1129 1476 1164 quaeque
1496 1118 1569 1152 Deo
1591 1117 1680 1152 bene
1696 1117 1857 1163 juvante,
1876 1117 2010 1153 effecis-

390 1198 405 1212 ει
428 1186 525 1218 sent:
539 1193 602 1228 per
621 1193 698 1217 eam
713 1182 930 1217 occasionem
944 1182 1142 1218 institutum
1158 1195 1235 1218 esse
1249 1194 1270 1217 a
1286 1181 1458 1227 Gregorio
1473 1180 1564 1215 XIII
1582 1180 1804 1215 seminarium
1817 1181 2011 1216 formandis

391 1260 406 1274 a
428 1244 579 1279 alumnis
612 1244 658 1279 ad
691 1256 792 1291 opem
827 1244 1016 1290 aliquando
1052 1245 1227 1279 laboranti
1266 1244 1402 1279 Sueciae
1429 1242 1621 1283 ferendam,
1642 1243 1840 1289 complures
1867 1243 2005 1279 adoles-

390 1322 405 1337 «
429 1312 546 1343 centes
572 1307 735 1353 virosque
764 1306 809 1342 ad
840 1306 1021 1353 religionis
1050 1307 1233 1342 catholicae
1259 1310 1294 1341 et
1325 1306 1465 1351 pietatis
1497 1304 1650 1339 studium
1688 1304 1882 1346 traductos,
1914 1304 2009 1339 labe-

388 1386 404 1400 α
426 1371 590 1405 factatam
617 1382 695 1405 esse
723 1370 871 1405 Lutheri
903 1369 1195 1406 existimationem
1230 1373 1264 1405 et
1291 1369 1491 1416 opinionem
1523 1367 1566 1402 de
1597 1367 1836 1402 ministrorum
1863 1379 2005 1402 suorum

392 1451 407 1466 a
430 1436 589 1471 doctrina
635 1435 900 1482 praejudicatam
917 1462 924 1475 ,
975 1434 1116 1469 relictos
1169 1436 1282 1468 certos
1320 1431 1447 1478 populo
1482 1429 1621 1465 libellos
1664 1433 1699 1464 et
1735 1434 1831 1465 certa
1861 1429 1898 1465 in
1931 1430 2007 1465 ani-

386 1513 402 1527 α
433 1499 498 1533 mis
526 1497 661 1533 semina
688 1496 841 1543 pietatis.
868 1514 883 1528 κ

431 1559 632 1595 Jucundum
658 1570 795 1605 quoque
826 1562 901 1593 erat
930 1557 1131 1593 meminisse
1157 1555 1372 1592 incredibilis
1400 1554 1474 1599 ejus
1501 1553 1721 1594 constantiae,
1748 1553 2011 1598 perdurantium

211 1632 357 1677 Yastonen·
384 1622 497 1658 adhuc
516 1623 551 1657 in
565 1622 647 1661 fide,
662 1621 837 1666 virginum
851 1620 942 1655 divae
962 1620 1127 1666 Birgittaer
1145 1617 1438 1657 Vastenensium;
1456 1620 1560 1661 atque
1580 1615 1654 1662 ejus
1669 1615 1815 1656 laetitiae,
1835 1616 2010 1662 triumpho

211 1672 357 1739 ffiffluffiffi
384 1687 519 1728 similis,
555 1697 596 1721 ex
622 1685 774 1720 adventu
811 1697 851 1720 eo
884 1685 1094 1720 Sociorum:
1118 1682 1209 1717 diem
1240 1679 1395 1716 tenebris
1431 1678 1516 1719 suis,
1550 1682 1652 1723 atque
1683 1677 1798 1712 subito
1830 1677 2011 1712 meridiem

210 1753 326 1796 renstan·
386 1747 561 1796 quendam
580 1751 693 1782 ortum
709 1746 898 1781 credebant
912 1746 995 1786 illae,
1018 1745 1102 1779 visis
1122 1744 1272 1790 primum
1291 1741 1420 1776 nostris
1438 1740 1648 1786 hospitibus.
1672 1739 2010 1786 Frequentissimum

212 1793 262 1817 ω’
385 1816 459 1848 erat
477 1810 834 1855 florentissimumque
856 1808 1046 1854 aliquando
1074 1807 1273 1852 virgineum
1293 1803 1391 1844 illud,
1413 1802 1570 1849 pluribus
1599 1802 1726 1836 abhinc
1754 1801 1893 1836 saeculis
1912 1801 2010 1835 insti-

385 1879 498 1910 tutum
514 1886 535 1908 a
550 1874 654 1908 beata
672 1872 838 1919 Birgitta,
854 1872 1048 1917 Collegium
1063 1884 1070 1911 3
1087 1871 1162 1916 jam
1177 1874 1260 1904 tunc
1279 1868 1446 1914 temporis
1461 1878 1604 1901 numero
1620 1866 1838 1911 hospitarum
1859 1865 1904 1899 ad
1927 1865 2010 1899 duo-

381 1935 552 1982 deviginti
571 1935 723 1975 redacto,
747 1935 859 1980 ipsum
888 1933 1013 1972 solum,
1031 1932 1161 1967 amoeni
1184 1932 1295 1966 instar
1322 1931 1358 1965 in
1380 1928 1521 1964 horrida
1541 1928 1640 1975 sylva
1662 1926 1805 1966 hortuli,
1828 1925 2011 1972 pulchrum

380 1999 525 2044 Deoque
539 2001 678 2043 gratum
693 1996 884 2030 visebatur.
904 1995 1062 2029 Praeerat
1076 1994 1157 2028 huic
1176 1992 1364 2027 Catharina
1382 1990 1577 2030 Benedicti,
1591 1990 1692 2035 virgo
1712 1992 1818 2023 aetate
1831 1991 2006 2033 provecta,

388 2061 479 2096 inter
506 2070 645 2094 sorores
672 2058 872 2104 religiosas,
903 2057 1003 2102 quasi
1035 2059 1147 2090 mater
1179 2066 1296 2100 apum,
1328 2053 1502 2098 magistra
1532 2063 1682 2091 morum,
1709 2054 1742 2085 et
1769 2048 2010 2084 sanctimoniae

382 2123 499 2157 vivum
523 2122 596 2156 suis
616 2121 794 2166 exemplar
818 2133 823 2154 z
842 2131 953 2154 annos
973 2118 1193 2153 continenter
1212 2115 1378 2150 tredecim
1398 2114 1517 2148 functa
1540 2112 1652 2148 officio
1680 2112 1860 2147 antistitae.
1881 2112 2010 2149 Quere-

383 2186 512 2220 bantur
531 2185 626 2230 ipsas
646 2184 712 2218 sibi
731 2182 872 2218 relictas
892 2193 984 2222 esse,
1003 2182 1121 2228 etjam
1142 2181 1200 2214 diu
1220 2177 1431 2226 praestolari‚
1454 2176 1512 2223 qui
1536 2175 1742 2222 magisteria
1760 2185 1823 2209 sua
1841 2174 2011 2220 religiosa

382 2253 455 2284 tum
485 2247 551 2281 sibi
582 2246 617 2280 in
648 2245 782 2292 primis,
805 2249 878 2279 tum
906 2256 992 2285 suae,
1016 2247 1053 2278 ut
1079 2246 1217 2283 vocant,
1240 2242 1432 2287 priorissae,
1455 2241 1521 2275 rite
1549 2239 1604 2275 vel
1629 2239 1831 2285 abrogaret,
1854 2237 2010 2273 suffectis

381 2310 474 2351 aliis,
493 2308 560 2349 vel,
583 2307 651 2342 nisi
665 2306 700 2340 id
720 2306 797 2340 fieri
815 2309 946 2351 posset,
965 2306 1172 2340 auctoritate
1195 2303 1374 2350 pontificia
1395 2302 1637 2342 confirmaret3
1660 2300 1786 2336 deinde
1814 2304 1947 2345 septem
1975 2299 2010 2334 in

386 2384 449 2408 suo
476 2371 626 2416 collegio
654 2380 792 2404 sorores
820 2369 879 2402 diu
907 2368 1059 2415 opperiri
1079 2366 1309 2408 sacerdotem,
1328 2365 1422 2412 apud
1440 2376 1542 2411 quem
1569 2364 1637 2398 ritu
1666 2374 1728 2397 suo
1747 2361 2008 2408 profiterentur.

384 2435 498 2481 Atque
518 2434 552 2468 id
565 2433 640 2479 jam
666 2435 795 2478 praesto
822 2435 907 2471 erat,
931 2430 1024 2476 quod
1053 2430 1287 2476 postulabant,
1310 2433 1482 2474 praesente
1506 2427 1698 2462 Possevino
1722 2426 1804 2460 :hic
1830 2437 1892 2471 pro
1919 2425 2011 2460 facta

385 2498 451 2532 sibi
476 2500 649 2543 potestate
674 2506 695 2528 a
723 2493 894 2528 Pontifice
922 2499 955 2528 et
989 2492 1218 2538 praefecturas
1247 2491 1297 2525 eis
1322 2490 1552 2530 confirmavit,
1570 2494 1604 2524 et
1623 2493 1756 2534 septem
1775 2488 1914 2523 illarum
1933 2499 2011 2534 pro-
