2184 2953
286 818 351 853 AD
395 816 715 856 CELSISSIMOS,
747 813 1159 854 ILLUSTRISSIMOS,
1198 811 1663 848 REVERENDISSIMOS

680 950 1274 998 DOMINOS

171 1103 440 1132 POSNANIENSIS,
488 1102 688 1131 PLOCENSIS,
733 1101 997 1130 LUCEORIENSIS,
1041 1099 1273 1129 LIVONIENSIS,
1314 1099 1512 1129 VILNENSIS,
1554 1100 1783 1131 VARMIENSIS,

551 1201 832 1231 SAMOGITIENSIS,
874 1200 1153 1225 SMOLENSCENSIS
1189 1199 1390 1222 DIOECESIUM

386 1328 1586 1398 EPXSOOPOS

227 1630 301 1665 JAM
332 1630 400 1664 duo
448 1628 597 1675 amplius
637 1627 769 1662 saecula
797 1631 890 1668 sunt,
933 1627 1121 1662 Pontifices
1154 1628 1399 1670 Illustrissimi‚
1435 1640 1512 1663 cum
1549 1629 1743 1676 operarios,
1776 1642 1797 1666 a

179 1695 262 1727 nata
297 1702 408 1737 nuper
438 1691 481 1726 B.
517 1690 643 1736 Ignatii
671 1689 838 1735 religiosa
865 1689 997 1724 familia
1024 1693 1193 1730 recentes,
1227 1689 1273 1724 ad
1304 1690 1444 1725 vineam
1476 1690 1630 1731 Domini,
1660 1691 1696 1726 in
1721 1703 1798 1727 ves-

179 1754 243 1789 tris
269 1753 555 1800 repastinandam
579 1752 780 1799 provinciis,
802 1751 919 1786 multis
946 1751 1041 1786 illam
1068 1763 1109 1786 ea
1135 1756 1342 1798 tempestate
1366 1752 1452 1787 locis
1482 1753 1538 1787 vel
1552 1752 1800 1795 incultam,vel

182 1828 244 1863 per
264 1815 457 1851 exitiabiles
482 1815 697 1850 advenarum
721 1813 966 1848 haeretieorum
987 1813 1126 1849 fraudes
1147 1814 1223 1860 jam
1247 1814 1306 1849 diu
1331 1815 1589 1858 silvescentem,
1611 1816 1655 1851 ab
1684 1816 1799 1858 Italia,

184 1878 385 1919 Germania,
428 1877 551 1923 Belgio
596 1876 823 1917 conduxistis,
854 1887 1049 1922 novamque
1085 1876 1251 1918 sobolem,
1281 1888 1351 1911 non
1382 1877 1458 1912 istis
1497 1881 1578 1913 ante
1627 1879 1804 1925 cognitam

185 1940 362 1987 gentibus,
395 1944 580 1985 paternum
614 1939 650 1973 in
688 1938 828 1973 modum
859 1937 1042 1984 complexi,
1088 1949 1149 1984 per
1183 1938 1370 1985 municipia
1414 1939 1620 1985 dispositam
1647 1945 1681 1976 et
1712 1941 1804 1976 colo-

185 2002 274 2044 nias,
317 2002 442 2038 vestris
473 2005 632 2037 ornatam
674 2000 863 2041 beneficiis,
909 2000 1155 2035 communitam
1203 2000 1390 2047 praesidiis,
1437 2001 1581 2048 regibus
1608 2005 1643 2037 et
1676 2004 1805 2049 populo

185 2064 469 2100 commendastis.
515 2064 572 2099 Sic
620 2063 769 2110 accepti,
826 2062 907 2109 quid
946 2065 1063 2097 vestro
1112 2062 1274 2109 deinceps
1335 2063 1385 2098 illi
1431 2064 1537 2100 ductu
1589 2066 1727 2111 egerint
1774 2070 1808 2102 et

187 2126 366 2173 imperiis:
403 2138 489 2173 quos
534 2130 651 2162 vestra
698 2137 761 2172 per
803 2125 898 2172 ipsos
936 2125 1048 2171 pietas
1099 2125 1248 2171 gentiles
1292 2126 1537 2169 Lstuanorum,
1592 2127 1803 2171 Russorum‚

189 2188 460 2235 Samogitarum‚
500 2188 682 2228 Livonum‚
736 2187 912 2222 Curonum
959 2187 1056 2228 deos,
1111 2187 1148 2221 in
1195 2187 1282 2222 lucis
1326 2188 1441 2223 adhuc
1489 2188 1607 2224 furtim
1646 2202 1668 2225 a
1707 2191 1810 2237 plebe

188 2250 312 2292 cultos,
347 2262 365 2286 e
404 2250 598 2296 quercubus
640 2249 712 2284 suis
744 2253 778 2284 et
804 2249 875 2284 aris
911 2248 956 2283 ad
1006 2260 1124 2283 orcum
1160 2250 1271 2295 egerit
1316 2250 1516 2296 praecipites
1540 2263 1655 2297 :quos
1684 2252 1809 2288 deinde

192 2323 295 2358 quam
322 2311 491 2347 immanes
534 2312 779 2347 haereticorum
818 2310 991 2358 cyclopes,
1030 2310 1121 2345 unde
1153 2314 1187 2346 et
1222 2323 1288 2357 quo
1317 2312 1434 2347 nescio
1475 2312 1610 2348 delatos
1636 2313 1705 2348 huc
1738 2318 1810 2349 tur-

189 2374 284 2416 bine,
322 2374 508 2421 proruerit,
555 2373 795 2420 profligaverit
825 2385 831 2407 t
871 2372 996 2418 quibus
1031 2372 1109 2414 viis,
1148 2373 1353 2408 abactorum
1383 2374 1600 2410 errabundos
1634 2377 1807 2422 vestigiis,

195 2448 322 2482 greges
359 2437 403 2471 ad
434 2440 592 2483 pastores
635 2447 718 2471 suos
748 2439 782 2471 et
816 2446 947 2481 pascua
995 2434 1164 2469 salutaria
1211 2436 1399 2478 reduxerit,
1434 2440 1469 2471 et
1516 2441 1662 2473 caeteras
1708 2439 1812 2485 hujus

194 2499 334 2543 generis
369 2499 475 2538 domi,
528 2509 688 2544 peregre,
728 2501 762 2532 et
789 2496 963 2531 interdum
1007 2496 1152 2537 militiae,
1185 2508 1242 2532 pes
1278 2498 1389 2544 primo
1428 2503 1549 2534 nostro
1580 2500 1708 2535 saeculo
1745 2513 1807 2547 per

1672 2574 1697 2597 II
