2184 2953
818 305 1052 336 APPENDICES.
1678 307 1739 340 449

127 412 288 447 Omnium
315 416 431 447 autem
447 413 569 446 horum
590 411 756 447 alienatio
788 413 850 447 sub
873 413 1030 447 censuris
1053 412 1312 455 ecclesiasticis,
1336 416 1369 447 et
1380 413 1443 447 sub
1461 413 1621 451 nullitate
1639 419 1737 451 actus

123 479 163 502 ac
196 467 409 513 obligatione
436 467 640 502 restituendi
684 471 737 502 est
767 469 884 502 vetita.
915 468 1082 513 (Primum
1113 469 1251 514 quidem
1282 480 1303 502 a
1340 469 1375 503 S.
1412 469 1530 504 Leone
1562 471 1590 505 I.
1621 472 1732 518 Papa,

123 536 178 559 an.
205 525 275 559 447
299 538 306 566 ;
323 529 442 571 postea
460 537 543 560 vero
562 537 583 560 a
601 525 711 560 Paulo
731 526 763 560 ΙΙ
783 524 977 569 Extravag.
1006 525 1219 565 Ambitiosoe,
1242 535 1262 558 a
1282 523 1393 558 Paulo
1414 524 1462 559 IV
1484 525 1518 560 in
1538 526 1731 574 Extravag.

123 583 334 624 Infima-lum,
373 585 407 615 et
433 592 454 615 a
477 581 539 615 Pio
566 581 598 615 V
636 585 671 616 et
694 592 715 615 a
734 579 888 616 Concilio
908 579 1126 620 TridentinO,
1149 579 1244 614 Sess.
1266 580 1326 614 22.
1353 580 1437 626 Cap.
1465 581 1519 616 11.
1543 581 1585 618 de
1611 586 1735 626 Refor-

122 637 301 682 macione.)

170 692 207 727 2⁰
230 693 300 727 Per
323 693 412 726 hanc
429 692 675 727 alienationem
690 692 910 738 episcopatus
930 690 1188 727 Premisliensis
1199 690 1301 737 (idem
1317 693 1432 725 autem
1444 696 1497 728 est
1509 693 1680 739 judicium
1695 696 1738 731 de

123 748 324 794 episcopatu
360 748 595 788 Luceoriensi,
627 748 895 788 Mscislaviensi,
915 748 1061 783 ecclesia
1077 747 1113 782 S.
1136 746 1277 792 Sophiae
1292 750 1326 781 et
1340 747 1430 793 aliis)
1444 755 1654 795 usurparent
1673 752 1739 786 sibi

122 803 334 838 schismatici
356 803 635 849 jurisdictionem
665 803 699 837 in
727 803 883 846 animas3
902 815 979 849 quae
1004 803 1095 849 lupis
1114 803 1149 837 in
1173 814 1254 838 oves
1270 803 1400 838 Christi
1420 816 1483 840 nec
1501 817 1522 840 a
1542 807 1640 852 Papa
1660 820 1739 843 con-

123 858 199 893 cedi
218 862 344 904 potest,
370 858 477 892 multo
506 859 655 893 minusa
674 859 882 904 magistratu
910 863 968 893 aut
998 870 1019 893 a
1046 858 1224 905 republica
1258 859 1432 895 saeculari.
1456 862 1602 907 Insuper
1621 864 1738 909 aequi-

123 917 241 948 rerent
268 913 480 948 schismatici
508 917 715 959 potestatem
738 913 1005 948 administrandi
1037 918 1269 954 sacramenta,
1287 926 1365 960 quae
1386 916 1532 952 subditis
1555 929 1624 952 non
1659 919 1741 954 licet

124 969 299 1015 suscipere
330 969 373 1003 ab
400 969 574 1004 haereticis
600 969 797 1015 pastoribus
814 969 933 1016 quales
949 973 1029 1004 sunt
1058 970 1094 1004 hi
1109 970 1332 1004 schismatici.
1372 970 1602 1017 Acquirerent
1637 975 1740 1009 etiam

119 1026 179 1071 jus
210 1024 357 1059 docendi
374 1025 538 1070 populum
557 1025 622 1060 sibi
638 1025 842 1070 subjectum,
866 1038 906 1060 ac
926 1037 987 1071 per
1005 1027 1288 1071 consequentiam
1310 1027 1458 1062 docendi
1478 1040 1537 1064 eas
1556 1041 1643 1075 quas
1662 1043 1741 1077 pro-

123 1081 266 1116 fitentur
285 1082 439 1116 haereses
458 1082 500 1116 de
519 1082 742 1127 processione
761 1081 909 1126 Spiritus
925 1081 1043 1115 Sancti
1062 1093 1079 1115 a
1100 1081 1174 1116 solo
1194 1082 1314 1122 Patre,
1350 1083 1393 1118 de
1423 1084 1585 1119 Romano
1624 1086 1742 1121 Ponti-

123 1137 200 1177 fice,
217 1137 309 1183 quod
336 1148 405 1171 non
432 1138 477 1171 sit
500 1138 627 1172 Pastor
663 1138 769 1172 totius
802 1137 970 1172 Ecclesiae.
989 1137 1117 1172 Christi
1149 1141 1212 1172 etc.
1236 1151 1243 1180 ;
1266 1150 1343 1184 quae
1369 1140 1486 1174 omnia
1506 1145 1586 1176 sunt
1605 1141 1740 1178 illicita.

126 1193 285 1238 Denique
304 1193 522 1239 acquirerent
540 1194 608 1228 vim
621 1193 803 1228 coercendi
824 1193 937 1238 poenis
954 1204 1025 1234 eos,
1048 1193 1105 1238 qui
1123 1193 1192 1227 illis
1212 1193 1345 1228 nollent
1363 1195 1519 1237 obedire,
1541 1208 1581 1232 ac
1600 1199 1745 1243 proinde

127 1248 294 1295 puniendi
314 1249 504 1284 catholicos
531 1249 661 1290 unitos,
684 1249 738 1295 qui
764 1249 1063 1284 schismaticorum
1091 1260 1228 1284 errores
1247 1254 1417 1296 respuunt
1433 1264 1440 1293 ;
1459 1252 1551 1297 quod
1570 1254 1675 1289 etiam
1695 1259 1748 1290 est

129 1304 296 1339 Ecclesiae
314 1304 532 1350 injuriosum.

177 1360 214 1395 3⁰
234 1360 324 1398 Quia
338 1360 475 1395 etiamsi
502 1372 678 1406 nunquam
699 1360 916 1406 episcopatus
944 1359 1215 1402 Premisliensis,
1243 1364 1303 1396 aut
1335 1362 1409 1408 ejus
1428 1363 1610 1410 episcopus
1641 1370 1747 1402 antea

128 1416 250 1451 fuisset
267 1416 397 1456 unitus,
415 1427 455 1450 eo
471 1415 545 1461 ipso
562 1415 654 1461 quod
672 1427 763 1450 nunc
795 1426 836 1450 ea
866 1416 958 1450 bona
993 1416 1229 1451 ecclesiastica
1249 1417 1350 1451 modo
1382 1418 1539 1463 legitimo
1567 1422 1747 1468 assignata

129 1476 211 1506 sunt
236 1483 258 1506 a
284 1471 424 1506 Summo
458 1471 626 1506 Pontifice
646 1475 680 1506 et
702 1471 922 1506 serenissimo
946 1471 1049 1517 Rege
1076 1484 1138 1518 pro
1160 1473 1323 1519 episcopo
1351 1474 1461 1515 unito,
1483 1477 1695 1512 transierunt
1710 1478 1745 1512 in

124 1528 182 1574 jus
210 1526 390 1568 Ecclesiae,
413 1530 493 1562 sunt
511 1538 593 1562 vere
612 1530 646 1561 et
664 1527 802 1572 proprie
822 1527 914 1561 bona
929 1527 1097 1562 Ecclesiae
1115 1528 1310 1569 catholicae,
1335 1540 1375 1564 ac
1402 1530 1547 1575 proinde
1577 1544 1645 1567 non
1666 1545 1744 1579 pos-

129 1585 211 1617 sunt
240 1581 281 1616 ab
313 1593 355 1616 ea
387 1582 549 1623 alienari,
584 1582 651 1616 nisi
682 1582 923 1617 consentiente
954 1583 1116 1618 Romano
1149 1584 1332 1625 pontifice,
1370 1585 1519 1622 Pastore
1559 1588 1743 1624 Ecclesiae,

130 1638 243 1673 Multo
262 1641 377 1672 autem
403 1637 516 1683 magis
536 1649 604 1671 non
632 1641 778 1683 possunt
813 1638 935 1673 eadem
954 1638 1030 1673 dari
1057 1640 1233 1674 haereticis
1269 1643 1303 1675 et
1329 1641 1489 1677 hostibus
1517 1643 1553 1678 S.
1576 1644 1748 1680 Romanae

131 1693 300 1729 Ecclesiae
315 1693 492 1739 pejoribus
507 1704 610 1738 quam
630 1693 698 1727 sint
715 1693 781 1738 ipsi
796 1694 882 1728 meri
896 1694 1066 1734 haeretici,
1088 1699 1126 1730 ut
1145 1708 1251 1742 supra
1269 1696 1352 1731 dixi.

180 1749 217 1783 4⁰
236 1748 376 1783 Certum
395 1754 460 1789 est,
477 1752 515 1783 ut
530 1749 725 1783 ostenditur
744 1748 788 1782 ab
804 1749 922 1790 unitis,
958 1750 993 1783 in
1020 1749 1080 1784 illo
1101 1750 1302 1797 episcopatu
1328 1752 1436 1787 fuisse
1459 1753 1622 1789 unionem
1641 1755 1748 1791 multo

131 1807 213 1838 ante
227 1807 385 1849 tempora
403 1804 559 1838 moderni
578 1803 743 1849 episcopi,
775 1807 812 1837 ut
836 1802 925 1838 infra
952 1805 1148 1841 ostendam.
1167 1807 1269 1842 Esset
1283 1811 1399 1843 autem
1427 1811 1618 1856 contrajus
1636 1812 1747 1847 unito-

132 1872 209 1895 rum
224 1872 265 1895 ac
282 1860 427 1906 proinde
437 1860 606 1906 iniquum,
628 1859 734 1894 unitis
753 1860 828 1895 hrec
847 1861 939 1895 bona
952 1862 1142 1904 auferre,et
1152 1864 1309 1899 conferre
1324 1866 1531 1907 non-unitis,
1554 1871 1588 1902 et
1605 1868 1748 1915 iniquis-

134 1917 221 1951 sima
252 1920 345 1950 esset
362 1915 432 1957 lex,
468 1928 545 1961 quae
563 1916 599 1950 id
617 1915 827 1961 approbaret
846 1929 852 1951 z
880 1917 1091 1963 approbaret
1116 1919 1208 1953 enim
1221 1919 1312 1965 juris
1331 1919 1436 1954 alieni
1448 1921 1684 1958 violationem.

182 1972 219 2008 5⁰
242 1972 359 2018 Majus
373 1971 503 2006 malum
523 1975 576 2006 est
601 1972 741 2006 tradere
768 1973 910 2018 templa,
934 1978 1165 2014 sacramenta,
1191 1975 1477 2020 suppellectilem,
1500 1977 1592 2012 bona
1610 1979 1749 2014 stabilia

135 2031 168 2063 et
183 2028 314 2062 animas
333 2027 534 2062 innumeras
553 2027 711 2062 hostibus
731 2027 910 2069 Ecdesiae,
925 2041 1027 2075 quam
1047 2030 1216 2064 similibus
1230 2030 1389 2065 hostibus
1407 2031 1546 2067 tradere
1561 2045 1681 2069 sacros
1695 2046 1750 2069 co-

137 2085 242 2120 dices.
271 2085 316 2120 Et
345 2089 461 2120 tamen
498 2084 580 2119 dum
599 2084 808 2119 Diocletiani
828 2085 1052 2131 Imperatoris
1072 2086 1226 2126 decreto,
1245 2091 1513 2122 commemorato
1529 2089 1750 2136 as.Augus-

137 2141 209 2176 tino
234 2140 296 2187 (De
310 2143 489 2183 Baptismo
503 2140 527 2175 l.
545 2141 627 2181 VII,
647 2153 677 2175 c.
696 2141 743 2185 2),
766 2144 976 2186 cogerentur
1007 2141 1186 2176 christiani
1209 2152 1268 2176 eos
1295 2142 1441 2177 ethnicis
1459 2143 1621 2186 tradere,
1643 2146 1750 2182 male-

138 2197 222 2231 bant
257 2200 401 2231 mortem
433 2196 562 2237 subire,
586 2208 689 2242 quam
715 2207 774 2231 eos
806 2197 952 2241 (etiamsi
977 2197 1047 2231 alia
1086 2196 1299 2242 exemplaria
1331 2197 1480 2233 describi
1517 2203 1552 2235 et
1583 2201 1751 2237 occultari

138 2253 291 2298 possent)
327 2252 402 2286 sine
435 2252 507 2287 ullo
544 2253 669 2286 damno
701 2252 883 2297 religionis
912 2253 1065 2287 tradere.
1101 2251 1253 2297 Ideoque
1285 2253 1444 2288 Ecclesia
1478 2266 1538 2290 eos
1572 2260 1750 2304 tamquam

139 2311 311 2353 martyres
330 2306 411 2341 colit
425 2308 447 2343 „⁶2
459 2308 617 2353 januarii
635 2307 670 2342 in
693 2307 943 2354 martyrologio
963 2308 1136 2343 Romano.

189 2365 226 2400 6⁰
253 2365 371 2410 Majus
385 2369 439 2400 est
457 2366 540 2401 dare
559 2366 711 2400 totaliter
730 2369 764 2400 et
781 2364 815 2398 in
835 2368 1039 2410 perpetuum
1066 2364 1157 2398 bona
1184 2363 1326 2398 mobilia
1345 2368 1378 2399 et
1397 2364 1600 2409 immobilia,
1622 2371 1656 2402 et
1669 2369 1751 2414 jura

143 2420 321 2461 Ecclesiae,
339 2432 442 2466 quam
469 2421 553 2455 dare
567 2425 701 2455 tantum
728 2421 765 2455 in
791 2419 1059 2466 emphyteusim,
1082 2431 1115 2454 V.
1134 2431 1169 2465 g.
1188 2419 1230 2453 ad
1256 2419 1475 2464 decennium,
1497 2423 1552 2458 vel
1568 2423 1685 2459 locare
1707 2424 1752 2459 ad

143 2474 422 2521 quadriennium.
445 2476 502 2512 Sic
516 2477 609 2513 enim
624 2477 716 2512 bona
733 2476 836 2512 alteri
862 2476 992 2511 tradita
1014 2487 1077 2510 nec
1095 2475 1294 2510 amitterent
1314 2476 1480 2512 directum
1500 2478 1692 2515 dominium
1706 2480 1755 2527 (ut

1628 2566 1660 2592 57
