2184 2953
475 303 535 338 154
862 304 1138 334 LITUANICARUM
1161 304 1373 333 SOCIETATIS
1394 303 1479 333 JESU
1504 303 1753 333 HISTORIARUM

303 396 366 423 1587
476 402 602 444 genter
619 398 817 434 auscultare
841 411 848 434 :
871 400 978 434 verba
1008 399 1303 441 concionantium,
1334 402 1370 433 ut
1394 399 1443 434 ita
1471 399 1598 439 dicam,
1614 399 1814 440 devorare,
1842 410 1883 433 ac
1908 398 2098 445 gemitibus

477 460 595 496 multis
621 464 655 496 et
684 461 848 508 lacrymis
867 462 1028 508 excipere
1048 474 1054 496 :
1077 461 1236 496 confiteri
1251 461 1400 507 denique
1423 461 1489 496 rite
1510 466 1668 508 peccata,
1688 462 1837 508 indeque
1856 473 1892 497 se
1911 462 1956 496 ad
1974 462 2101 496 bonam

304 530 419 562 Quercus
478 523 615 569 frugem
634 524 802 570 recipere.
826 524 949 570 ltaque
976 523 1114 558 facilius
1141 535 1246 570 passa
1271 535 1357 569 gens
1377 528 1443 563 est,
1466 524 1621 558 exscindi
1637 536 1719 558 suas
1740 535 1888 570 quercus
1907 535 2040 559 sacras.
2063 525 2104 559 In

303 569 428 637 {grgffcsffi
479 585 632 632 aliquam
647 597 767 621 earum
787 597 863 620 cum
879 586 1043 620 sacerdos
1062 590 1193 626 noster,
1216 589 1377 631 stupente
1391 589 1425 620 et
1444 585 1512 619 sibi
1531 590 1706 620 momente
1725 597 1788 632 per
1802 585 2020 631 religionem,
2033 597 2105 620 non

479 648 618 694 penitus
637 649 752 683 adhuc
783 652 994 694 exemptam,
1016 648 1159 694 populo,
1191 648 1339 683 securim
1370 648 1545 694 adigeret,
1568 649 1756 683 obscoenus
1776 649 1882 690 bubo,
1905 660 2008 695 quem
2036 660 2104 683 non

480 715 611 746 temere
642 711 782 757 quidam
814 711 1092 745 cacodxemonem
1125 711 1233 745 fuisse
1257 711 1453 751 crederent,
1480 711 1572 746 edito
1589 712 1739 746 stridore
1769 711 1943 752 horribili,
1982 723 2000 746 e
2019 722 2105 746 cavo

308 757 397 821 1583&
481 774 608 820 stipitis
627 774 790 808 evolavit.
810 774 895 808 Inde
910 785 997 819 gens
1013 785 1150 808 errores
1169 785 1250 807 suos
1263 785 1468 819 agnoscere,
1487 774 1641 819 ritusque
1658 773 1919 819 superstitiosos
1934 774 2102 809 execrari.

307 835 441 882 Tem-poris
531 837 683 872 Octavus
701 841 736 872 et
754 837 938 871 vicesimus
957 837 1062 882 hujus
1081 836 1201 871 saeculi
1215 847 1328 870 annus
1343 847 1405 881 per
1416 836 1580 877 Galliam,
1595 837 1815 883 Hispaniam,
1834 836 2009 882 Belgium,
2024 837 2106 872 Sco-

306 877 430 943 ppgtxlcn-
481 900 578 940 tiam,
600 899 778 945 Angliam,
800 898 977 945 implicitis
1004 898 1095 933 bello
1111 898 1288 943 gentibus,
1316 898 1552 939 turbulentus,
1572 898 1715 933 Polonis
1744 899 1887 945 insuper
1906 898 2108 944 pestilentia

483 961 635 1002 infamis,
657 961 901 995 astronomicis
919 961 1070 995 Joannis
1098 960 1374 1005 Regiomontani
1398 960 1685 1005 praedietionibus
1713 960 1868 995 creditus
1889 964 1941 995 est
1965 972 2106 1006 respon-

482 1024 587 1059 disse.
607 1024 726 1069 Hujus
745 1023 939 1058 astronomi
954 1024 975 1057 J
980 1035 1111 1057 oannes
1131 1022 1409 1061 Kwiatkiewicz,
1428 1026 1548 1057 noster
1575 1034 1593 1057 e
1612 1022 1775 1068 polonica
1803 1023 1983 1068 provincia
2003 1034 2109 1057 auna-

481 1087 566 1122 lium
585 1086 746 1132 scriptor,
768 1086 946 1120 fatidicum
966 1097 1106 1120 carmen
1126 1085 1251 1119 recitat
1272 1085 1455 1130 ejusmodi.
1487 1085 1573 1119 Post
1589 1085 1683 1120 mille
1698 1085 1854 1131 expletos
1873 1097 1895 1120 a
1909 1089 2012 1132 partu
2033 1085 2108 1119 Vir-

483 1149 574 1195 ginis
589 1160 714 1188 annos,
736 1152 770 1183 et
786 1151 865 1194 post
892 1147 1102 1194 quingentos
1129 1158 1251 1181 rursus
1270 1147 1313 1181 ab
1340 1158 1402 1181 axe
1417 1147 1532 1188 datos,
1555 1147 1789 1193 octogesimus
1809 1147 1978 1182 mirabilis
1997 1159 2108 1182 annus

310 1219 439 1260 Portenta
482 1212 635 1258 ingruet,
658 1215 691 1245 et
722 1222 839 1245 secum
870 1209 981 1244 tristia
1013 1209 1086 1244 fata
1115 1209 1243 1243 trahet.
1275 1209 1370 1243 Idem
1400 1209 1580 1244 annalium
1608 1221 1750 1244 suorum
1778 1214 1900 1244 auctor
1920 1213 2052 1250 narrat,
2071 1210 2107 1244 in

310 1256 448 1321 ssfflnnta-
482 1274 630 1320 'regione
645 1273 795 1319 quadam
811 1272 1033 1307 Pomeraniae
1048 1272 1249 1306 ol.»scoenum
1265 1283 1307 1305 ex
1318 1271 1464 1317 piscium
1480 1283 1610 1317 genere
1627 1283 1746 1318 pecus,
1761 1276 1875 1306 rostro
1890 1275 2106 1312 mucronato,

487 1336 590 1371 certis
614 1335 811 1369 litterarum
837 1334 1094 1368 interstinctum
1123 1333 1227 1373 notis,
1252 1333 1402 1367 belluam
1420 1333 1551 1379 xiphiae
1571 1333 1731 1373 similem,
1749 1337 1821 1368 toto
1836 1337 1936 1379 tergo
1957 1333 2105 1374 ensium,

486 1398 691 1445 pugionum,
717 1396 938 1437 vexillorum,
960 1396 1167 1442 equinorum
1195 1396 1360 1441 capitum,
1392 1395 1524 1435 feretri,
1555 1395 1775 1441 aliorumque
1801 1395 2109 1430 formidolosorum

488 1461 598 1507 signis
619 1463 854 1494 monstrorum
874 1458 1102 1499 maculosam,
1121 1459 1255 1504 piscatu
1272 1470 1348 1494 csse
1363 1457 1661 1505 comprehensam.
1682 1458 1817 1492 Praeter
1832 1459 1909 1493 haec
1924 1457 2017 1493 haud
2032 1470 2111 1505 pro-

489 1524 544 1559 cul
568 1521 781 1568 Rhodopoli,
800 1522 900 1561 urbe,
919 1521 1050 1567 opinor,
1071 1520 1244 1561 Thraciae,
1267 1532 1373 1555 avaro
1394 1519 1509 1555 nescio
1525 1519 1578 1553 cui
1598 1530 1707 1565 panes
1732 1529 1753 1552 a
1772 1530 1809 1553 se
1829 1519 1952 1565 pistos,
1973 1531 2110 1566 promp-

490 1590 613 1631 tosque
631 1597 649 1619 e
668 1584 784 1625 furno,
810 1595 974 1618 manasse
994 1583 1094 1628 quasi
1124 1582 1305 1629 lacrymis,
1332 1595 1411 1617 mox
1438 1586 1548 1617 totum
1564 1583 1639 1629 ejus
1666 1587 1810 1618 mactra*
1828 1584 1957 1618 factum
1972 1584 2006 1618 in
2022 1584 2114 1619 cine-

490 1659 563 1682 rem
582 1650 616 1681 et
633 1645 785 1680 favillam
810 1656 887 1680 esse
903 1644 1123 1679 dissolutum.
1149 1645 1296 1683 Quibus,
1320 1645 1348 1679 si
1369 1645 1417 1679 ita
1444 1646 1585 1687 suerint,
1605 1647 1717 1692 signis
1745 1658 1789 1681 an
1814 1659 1939 1682 revera
1952 1648 2114 1693 portendi

490 1709 636 1756 aliquid,
666 1708 896 1753 hominesque
927 1707 1076 1742 monitos
1105 1707 1198 1741 Deus
1235 1706 1397 1747 voluerit,
1427 1708 1521 1743 haud
1549 1709 1709 1754 equidem
1738 1709 1890 1755 disputo.
1919 1710 2114 1756 Utrumque

491 1771 707 1813 mortalibus,
743 1771 854 1816 ajunt,
877 1771 912 1804 in
940 1769 1148 1815 religionem
1168 1770 1307 1804 venisse
1329 1775 1412 1805 ante
1431 1770 1644 1816 periculum3
1664 1782 1827 1806 successu
1843 1771 1990 1817 denique
2008 1772 2115 1818 pesti-

490 1836 608 1871 lentia}
628 1845 813 1880 rerumque
834 1833 965 1879 passim
996 1833 1214 1867 turbidarum
1234 1831 1501 1877 prajudieatam
1530 1844 1571 1866 cx
1591 1833 1763 1868 ominibus
1792 1834 1989 1880 opinionem
2007 1835 2115 1870 fuisse

492 1898 743 1933 confirmatam.

317 1940 427 2011 Leggii'o
543 1961 583 1995 In
611 1959 772 1998 Polonia,
793 1956 1041 1992 dissidentibus
1064 1956 1154 1990 inter
1179 1966 1215 1989 se
1242 1955 1457 2001 Sigismundi
1479 1956 1575 2001 regis
1598 1960 1632 1990 et
1651 1957 1917 2002 competitorum
1942 1957 2114 2003 partibus,

318 2018 460 2045 Pontificia
495 2023 647 2057 adventu
673 2020 849 2055 Pontificii
878 2018 923 2053 ad
942 2018 1096 2052 Polonos
1116 2017 1254 2063 Legati,
1286 2016 1474 2051 cardinalis
1508 2017 1692 2064 Hippolyti
1718 2018 1973 2053 Aldobrandini
2004 2020 2116 2065 (quem

318 2060 445 2125 {25⁰1sp
496 2084 598 2131 paulo
619 2087 696 2129 post
715 2083 830 2118 Roma
850 2080 1054 2115 Pontificem
1071 2079 1264 2114 Maximum
1285 2079 1473 2114 Clementis
1492 2080 1614 2114 Octavi
1630 2080 1769 2115 nomine
1789 2080 1978 2126 salutavit),
2001 2092 2114 2121 omne,

495 2148 588 2195 quod
607 2159 787 2194 procerum
804 2145 978 2180 discordia
1004 2143 1191 2178 creabatur
1206 2154 1329 2187 regno,
1351 2142 1547 2176 discussum
1567 2142 1778 2188 periculum,
1800 2143 1874 2188 ejus
1894 2143 1943 2176 rei
1963 2154 2118 2177 summus

493 2223 609 2246 rerum
625 2210 777 2245 omnium
797 2207 928 2242 arbiter
940 2205 1098 2253 jucundo
1113 2205 1309 2250 polonicam
1330 2208 1469 2250 gentem
1485 2209 1626 2240 ostenso
1646 2206 1899 2250 pl‘u}¹1110nuisse
1913 2205 2020 2240 visus.
2040 2205 2115 2243 Quo

492 2277 648 2319 tempore
668 2271 855 2318 prodibant
882 2269 1020 2303 obviam
1049 2268 1143 2302 cives
1171 2267 1287 2302 feciali
1315 2278 1471 2307 romano,
1491 2268 1618 2302 moenia
1637 2267 1816 2302 Cracoviae
1840 2267 2014 2307 subeunti,
2036 2278 2116 2301 con-

493 2341 647 2383 spectum
663 2347 683 2369 a
702 2334 833 2374 multis,
855 2333 1091 2379 religioseque
1124 2331 1360 2365 existimatum
1384 2343 1389 2364 :
1412 2342 1518 2376 [ssope
1538 2341 1668 2364 cornua
1683 2329 1872 2364 crescentis
1900 2329 2006 2369 lunae,
2028 2327 2114 2362 invi-

493 2411 568 2434 sum
584 2397 734 2431 antehac
753 2395 828 2435 ulli,
852 2396 950 2429 mira>
977 2394 1150 2429 claritatis
1182 2393 1290 2432 sidus,
1322 2393 1556 2438 auguratione
1577 2391 1728 2426 omnium
1753 2390 1987 2437 praenuntium
2006 2389 2114 2425 felici-

490 2460 574 2496 tatis
592 2459 755 2506 publican
782 2458 872 2492 Toto
896 2457 982 2491 illud
1002 2457 1076 2503 ejus
1099 2456 1313 2490 celebritatis
1332 2460 1501 2501 tompore,
1523 2466 1660 2501 unaque
1684 2466 1762 2501 spes
1786 2455 1902 2489 nescio
1918 2454 2014 2500 cujus
2035 2453 2115 2488 boni

491 2527 617 2561 erectae
636 2522 680 2557 ad
712 2520 946 2568 spectaculum
965 2520 1097 2554 civitati
1118 2519 1332 2561 affulgebat;
1361 2520 1542 2563 ingressus
1578 2520 1694 2565 itaque
1720 2519 1953 2565 pacificatoris
1980 2518 2105 2564 legati,
2168 2511 2178 2538 ¹>
