2184 2953
752 289 857 317 LIBER
883 289 1017 317 PRIMUS
1041 289 1252 326 (1564-1570).
1770 287 1805 317 11

195 392 264 415 non
282 380 440 415 interfuit
471 383 617 419 tantum,
654 380 715 413 sed
750 379 901 414 Romani
930 378 1108 413 Pontificis
1131 379 1269 414 nomine
1299 379 1404 414 etiam
1423 379 1647 425 prssesidebat.
1671 378 1800 414 Canisii

193 453 327 488 quoque
357 445 391 476 et
424 441 650 486 complurium
683 452 701 475 e
730 441 899 475 Societate
942 441 1028 476 Jesu
1062 440 1229 481 virorum,
1251 441 1419 476 adversus
1450 442 1633 476 haereticos
1663 445 1804 476 strenue

191 503 434 549 pugnantium,
457 502 550 537 fama
576 502 619 537 de
638 501 767 548 pietate
786 506 819 537 et
846 502 1005 537 doctrina
1023 503 1230 548 percrebuit.
1252 503 1305 537 Ex
1323 503 1448 537 horum
1471 514 1555 548 ergo
1587 503 1712 538 castris
1734 503 1800 536 viri

191 567 227 601 in
245 567 437 606 Varmiam,
459 565 668 607 Lituaniam‚
687 565 867 600 Poloniam
890 564 1048 598 certatim
1069 575 1089 598 a
1116 565 1214 599 bonis
1243 565 1457 611 principibus
1476 565 1628 599 invitari.
1660 566 1801 599 Primus

191 628 309 663 Socios
341 627 472 662 Hosius
504 627 700 662 Cardinalis
719 627 754 661 in
772 626 951 661 Varmiam
987 625 1130 660 deduxit
1149 626 1326 667 undenos;
1363 626 1543 672 assignato
1562 627 1801 672 Brunsbergae

191 689 362 724 domicilio
399 689 433 723 in
469 689 606 724 deserto
644 689 958 724 Franciscanorum
989 687 1160 722 coenobio.
1194 688 1296 722 Anno
1320 688 1442 723 salutis
1472 688 1576 726 1564,
1612 699 1633 722 a
1663 688 1804 722 condita

191 751 365 786 Societate
393 750 532 789 XXVI,
556 750 750 796 Praeposito
766 748 929 785 Generali
958 749 1003 788 II,
1033 748 1166 783 Jacobo
1196 749 1333 789 Lainio,
1356 748 1448 784 Socii
1480 760 1522 783 ex
1540 748 1644 783 Italia
1661 753 1693 783 et
1716 749 1802 784 Ger-

189 811 306 846 mania
336 812 468 856 accepti
512 811 548 845 in
583 811 787 851 Varmiam;
833 810 1002 856 probante
1044 810 1209 845 antistitis
1240 811 1292 845 sui
1335 810 1517 845 consilium
1549 813 1583 856 (i)
1614 810 1803 846 venerabili

189 873 433 908 canonicorum
468 873 724 908 Varmiensium
753 872 921 917 collegio:
955 872 1185 917 praesentibus
1222 873 1357 907 duobus
1402 872 1658 914 Cardinalibus,
1694 872 1804 907 Hosio

189 941 222 972 et
251 937 389 971 Joanne
420 935 608 970 Francisco
646 935 918 976 Connnendono,
956 946 1077 969 recens
1109 934 1174 968 1100
1206 935 1365 970 Romana
1401 939 1524 969 ornato
1556 946 1722 981 purpura,
1745 947 1806 981 per

188 1008 310 1031 manus
345 996 446 1031 Hosii
477 995 607 1041 delata.
648 996 688 1030 In
718 996 975 1041 possessionem
1006 996 1169 1030 domicilii
1199 996 1324 1032 incola}
1356 997 1438 1031 novi
1475 1008 1594 1032 mense
1626 997 1806 1031 novembri

187 1057 443 1103 immigrarunt.
481 1057 691 1092 Confirmata
724 1057 841 1091 statim
873 1057 1020 1102 publicis
1045 1058 1197 1104 episcopi
1224 1058 1348 1093 tabulis
1380 1059 1518 1093 colonia
1544 1059 1610 1093 hoc
1629 1059 1703 1105 ipso
1723 1064 1806 1093 tem-

188 1132 285 1167 pore,
307 1120 468 1166 deinceps
495 1130 585 1154 anno
615 1119 811 1164 insequenti
830 1131 892 1165 per
912 1120 1092 1166 Synodum
1123 1119 1370 1154 canonicorum
1388 1121 1659 1160 Provincialem‚
1691 1121 1807 1156 Heils-

188 1184 305 1229 bergae
335 1182 503 1222 habitam,
538 1182 663 1216 deinde
688 1193 709 1216 a
737 1182 897 1216 Romano
935 1181 1103 1217 Pontifice
1134 1182 1196 1216 Pio
1231 1182 1263 1215 V
1297 1193 1388 1216 anno
1428 1182 1532 1218 1571.
1573 1182 1805 1218 Duodecimus

186 1244 356 1279 kalendas
384 1244 598 1289 septembres
616 1255 679 1289 pro
694 1243 803 1278 natali
823 1244 898 1289 ejus
919 1243 1064 1289 Collegii
1083 1243 1138 1278 die
1163 1248 1246 1289 quot
1269 1245 1370 1279 annis
1395 1244 1560 1290 religiose
1580 1245 1802 1287 observatur,

187 1318 253 1352 quo
289 1305 420 1340 scilicet
450 1305 493 1340 de
525 1305 738 1340 collocandis
764 1305 1004 1351 Brunsbergae
1037 1305 1146 1340 Sociis
1164 1306 1344 1352 negotium
1378 1318 1440 1353 per
1472 1307 1651 1353 Synodum
1683 1308 1806 1343 eodem

187 1379 278 1403 anno
314 1370 539 1401 transactum.
574 1367 626 1401 De
657 1367 870 1401 advenarum
904 1368 1083 1402 Sociorum
1113 1368 1313 1402 nominibus
1348 1368 1435 1403 nihil
1467 1369 1502 1403 in
1534 1368 1805 1414 provincialibus

184 1431 436 1472 monumentis;
459 1443 501 1466 ex
528 1431 698 1466 Sacchino
718 1431 805 1465 duos
840 1431 1043 1465 nominatim
1062 1431 1169 1465 fuisse
1188 1429 1336 1464 scimus:
1359 1429 1648 1475 Christophorum
1667 1430 1803 1465 Strom-

185 1493 338 1533 bellium,
372 1493 552 1527 Sociorum
584 1492 788 1531 Praesidem,
824 1496 858 1528 et
892 1494 1036 1528 Petrum
1067 1494 1178 1534 Phae,
1215 1493 1518 1533 concionatorem,
1551 1494 1694 1528 missum
1720 1495 1805 1529 Tre-

185 1555 279 1589 viris.
324 1555 481 1589 Exeunte
524 1555 590 1589 hoc
614 1566 716 1595 anno,
748 1554 840 1589 Socii
866 1554 1088 1601 Heilsbergae
1128 1555 1171 1589 ab
1207 1555 1368 1601 episcopo
1402 1555 1579 1600 praecipua
1606 1555 1804 1591 Cardinalis

185 1616 337 1662 episcopi
378 1616 623 1651 benevolentia
653 1616 801 1661 excepti,
824 1615 956 1651 viribus
992 1628 1035 1651 ex
1067 1616 1189 1651 itinere
1230 1628 1300 1651 non
1332 1617 1420 1651 bene
1451 1617 1629 1658 recreatis,
1666 1617 1800 1653 Bruns—

185 1678 328 1724 bergam
348 1678 388 1712 ad
419 1677 616 1712 navandam
632 1677 779 1712 «civibus
798 1688 939 1723 operam
967 1678 1186 1712 festinarunt.
1211 1678 1348 1712 Diutius
1380 1679 1536 1724 hospites
1555 1680 1591 1714 in
1609 1680 1800 1715 diversorio

185 1740 351 1775 tenuisset
382 1740 540 1780 antistes,
567 1743 703 1785 optatos
725 1739 795 1779 diu,
830 1740 977 1775 maxime
1006 1741 1097 1786 quod
1115 1739 1269 1774 nondum
1300 1740 1411 1775 omnis
1442 1741 1598 1783 abiisset,
1620 1753 1698 1787 quae
1725 1753 1803 1787 pro-

185 1802 276 1837 ximo
307 1814 398 1837 anno
430 1803 465 1837 in
496 1803 806 1847 Brunsbergenses
838 1802 1020 1843 inciderat,
1043 1802 1260 1848 pestilentia;
1298 1803 1364 1837 nisi
1402 1803 1524 1838 salutis
1543 1804 1669 1839 alienae
1687 1805 1802 1851 cupidi

188 1864 331 1899 advenae
364 1865 408 1899 ad
440 1876 553 1910 opem,
588 1865 720 1899 civibus
752 1864 819 1898 hoc
850 1875 912 1898 suo
943 1868 1097 1909 tempore
1128 1865 1320 1906 ferendam,
1356 1872 1618 1912 properassent.
1650 1868 1802 1914 Septimo

186 1926 263 1961 idus
282 1927 465 1972 januarias
497 1926 579 1961 anni
614 1927 708 1961 1565
738 1926 914 1961 civitatem
947 1926 1156 1962 salutarunt.
1178 1927 1245 1962 Hic
1276 1928 1370 1974 ipsas
1397 1928 1469 1964 fere
1498 1929 1590 1964 inter
1609 1930 1799 1975 parietinas

187 1987 335 2022 coenobii
353 1988 551 2023 habitarunt
584 1988 747 2029 nummis,
783 2000 869 2033 quos
896 1999 1058 2022 vocamus
1088 1989 1252 2030 florenos,
1275 1991 1458 2036 sexaginta
1493 2003 1563 2026 non
1594 1991 1742 2038 amplius
1766 1992 1802 2026 in

188 2051 327 2092 victum,
354 2051 529 2091 amictum,
560 2056 594 2086 et
612 2051 765 2097 reliquos
796 2062 878 2085 usus
896 2051 1141 2093 numerandis;
1176 2053 1314 2098 quando
1341 2052 1531 2088 conditoris
1559 2055 1664 2089 etiam
1696 2055 1803 2090 facul-

188 2117 278 2148 tates
297 2125 338 2148 ea
356 2117 563 2160 tempestate
577 2118 677 2149 erant
691 2114 827 2148 accisae.
851 2112 930 2147 Orsi
950 2123 971 2146 a
989 2124 1072 2147 cura
1091 2113 1229 2156 civium,
1248 2115 1524 2150 revocandorum
1551 2116 1595 2150 ad
1614 2116 1803 2151 christiana

190 2174 313 2216 officia,
350 2187 477 2222 pueros
512 2176 556 2210 ad
590 2175 746 2223 scholam
777 2177 1025 2210 convocarunt.
1060 2175 1197 2211 Praeter
1228 2180 1304 2212 octo
1330 2178 1478 2223 juvenes
1507 2177 1729 2217 lectissimos,
1759 2177 1802 2212 ab

191 2235 320 2270 Jacobo
352 2237 567 2278 Uchanski0‚
591 2237 847 2272 Gnesnensium
879 2235 1154 2282 archiepiscopo,
1185 2238 1321 2280 missos,
1354 2239 1552 2285 frequentes
1581 2251 1623 2274 ex
1642 2239 1800 2279 Prussia,

190 2296 358 2337 Masovia,
382 2297 559 2339 Lituania,
582 2298 742 2338 Polonia,
766 2297 882 2332 Dania
912 2297 1153 2333 convolarunt.
1177 2299 1416 2346 Quadraginta
1442 2301 1536 2346 ipsos
1569 2301 1605 2335 in
1632 2312 1700 2335 uno
1724 2312 1805 2335 con-

191 2357 358 2392 victorum
393 2358 546 2404 Collegio
580 2359 814 2394 nobilissimos
850 2359 1105 2406 adolescenteS,
1144 2361 1345 2396 universum
1388 2366 1517 2397 coetum
1560 2363 1804 2397 scholasticum

232 2460 272 2499 (1)
295 2462 472 2501 Brunsberga
489 2464 600 2491 condita
616 2464 650 2491 ab
667 2463 792 2491 Henrico
805 2464 942 2499 episcopo
970 2463 1100 2496 Varmiie,
1115 2464 1179 2492 oliui
1194 2465 1277 2493 sedes
1291 2467 1428 2501 episcopi.
1441 2466 1502 2494 vid.
1518 2466 1670 2495 Historiam
1688 2466 1805 2494 Prussin‘

191 2515 305 2543 Joannis
320 2516 386 2553 Leo,
403 2525 465 2552 pag.
481 2518 530 2552 27,
550 2522 577 2545 ct
590 2525 652 2552 pag.
670 2518 737 2554 113,
755 2518 822 2553 120,
843 2518 910 2546 121.

1897 384 1920 408 2.

1832 421 1928 447 Hosius
1935 423 1978 447 So—

1830 461 1883 487 cios
1902 462 1979 487 advo-

1831 502 1872 526 cat
1880 500 1906 526 in
1914 501 1978 526 Var-

1831 539 1909 564 miani
1917 539 1976 565 .Do-

1833 578 1957 605 iniciliuni

1833 618 1964 643 Sociorum

1832 657 1929 682 13111115-

1841 696 1933 730 bergae.

1834 823 1895 848 1504

1832 1173 1975 1200 Brunsber-

1832 1211 1923 1243 gensis

1833 1250 1944 1283 Collegii

1832 1290 1885 1316 (lies
1901 1293 1976 1316 nata-

1833 1330 1876 1356 lis.

1833 1419 1925 1444 Hector

1833 1458 1944 1492 collegii

1834 1498 1941 1530 primus.

1834 1661 1970 1687 Pestileuti

1837 1703 1951 1735 tempore

1834 1742 1944 1767 veniunt

1832 1781 1900 1806 Socii

1831 1820 1978 1847 1310051101-

1831 1866 1904 1891 gam.

1834 1941 1896 1966 1565

1833 2183 1935 2217 Aperta*

1833 2225 1924 2251 scholae
1943 2226 1977 2251 vi-

1837 2273 1886 2290 sun
1892 2266 1934 2290 tur
1965 2275 1979 2290 a

1834 2305 1897 2331 viris
1908 2306 1977 2339 priu-

1834 2344 1943 2377 cipibus?
