2184 2953
688 281 794 309 LIBER
818 281 951 309 PRIMUS
981 278 1192 319 (1564-1570).
1719 284 1758 314 25

151 372 317 412 animum,
352 382 560 417 generosum
604 371 797 406 nobilitatis
826 380 898 405 sua).
925 374 1208 417 contemptorem,
1243 371 1450 418 gavisusque
1480 384 1520 407 co
1555 378 1753 420 conspectu,

148 433 310 480 praedixit
327 433 466 479 hospes,
502 433 587 473 fore,
625 433 681 467 isti
706 434 758 468 sui
784 433 959 479 panniculi
988 437 1025 467 ut
1056 433 1236 479 maiorem,
1271 445 1374 479 quam
1396 435 1441 469 sit
1471 434 1506 468 in
1533 447 1654 481 regum
1672 448 1754 482 pur-

149 496 258 542 puris,
280 495 375 541 genti
411 506 484 529 suae
503 494 723 540 splendorem
748 495 921 529 afferrent.
944 494 1181 529 Humilitatem
1209 495 1415 530 obedientiae
1433 496 1507 531 laus
1536 497 1752 540 illustrabat;

147 557 238 592 hanc
255 557 417 592 virtutem
437 556 609 591 excelsam
627 557 713 592 adeo
743 557 779 591 in
798 556 971 592 Stanislao
989 555 1235 591 animadvertit
1253 561 1366 591 rector
1397 557 1500 592 etiam
1529 558 1750 599 novitiorum,

146 618 261 654 Julius
280 618 417 658 Facius,
447 622 485 653 ut
503 618 646 659 diceret,
668 630 705 654 se
723 630 793 653 non
811 618 941 659 videre,
964 619 1021 664 qui
1035 619 1107 664 jam
1138 618 1172 652 in
1191 629 1232 653 ea
1251 618 1408 664 superior
1426 619 1470 653 sit
1488 620 1630 665 gradus,
1653 632 1753 666 quem

145 692 214 715 non
231 680 426 715 ascenderit
439 679 658 726 hicjuvenis.
683 681 796 726 Hujus
810 680 947 714 virtutis
978 680 1117 714 modum
1143 680 1272 721 docuit,
1303 684 1432 726 praeter
1461 680 1562 721 alios,
1584 681 1753 727 collegam

143 741 178 776 in
212 741 402 776 ministerio
438 753 550 783 suum,
581 742 763 776 Claudium
780 741 974 788 Aquaviva.
1009 742 1117 776 ‹Jussu
1145 741 1300 787 praefecti
1331 742 1456 776 culinae
1486 745 1630 788 uterque
1660 743 1754 788 ligna

144 803 419 849 comportabant,
441 803 533 838 Certi
564 803 674 845 fasces
707 803 899 849 assignati3
933 803 1024 849 quod
1056 803 1187 849 singuli
1216 803 1366 839 leviores
1393 808 1506 844 erant,
1540 804 1696 850 pluribus
1715 816 1752 840 se

143 865 307 900 Claudius
326 865 442 900 alacer
460 866 641 900 onerabat.
666 865 872 900 Observavit
886 865 920 899 id
935 865 1192 911 Kostka,atque
1209 878 1215 900 :
1237 879 1252 894 κ
1271 865 1443 911 equidem,
1457 865 1580 911 inquit,
1596 866 1752 901 commit-

145 941 160 956 κ
180 930 254 962 tere
272 938 343 961 non
360 938 509 972 possum,
530 927 608 972 plus
640 930 678 961 ut
695 931 829 961 vectem
847 938 951 973 quam
983 927 1027 961 sit
1056 926 1277 972 imperatum,
1312 927 1471 962 arridens
1494 927 1618 963 leniter
1650 928 1749 969 dixit,

145 1002 160 1017 a
190 999 310 1034 eaque,
333 999 401 1034 qua
419 999 555 1034 semper
577 992 664 1028 erat,
686 988 866 1023 suavitate.
893 1006 907 1020 >a
944 989 1012 1023 Sed
1029 987 1209 1034 Aquaviva
1228 988 1335 1023 sensit
1370 999 1407 1023 se
1440 992 1533 1023 recte
1562 988 1750 1031 monitum;

143 1050 272 1096 itaque,
307 1050 464 1096 exemplo
496 1050 675 1096 prudentis
715 1050 872 1096 collegae,
907 1050 1080 1085 alacritati
1123 1062 1195 1085 suae
1231 1050 1456 1096 temperavit;
1499 1050 1631 1085 doctior
1656 1051 1750 1093 inde,

145 1112 299 1158 gratiora
330 1124 405 1147 esse
447 1113 534 1152 Deo,
573 1124 650 1158 quae
685 1112 902 1147 obedientius
928 1112 1025 1153 fiant,
1060 1123 1162 1158 quam
1193 1124 1271 1158 quae
1302 1112 1509 1147 laboriosius
1546 1113 1666 1155 facias,
1699 1117 1757 1148 tua

140 1174 249 1220 ipsius
268 1174 461 1210 voluntate.

190 1236 364 1282 Quidquid
394 1241 620 1283 praeceptum,
663 1236 753 1282 quod
784 1237 863 1271 aliis
895 1237 1042 1271 arduum
1074 1237 1179 1271 etiam
1217 1237 1406 1278 videretur,
1440 1237 1526 1271 nihil
1558 1237 1638 1272 huic
1664 1238 1752 1273 diffi-

141 1297 204 1332 cile
223 1310 230 1332 2
251 1298 296 1332 ad
310 1298 425 1332 omnia
438 1298 619 1345 expeditus
638 1309 678 1333 ac
696 1302 831 1344 potens,
854 1302 891 1332 ut
908 1298 1036 1333 idcirco
1054 1309 1076 1332 a
1094 1298 1204 1333 Sociis
1231 1303 1415 1333 vocaretur
1441 1299 1672 1345 omnipotens
1700 1300 1752 1334 Ea

137 1370 219 1395 vero
253 1359 435 1394 submissio
466 1364 501 1395 et
530 1360 675 1395 facilitas
706 1363 802 1394 tanto
835 1364 910 1395 erat
941 1360 1121 1402 illustrior,
1144 1365 1276 1406 quanto
1307 1360 1442 1395 indoles
1471 1360 1592 1406 juveni
1623 1361 1748 1403 laetior,

138 1421 340 1468 animusque
376 1422 591 1467 generosior.
620 1422 762 1468 Semper
789 1421 847 1456 ille
877 1421 1062 1464 hilarulus,
1085 1426 1128 1463 et,
1162 1434 1239 1457 cum
1271 1422 1306 1457 in
1331 1423 1434 1457 rebus
1460 1423 1605 1469 agendis
1625 1424 1748 1466 serius,

136 1486 209 1517 tum
227 1483 263 1517 in
280 1493 439 1518 sermone
458 1488 580 1518 cautus
599 1484 820 1529 prudensque
840 1496 847 1524 ;
869 1483 1055 1525 interdum,
1083 1495 1160 1518 cum
1189 1487 1269 1530 apte
1296 1484 1332 1518 in
1364 1495 1436 1519 rem
1467 1474 1618 1526 caderet,
1647 1485 1751 1520 etiam

136 1544 317 1590 argutulus
345 1557 351 1579 :
389 1545 490 1591 quale
526 1557 626 1580 suum
661 1545 792 1579 dictum
828 1545 914 1579 illud
952 1545 988 1579 in
1022 1545 1185 1579 familiari
1218 1545 1308 1580 inter
1345 1546 1464 1580 Socios
1499 1546 1541 1581 de
1572 1546 1749 1582 mittendis

136 1607 180 1640 ad
222 1607 325 1641 Indos
370 1607 538 1652 operariis
575 1607 758 1653 colloquio.
796 1607 970 1645 Quaesitus
1006 1619 1026 1641 a
1068 1608 1229 1653 praeside,
1268 1608 1297 1642 si
1335 1608 1572 1654 navigandum
1611 1608 1748 1654 quidem

140 1667 312 1702 Stanislao
331 1672 423 1702 esset
445 1669 488 1703 ad
517 1668 635 1709 Indos,
673 1669 796 1714 quibus
827 1680 863 1703 se
890 1669 991 1703 rebus
1020 1669 1168 1703 muniret
1198 1669 1372 1710 maxime3
1403 1670 1608 1715 respondit:
1634 1685 1649 1698 α
1679 1671 1748 1705 tria

139 1744 154 1758 α
176 1741 332 1764 curarem
352 1734 433 1765 ante
453 1730 569 1765 omnia
586 1743 593 1765 :
615 1735 773 1777 petasum
788 1730 979 1777 patientiae‚
997 1731 1125 1765 amoris
1140 1731 1249 1765 divini
1264 1731 1426 1777 penulam
1441 1732 1610 1766 charitate
1622 1733 1748 1778 juvan-

142 1805 157 1819 α
180 1792 301 1826 dorum
321 1792 511 1833 subsutam,
532 1792 711 1827 firmorum
729 1804 792 1839 par
810 1792 1017 1834 calceorum,
1053 1793 1144 1839 quod
1164 1793 1241 1839 ipsa
1259 1793 1344 1827 mihi
1360 1792 1527 1828 fortitudo
1546 1794 1745 1830 conficeret.

138 1866 153 1880 α
176 1853 230 1887 Ita
247 1853 454 1893 instructus,
476 1863 649 1889 currerem
668 1858 766 1889 trans
786 1854 909 1888 maria.
935 1872 949 1886 κ
971 1855 991 1889 J
996 1855 1169 1889 ucundum
1188 1858 1261 1889 erat
1279 1855 1401 1890 audire
1420 1855 1462 1890 de
1476 1855 1588 1890 Beata
1605 1856 1750 1902 Virgine

136 1914 372 1950 disserentem.
394 1916 537 1954 Quoties
565 1917 606 1951 de
625 1916 730 1962 hujus
748 1916 909 1950 laudibus
930 1916 1019 1951 foret
1045 1928 1158 1951 sermo
1190 1918 1276 1962 (erat
1302 1928 1385 1951 vero
1410 1917 1584 1952 Stanislao
1611 1919 1748 1954 creber-

138 1975 268 2022 rimus),
302 1977 435 2012 dulcior
467 1978 569 2012 melle
605 1989 648 2012 ex
678 1989 738 2012 ore
769 1990 830 2012 suo
858 1978 1022 2012 manabat
1054 1978 1177 2013 oratio.
1220 1978 1351 2012 Mirum
1396 1983 1485 2020 erat,
1533 1980 1624 2015 unde
1666 1981 1746 2016 huic

135 2037 391 2073 adolescentulo
411 2051 453 2074 ea
471 2040 513 2074 de
528 2036 705 2086 mysteriis*
721 2039 819 2073 Divae
839 2039 994 2078 scientia,
1015 2043 1182 2085 tantaque
1202 2039 1345 2074 laudum
1364 2040 1453 2086 soret
1474 2040 1574 2086 copia
1590 2054 1597 2083 ;
1628 2042 1745 2077 multis

136 2098 294 2133 nimirum
330 2100 372 2135 de
405 2100 531 2135 Matris
565 2100 774 2136 dulcissimae
805 2100 974 2146 dignitate
1002 2101 1164 2146 cogitatis
1204 2102 1357 2136 animum
1392 2102 1590 2137 imbuerat:
1626 2104 1742 2150 itaque

136 2164 328 2206 promptum
360 2166 447 2202 erat,
481 2163 611 2196 amanti
643 2162 737 2208 loqui
765 2162 934 2208 praeclare
965 2163 1007 2197 de
1034 2163 1149 2198 Matre
1181 2164 1334 2198 amabili.
1367 2164 1541 2210 Quidquid
1569 2166 1744 2210 agendum

137 2225 223 2262 erat,
257 2223 344 2257 nihil
376 2223 587 2269 inceptabat,
613 2224 680 2258 nisi
710 2224 817 2270 prius,
849 2236 1035 2258 conversus
1063 2224 1106 2258 ad
1138 2225 1247 2259 aedein
1279 2225 1399 2260 Beatae
1425 2226 1593 2271 Virginis,
1616 2227 1743 2262 dictam

137 2282 173 2317 S.
208 2283 332 2318 Mariae
364 2285 524 2331 Majoris,
559 2286 751 2331 proclinato
779 2285 904 2331 capite,
932 2286 1042 2331 ipsam
1074 2285 1283 2327 salutasset3
1315 2298 1417 2333 quam
1445 2289 1741 2330 consuetudinem,

137 2345 289 2391 exemplo
308 2346 475 2381 Stam'slai
493 2347 784 2387 commendatam,
806 2347 919 2393 ajunt,
940 2347 1111 2392 hodieque
1141 2347 1268 2383 ibidem
1295 2348 1386 2384 inter
1412 2350 1561 2384 novitios
1588 2350 1742 2385 retineri.

137 2404 227 2440 Illud
261 2418 394 2453 quoque
425 2412 627 2450 memorant,
662 2409 752 2455 quod
783 2409 882 2445 Patri
926 2409 1143 2443 Emmanueli
1176 2410 1236 2451 Sa,
1267 2410 1342 2445 viro
1375 2411 1451 2457 jam
1486 2416 1559 2446 tum
1594 2412 1750 2447 doctrina

137 2470 170 2500 et
187 2467 312 2512 pietate
329 2469 470 2515 insigni,
488 2471 521 2505 in
540 2476 659 2516 pectus
675 2471 882 2506 demisisset.
906 2471 969 2506 Dio
987 2471 1148 2516 quodam.
1172 2472 1270 2506 Diva·
1289 2472 1428 2518 Virgini
1449 2485 1560 2514 sacro,
1582 2474 1653 2507 ibat
1672 2486 1746 2508 cum

1604 2535 1617 2558 4

1783 378 1844 403 1568

1780 442 1906 469 obedien-

1777 482 1821 508 tiae
1844 482 1926 509 studi-

1778 528 1830 547 um.

1773 1613 1876 1640 Indoles
1897 1622 1922 1640 a·

1774 1658 1867 1678 moena.

1772 2177 1861 2204 Pietas
1883 2185 1920 2203 er-

1772 2225 1807 2250 ga
1818 2216 1846 2242 B.
1858 2216 1918 2242 Vir-

1772 2256 1868 2288 ginem.
