2184 2953
438 291 498 322 256
828 293 1101 322 LITUANICARUNI
1130 293 1343 322 SOCOETATIS
1364 293 1447 321 JESU
1473 293 1722 322 HISTORIARUM

269 386 331 413 1619
437 395 475 419 ac
510 384 674 430 deinceps
704 388 908 430 persecutns
944 385 1050 425 viam,
1079 390 1116 420 ut
1152 386 1290 432 pietatis
1326 390 1360 421 et
1395 385 1600 421 meritorum
1647 387 1753 421 laude
1795 386 1902 420 multo
1946 384 2064 431 plures

438 457 541 492 quam
570 450 686 488 aetate,
714 448 758 482 ad
786 448 963 493 octoginta
983 451 1169 493 provectus
1190 460 1316 489 annos,
1339 449 1514 483 anteierit.
1534 450 1698 484 Maturus
1730 449 1774 483 ad
1799 461 1855 483 res
1874 447 2060 494 gerendas,

436 512 565 553 praeter
600 508 744 543 siculam
762 538 769 550 ,
804 521 1002 550 romanam,
1044 514 1077 544 et
1108 514 1273 545 venetam
1306 511 1531 556 provincias,
1574 511 1774 546 lituanicam
1803 515 1837 545 et
1867 509 2063 556 polonicam

436 569 568 616 insigni
586 571 784 617 prudentia,
807 572 991 611 charitate,
1021 576 1125 618 atque
1152 571 1329 606 industria
1364 573 1590 618 gubernavit.
1625 575 1756 608 Munus
1793 572 1992 607 assistentis
2019 571 2062 605 ab

434 631 561 667 italicis
599 633 811 679 provinciis,
849 634 1036 679 praeposito
1075 633 1234 680 generali
1269 634 1427 673 Claudio,
1477 635 1649 680 praeclare
1682 634 1857 669 sustinuit.
1894 633 2062 669 Omnibus

433 693 489 728 vel
520 698 656 729 naturae
675 695 729 730 vel
761 695 929 730 doctrinae
966 695 1141 741 praesidiis
1176 697 1218 730 ad
1256 696 1441 731 dicendum
1471 701 1633 742 paratus,
1675 708 1783 731 annos
1819 707 1927 742 prope
1958 706 2061 729 sexa--

434 756 544 802 ginta,
584 756 806 792 alienissimis
849 758 952 792 etiam
988 757 1031 791 ab
1078 758 1143 792 hoc
1191 758 1303 792 officio
1351 758 1541 803 impeditus
1594 759 1737 798 muniis,
1787 757 2060 792 concionabatur

433 818 689 864 approbatione
723 819 842 865 populi
872 823 905 854 et
937 819 1087 854 utilitate
1123 820 1313 866 praecipua.
1354 820 1469 866 Hujus
1511 821 1750 859 concionibus,
1787 819 1937 865 Neapoli
1960 818 2058 853 habi-

433 880 492 920 tis,
534 881 578 915 ad
628 881 780 916 sanctius
823 881 905 915 vitae
945 881 1161 922 institutum,
1206 886 1238 916 et
1271 882 1480 916 Societatem
1518 881 1706 916 ineundam
1742 886 1919 927 permotus
1953 880 2060 914 fuisse

434 941 561 976 dicitur
584 941 797 977 clarissimus
826 942 877 976 vir
908 941 980 983 ille,
1015 943 1261 978 Bernardinus
1292 943 1478 978 Realinus.
1514 944 1689 979 Cardinali
1710 943 1925 978 Bellarmino
1955 954 2058 977 carus

435 1003 471 1038 in
502 1004 622 1050 primis
654 1004 734 1045 fuit;
774 1004 840 1038 hoc
875 1005 928 1038 sui
956 1005 1118 1041 Joannes
1155 1006 1262 1040 animi
1298 1019 1360 1053 per
1387 1008 1624 1042 confessiones
1651 1007 1797 1047 arbitro,
1818 1011 1852 1040 et
1882 1007 1914 1040 in
1951 1006 2057 1041 rebus

437 1065 611 1112 perplexis
631 1066 845 1107 consiliario,
867 1067 1086 1102 familiariter
1111 1068 1284 1103 utebatur.
1316 1070 1458 1103 Amavit
1477 1081 1553 1104 eum
1583 1069 1822 1104 sanctissimus
1850 1069 1953 1103 etiam
1981 1079 2060 1102 con-

434 1128 547 1163 victor
565 1140 650 1163 suus
669 1129 704 1163 in
731 1129 888 1175 Collegio
911 1129 1073 1164 Romano
1104 1130 1272 1176 Aloysius
1301 1131 1479 1177 Gonzaga,
1504 1143 1577 1166 suae
1597 1131 1837 1166 sanctimonia>
1857 1135 1890 1165 et
1919 1141 2055 1164 morum

436 1190 647 1226 imitatorem
667 1191 882 1237 diligentem.
905 1192 1070 1227 Pluribus
1085 1193 1306 1227 commendat
1326 1193 1496 1228 ε1001111011]
1520 1194 1707 1228 historicus
1728 1193 1913 1228 Societatis
1933 1192 1974 1227 P.
1991 1192 2053 1226 Ju-

435 1251 503 1287 lius
523 1253 690 1288 Cordara.
714 1254 781 1288 Sed
809 1254 863 1288 his
891 1255 1024 1301 aequius
1057 1255 1243 1289 Lituanica
1276 1255 1456 1301 provincia
1474 1255 1627 1288 vindicat
1654 1255 1718 1288 sibi
1750 1254 1872 1288 laudes
1892 1254 2050 1293 Patrum,

313 1283 344 1308 44

260 1322 314 1349 ΡΡ.
328 1321 390 1348 Vel·
436 1315 584 1350 Joannis
605 1316 782 1351 Ambrosii
801 1317 974 1358 Veltlieri,
996 1321 1030 1352 et
1049 1318 1231 1352 Laurentii
1250 1318 1382 1358 Boieri,
1404 1317 1682 1362 alienigenarum
1699 1321 1732 1351 et
1751 1317 1874 1351 horum
1895 1316 2050 1362 quidem;

259 1363 389 1430 {3¹25ssssth
436 1389 522 1424 quos
545 1383 661 1414 tamen
693 1391 776 1414 usus
799 1380 951 1425 longior,
975 1384 1008 1414 et
1043 1380 1116 1426 ipse
1143 1380 1179 1414 in
1197 1380 1264 1414 hac
1295 1379 1474 1425 provincia
1493 1379 1606 1413 obitus
1626 1378 1739 1423 magis
1758 1371 1840 1412 facit
1867 1382 2051 1412 nostrates.

434 1441 604 1482 JoanneS‚
626 1453 644 1476 e
673 1442 852 1488 superiore
884 1442 1073 1476 Germania
1109 1442 1144 1476 in
1175 1442 1357 1476 Livoniam
1390 1452 1482 1476 anno
1519 1440 1655 1474 circiter
1678 1440 1769 1475 1582
1794 1439 1997 1480 accersitus,
2020 1439 2052 1473 in

434 1502 556 1536 eadem
591 1503 782 1548 provincia,
805 1503 954 1538 maxime
980 1503 1015 1537 in
1036 1503 1219 1543 Esthonia,
1242 1502 1426 1537 utilissime
1458 1506 1628 1542 versatus,
1651 1513 1729 1535 cum
1754 1501 1797 1535 ab
1825 1501 2001 1535 erroribus
2021 1505 2054 1535 et

433 1564 744 1600 consuetudinibus
763 1565 881 1611 pravis
898 1565 1099 1611 complures
1121 1565 1224 1600 dictis
1244 1565 1465 1611 scriptisque,
1483 1564 1605 1609 lingua
1624 1563 1729 1597 etiam
1745 1563 1937 1603 esthonica‚
1951 1574 2053 1608 quam

433 1627 541 1662 multo
561 1627 798 1662 condidicerat
828 1627 957 1668 labore,
978 1627 1023 1661 ad
1054 1627 1307 1673 professionem
1339 1626 1418 1660 fidei
1456 1626 1657 1660 christiana?
1689 1629 1721 1659 et
1741 1625 1822 1659 vita]
1853 1624 2053 1659 christianae

431 1689 662 1735 pertraxiset:
685 1701 706 1724 a
725 1689 850 1724 Carolo
870 1689 1087 1724 Sudermano
1109 1689 1277 1735 principe,
1305 1688 1487 1723 Livoniam
1507 1687 1710 1733 populante,
1729 1686 1874 1732 Derpati
1893 1697 2050 1732 compre-

431 1751 572 1792 hensus,
591 1755 625 1786 et
648 1763 726 1785 cum
745 1763 807 1786 sex
833 1763 852 1786 e
884 1751 1039 1797 Collegio
1067 1752 1170 1786 sociis
1197 1750 1367 1785 abductus
1386 1750 1419 1784 in
1454 1750 1626 1789 Sueciam,
1661 1748 1841 1794 praeclaris
1869 1748 1916 1782 ibi
1949 1747 2051 1783 docu-

431 1815 556 1850 mentis
575 1814 739 1849 virtutem
755 1826 853 1849 suam
881 1815 933 1848 vir
952 1814 1050 1848 fortis
1065 1814 1194 1861 populo
1213 1814 1263 1848 illi
1282 1812 1501 1860 approbavit.
1526 1811 1577 1845 Ibi
1596 1811 1753 1845 Joannes
1771 1810 1806 1844 in
1834 1809 1995 1849 vinculis,
2017 1810 2051 1843 in

432 1888 565 1911 summa
597 1888 711 1911 rerum
743 1875 874 1922 inopia,
906 1876 1012 1910 solari
1046 1876 1201 1921 captivos
1235 1875 1390 1915 sodales,
1414 1874 1539 1919 etipse
1572 1873 1689 1913 miser,
1711 1872 1869 1907 dolorum
1892 1870 2053 1906 fomentis

431 1939 522 1973 mala
537 1938 634 1973 durae
652 1939 828 1974 servitutis
845 1938 965 1973 levare
981 1951 986 1972 :
1004 1938 1140 1973 laceras
1162 1938 1335 1973 sociorum
1354 1940 1469 1971 vestes
1494 1940 1528 1970 et
1547 1934 1697 1973 calceos,
1717 1934 1857 1968 minime
1876 1934 1957 1968 olim
1977 1934 2051 1979 ejus

429 2001 515 2035 artis
530 2000 657 2041 sciens,
680 2000 824 2035 reficere
842 2012 848 2034 :
871 2000 1104 2035 barbarorum
1119 2001 1253 2034 animos
1271 2004 1342 2034 tum
1359 1998 1459 2033 donis
1479 1998 1778 2035 sciathericornm,
1801 1997 1907 2032 scitus
1927 1997 2048 2031 horum

429 2063 567 2104 artifex,
585 2067 657 2097 tum
685 2063 847 2097 comitate
867 2063 958 2108 (quae
990 2074 1071 2097 suos
1097 2074 1211 2097 mores
1238 2060 1501 2096 commendabat
1522 2059 1710 2105 praecipuel
1739 2059 1842 2093 sociis
1862 2058 2049 2093 conciliare

430 2125 564 2160 studiit.
587 2125 872 2170 Quinquennium
893 2125 929 2159 in
948 2124 1008 2159 illo
1036 2124 1112 2159 diro
1139 2123 1317 2171 patientiae
1345 2122 1540 2170 gymnasio,
1570 2122 1662 2156 same
1689 2122 1922 2167 aerlunnisque
1942 2132 2048 2167 prope

348 2227 354 2232 ¹
430 2190 588 2225 enectus,
614 2186 731 2232 exegit
750 2198 826 2221 cum
844 2185 1037 2221 sodalibus.
1057 2186 1245 2221 Dimissum
1269 2186 1448 2231 complexa
1467 2185 1708 2231 Brunsberga.
1732 2185 1802 2219 Ubi
1829 2189 1907 2230 post
1932 2189 2048 2219 tantas

254 2226 402 2300 Ξὲῗὲἰὲᾆ,
423 2248 637 2296 Jactatioiies
652 2248 899 2294 quiescendum
919 2252 1008 2289 erat,
1031 2247 1102 2288 ille,
1125 2260 1194 2282 non
1214 2259 1313 2282 secus
1340 2259 1379 2282 ac
1399 2248 1427 2281 si
1446 2259 1567 2282 recens
1591 2252 1694 2293 atque
1717 2246 1761 2280 ab
1781 2247 1851 2281 otio
1871 2246 2044 2287 rediisset,

254 2314 312 2332 reae.
429 2315 540 2348 totum
556 2323 592 2346 se
610 2312 646 2346 in
660 2312 711 2346 rei
730 2311 858 2346 divinae
885 2316 919 2347 et
934 2311 1123 2346 salutarem
1143 2309 1290 2344 aliorum
1308 2322 1426 2344 curam
1447 2308 1678 2355 impendebat.
1701 2308 1861 2349 Dolebat,
1884 2309 2046 2354 angustio

428 2374 601 2415 hocloco,
628 2385 732 2419 quam
751 2374 786 2407 in
805 2373 953 2408 Sueticis
980 2373 1103 2407 fuisset
1129 2372 1339 2413 carceribus,
1370 2372 1434 2406 sibi
1454 2372 1541 2405 bene
1574 2371 1728 2406 merendi
1756 2382 1832 2405 esse
1859 2382 2042 2416 campum:

430 2446 538 2482 quare
578 2439 615 2470 ut
644 2435 680 2469 in
698 2434 791 2469 illam
824 2446 967 2470 arenam
1000 2446 1097 2469 suam
1129 2434 1194 2468 sibi
1221 2433 1335 2468 redire
1366 2433 1498 2472 liceret,
1529 2444 1610 2467 suos
1640 2433 1763 2467 orabat
1789 2432 1968 2478 praesides.
1993 2433 2046 2467 Ita

428 2498 589 2534 affectum
622 2508 760 2532 servum
795 2508 894 2531 suum
931 2497 1025 2532 Deus
1044 2507 1063 2531 e
1095 2495 1251 2541 Collegio
1283 2495 1629 2540 Brunsbergensium
1661 2495 1705 2529 ad
1737 2495 1890 2541 requiem
1909 2495 2045 2529 vocavit
