2184 2953
636 307 740 335 LIBER
766 307 951 336 SECUNDUS
975 308 1184 343 (1571-1580).
1708 309 1747 339 63

143 410 158 424 ει
180 395 353 430 desiderio
372 395 561 430 satisfaciet
581 407 599 429 e
617 396 777 441 vestigio.
802 396 864 431 Est
882 396 972 430 enim
992 396 1152 441 princeps
1171 396 1227 430 hic
1244 407 1373 441 magno
1393 397 1541 442 quodam
1560 402 1593 432 et
1612 398 1747 433 excelso

143 472 158 486 κ
180 458 295 491 animo
315 457 482 503 praeditus
498 471 504 498 ;
528 469 590 492 nec
608 468 629 491 a
647 469 819 503 quoquam
839 457 917 498 sibi,
931 461 1060 503 praeter
1076 469 1178 503 quam
1197 469 1218 491 a
1238 457 1311 492 solo
1330 458 1416 499 Deo,
1434 464 1586 495 metuere
1601 461 1745 501 dicitur;

142 534 157 548 u
180 523 217 553 ut
235 523 330 553 certa
358 531 418 565 spe
437 520 557 560 simus,
583 520 611 553 si
638 520 738 554 modo
766 519 913 554 voluerit
933 520 1030 553 Doni.
1051 520 1190 560 Vestra,
1212 520 1303 565 quod
1324 520 1418 555 nullo
1438 522 1578 566 negotio
1598 523 1669 556 voti
1696 523 1749 557 sui

143 595 158 609 ει
180 592 318 626 compos
338 580 515 615 efficietur.
540 581 630 619 Quid
650 586 764 616 autem
784 581 873 615 velle
891 581 1004 627 magis
1023 581 1138 621 debet,
1157 582 1238 627 quid
1257 582 1388 627 majore
1407 582 1521 617 studio
1541 584 1749 618 contendere

143 657 158 671 α
180 645 214 676 61
228 641 421 683 elaborare,
439 653 541 687 quam
561 645 598 676 ut
613 642 718 676 saluti
738 643 790 677 sui
809 643 928 688 gregis
949 643 1155 688 prospiciam
1174 655 1236 678 nec
1256 644 1287 678 61
1305 644 1506 690 pestiferum
1526 645 1619 679 virus
1638 645 1749 679 afflari

143 720 157 734 α
180 706 379 752 permittat?
401 706 485 743 Quae
512 709 625 751 potest
653 707 763 752 major
790 718 866 741 6556
893 706 1117 747 abominatio,
1139 718 1240 752 quam
1266 719 1343 752 quae
1370 711 1422 742 est
1453 708 1487 741 in
1516 708 1653 754 templis
1675 709 1748 743 Deo

143 782 158 796 κ
180 768 321 806 dicatis;
343 768 401 802 ubi
426 768 481 813 pie
508 768 602 803 Deus
622 772 759 814 patrum
777 772 974 803 nostrorum
993 768 1129 810 colitur,
1152 773 1186 803 et
1205 769 1235 803 ei
1255 769 1436 811 sacrificia,
1458 782 1536 816 quae
1563 770 1744 811 debentur,

143 843 158 858 a
181 829 397 864 offeruntur:
419 834 456 864 ut
475 830 620 865 eximius
647 831 678 865 ei
706 830 818 865 cultus
845 834 1041 877 praestetur,
1064 842 1130 876 quo
1154 831 1262 876 possit
1280 842 1301 864 a
1319 831 1455 866 caeteris
1475 832 1680 867 mortalibus
1699 833 1748 866 di-

143 906 158 920 a
181 892 321 937 gnosci?
341 896 473 933 contra,
494 892 530 927 in
549 904 731 938 synagoga
757 896 902 932 satanae,
933 903 1036 938 quam
1055 903 1218 927 acervum
1240 896 1377 934 vocant,
1399 897 1432 928 et
1450 898 1503 929 est
1528 906 1651 929 revera
1678 906 1748 929 om-

143 967 158 981 ιι
182 952 277 987 11111111
296 953 466 988 malorum
481 965 639 994 acervus,
661 954 765 988 alieni
785 954 832 988 dii
853 953 1023 994 coluntur,
1043 954 1122 988 novi
1144 958 1381 1000 recentesque,
1399 966 1483 1000 quos
1501 955 1750 1001 ignoraverunt

144 1028 159 1042 κ
182 1018 343 1060 parentes
370 1015 507 1057 nostri;
538 1015 695 1050 Christus
723 1020 852 1055 autem,
873 1016 1042 1061 abrogato
1062 1016 1254 1051 sacerdotio
1274 1020 1308 1051 61
1327 1017 1508 1058 sacrificio,
1530 1017 1566 1052 in
1594 1018 1750 1053 ordinem

145 1090 160 1105 α
182 1077 333 1123 cogitur;
350 1077 465 1112 nullus
489 1081 525 1112 ut
548 1077 579 1112 ei
598 1077 709 1112 cultus
732 1078 949 1118 exhibeatur,
967 1089 1033 1124 quo
1048 1078 1157 1124 possit
1174 1089 1194 1112 a
1209 1078 1413 1113 mortalibus
1431 1079 1590 1114 discerni.
1612 1079 1749 1114 Tollen-

145 1153 160 1166 κ
183 1138 262 1172 dam
288 1142 398 1177 curet,
419 1150 480 1185 per
498 1139 610 1174 Deum
629 1139 870 1177 immortalem,
892 1139 1186 1174 abominationem
1203 1139 1294 1174 hanc
1311 1153 1318 1181 ;
1339 1152 1404 1175 nec
1430 1152 1508 1176 eam
1533 1141 1569 1175 in
1598 1141 1749 1183 civitate,

146 1214 161 1228 α
183 1211 254 1234 suae
273 1199 516 1235 ecclesiasticae
541 1200 774 1245 jurisdictioni
805 1201 974 1246 subjecta,
996 1201 1084 1236 ferat
1115 1202 1255 1236 diutius.
1281 1202 1417 1237 Bonum
1450 1203 1547 1237 illum
1578 1206 1751 1249 pastorem

146 1276 161 1290 ιι
183 1261 383 1296 Vilnensem
406 1262 559 1296 imitetur
587 1262 632 1308 (1),
651 1273 695 1297 ne
720 1262 814 1296 solus
836 1274 898 1308 pro
913 1262 1024 1297 salute
1043 1263 1096 1297 sui
1111 1263 1229 1309 gregis
1242 1263 1387 1309 vigilare
1402 1265 1571 1300 videatur.
1588 1266 1655 1300 Det
1670 1276 1750 1310 ope-

147 1337 162 1352 α
183 1334 268 1363 ram,
285 1327 323 1357 ut
336 1323 489 1368 ejusdem
507 1323 645 1369 generis
661 1324 826 1358 mandata
840 1324 965 1359 dentur
979 1324 1023 1358 ad
1037 1324 1227 1370 palatinum
1244 1325 1520 1367 Cracoviensem3
1536 1326 1594 1372 qui
1609 1338 1669 1361 cur
1682 1338 1750 1361 non

148 1399 162 1413 a
187 1395 285 1429 aeque
300 1385 387 1419 sicut
406 1384 583 1419 Vilnensis
602 1396 722 1431 parere
737 1385 874 1425 debeat,
892 1397 1032 1420 causam
1050 1385 1151 1420 video
1166 1385 1295 1420 nullam
1313 1399 1319 1421 z
1338 1399 1415 1422 cum
1429 1400 1527 1434 aeque
1547 1388 1591 1422 sit
1609 1391 1753 1434 uterque

147 1460 162 1474 u
184 1445 356 1491 majestati
371 1446 480 1491 regiae
495 1446 683 1492 subjectus.
708 1447 822 1481 Etiam
840 1451 945 1492 atque
960 1448 1063 1482 etiam
1080 1447 1180 1483 Dom.
1202 1448 1365 1483 Vestram
1381 1460 1454 1490 oro,
1476 1450 1533 1485 det
1547 1461 1699 1496 operam,
1717 1453 1755 1484 ut

127 1521 162 1536 ,α
183 1506 259 1541 haec
288 1507 500 1542 abominatio
532 1508 642 1554 primo
671 1520 805 1554 quoque
829 1513 983 1555 tempore
1013 1509 1167 1544 tollatur.
1190 1509 1285 1544 Deus
1312 1510 1411 1545 Dom.
1435 1511 1598 1546 Vestram
1624 1511 1753 1546 incolu-

149 1583 163 1597 κ
185 1579 273 1603 mem
292 1573 406 1604 servet
432 1573 465 1604 et
490 1569 637 1610 felicem,
660 1574 693 1605 et
713 1570 744 1604 ei
767 1571 925 1616 spiritum
952 1570 1087 1605 consilii
1102 1575 1136 1605 et
1148 1571 1361 1607 fortitudinis
1375 1573 1555 1620 largiatur.
1581 1592 1596 1606 n
1627 1574 1753 1609 Datum

145 1630 268 1664 Romae
288 1630 336 1665 24
357 1631 507 1665 octobris
530 1632 632 1667 1577.

193 1704 245 1738 Ita
284 1704 360 1739 aliis
393 1709 497 1751 atque
532 1705 610 1740 aliis
631 1705 699 1739 ista
730 1705 911 1740 Valeriani
943 1707 1226 1752 proponebantur
1261 1706 1416 1752 exempla
1439 1706 1486 1753 (2).
1515 1706 1623 1740 Plura
1646 1707 1753 1742 multo

145 1766 391 1811 spectabantur
423 1767 457 1801 in
494 1778 548 1808 eo,
577 1779 654 1813 quae
685 1767 811 1813 partim
835 1767 880 1801 ad
907 1768 1165 1803 observantiam
1188 1769 1265 1809 viri,
1292 1768 1417 1814 partim
1452 1768 1498 1802 ad
1526 1768 1754 1804 imitationem

145 1828 277 1862 animos
301 1828 503 1863 invitarent.
531 1829 617 1863 Erat
640 1829 829 1869 enimvero,
855 1833 891 1862 111
922 1829 1151 1871 nobilissimo,
1174 1829 1209 1863 in
1238 1829 1415 1870 Lituania,
1441 1829 1620 1874 provincia
1643 1831 1754 1865 Mins-

146 1889 252 1929 censi,
271 1900 412 1935 genere,
435 1889 477 1924 de
497 1889 628 1924 familia
651 1890 756 1924 armis
780 1889 974 1935 gentilitiis,
997 1891 1163 1925 Drzevica
1185 1891 1298 1931 dictis,
1323 1891 1467 1936 insigni,
1490 1891 1539 1925 sic
1558 1891 1603 1925 ad
1623 1903 1756 1926 summa

147 1961 292 1995 quaeque
311 1954 413 1985 natus
428 1951 476 1997 (3).
497 1951 551 1986 Ab
574 1951 715 1985 ineunte
726 1951 807 1997 vjam
831 1955 935 1985 aetate
960 1951 1099 1997 pietatis
1124 1956 1157 1986 et
1185 1952 1380 1987 litterarum
1401 1951 1688 1995 studiosissimus,
1715 1965 1755 1988 ac

147 2015 331 2057 propterea
357 2012 518 2058 Augusto
550 2013 564 2046 I
596 2013 684 2059 regi,
719 2013 817 2059 cujus
844 2013 877 2046 in
902 2013 983 2046 aula
1014 2013 1218 2048 adolescens
1241 2014 1331 2048 inter
1356 2014 1564 2048 honorarios
1596 2020 1754 2050 versatus

148 2076 234 2113 erat,
251 2073 407 2119 apprime
431 2085 545 2108 carus.
572 2074 683 2109 Paulo
708 2074 756 2109 IV
784 2074 953 2108 Pontifice
973 2074 1040 2115 M.‚
1065 2086 1156 2109 anno
1180 2075 1271 2110 1555
1293 2086 1314 2109 a
1337 2075 1561 2110 Luceoriensi
1590 2077 1635 2110 ad
1660 2078 1754 2123 prin-

152 2134 262 2179 cipem
294 2135 329 2168 in
366 2135 531 2170 Lituania
564 2136 769 2171 Vilnensem
805 2135 1003 2170 cathedram
1038 2140 1228 2181 promotus,
1254 2136 1385 2182 primus
1425 2137 1552 2171 bellum
1587 2138 1755 2174 adversus

152 2199 307 2230 monstra
342 2196 529 2232 haeresium
561 2197 736 2243 suscepit,
773 2197 935 2232 defensor
966 2197 1145 2243 religionis
1190 2198 1234 2232 ad
1275 2210 1472 2244 supremum
1517 2211 1626 2246 usque
1665 2200 1756 2236 diem

192 2282 230 2319 (1)
253 2282 428 2312 Valerianum
452 2285 613 2320 episcopum
640 2285 800 2312 imitandum
823 2285 964 2320 proponit.
985 2300 1016 2305 —
1039 2284 1076 2321 (22)
1100 2285 1227 2323 Elogium
1250 2286 1385 2315 Valeriani
1418 2288 1473 2315 vid.
1501 2289 1572 2323 apud
1596 2289 1626 2316 Ρ.
1654 2289 1750 2317 Adam.

150 2334 340 2365 Naramowski
367 2338 393 2365 in
410 2337 492 2365 Facie
511 2337 615 2365 Rerum
632 2337 859 2365 δανιηατῐαινιιηι.
879 2339 897 2366 l.
917 2338 944 2372 2,
962 2346 986 2365 c.
1008 2338 1035 2371 9,
1056 2345 1119 2375 pag.
1140 2339 1196 2366 358
1220 2342 1247 2367 el
1271 2339 1386 2376 Gaspar.
1413 2340 1550 2370 Nicsieeki
1574 2343 1623 2371 lib.
1642 2342 1757 2372 Korona

152 2390 259 2418 Polska.
285 2407 323 2411 —
348 2390 386 2428 (3)
415 2391 532 2419 Generis
559 2392 689 2420 nobilitas
715 2395 742 2419 61
765 2392 860 2420 virtus.
883 2391 912 2418 In
936 2392 996 2419 aula
1020 2392 1095 2426 regia
1118 2392 1283 2421 adolescens
1313 2398 1448 2422 versatur.
1477 2395 1499 2423 E
1524 2396 1704 2424 Luceoriensi
1731 2397 1757 2424 in

152 2442 310 2471 Vilnensem
324 2444 481 2472 cathedram
500 2446 660 2473 translatus.
687 2445 794 2473 Primus
808 2445 835 2472 in
860 2444 985 2473 Lituania
1009 2445 1125 2480 opponit
1140 2453 1171 2473 50
1187 2446 1334 2476 lizerelicis.
1352 2447 1510 2482 Adjiilorem
1528 2450 1650 2477 muneris
1665 2450 1758 2477 adsci-

153 2497 215 2523 scit.
232 2496 406 2525 Academiam
423 2497 528 2531 00111111,
546 2498 610 2525 item
627 2499 814 2526 seminarium.

1776 399 1838 424 1579

1775 451 1902 478 Hortatur

1774 493 1870 520 Hosius

1775 533 1919 566 Myszkovi-

1777 580 1819 598 um
1831 571 1864 597 ad
1883 580 1919 597 re—

1774 611 1879 644 lig-ionis

1775 649 1891 676 studium

1774 879 1920 910 Haeretieor,

1774 926 1910 951 synagogae
