2184 2953
218 398 282 424 1569

221 777 284 803 1570

276 816 316 841 20.

223 856 305 881 Vilnae
312 863 370 889 per-

222 894 311 919 ficitur
341 900 371 918 ac

222 931 360 958 stabilitur

222 971 329 998 domici-

223 1009 297 1035 lium,

235 1549 370 1578 Varszevi-

232 1591 305 1617 chius
323 1598 380 1616 cum

235 1630 322 1661 Magio
341 1638 380 1655 re-

234 1670 299 1695 visit
309 1669 380 1694 Polo-

235 1708 314 1734 niam.

244 2071 381 2101 Posnaniae

243 2110 365 2137 humani-

246 2153 285 2177 ter
312 2148 384 2175 acci-

247 2191 326 2224 pitur.

390 295 429 326 36
758 295 1034 325 LITUANICARUM
1058 294 1271 324 SOCIETATIS
1293 295 1379 323 JESU
1403 292 1653 323 HISTORIARUM

394 402 409 416 α
432 385 655 422 securitatem
686 386 851 433 restituit)
881 398 1011 433 paucos
1038 390 1119 421 ante
1149 398 1257 421 annos
1288 387 1324 420 in
1354 390 1473 421 nostro
1503 398 1617 432 panno
1648 385 1822 425 victitare,
1844 396 1885 419 ac
1902 384 2025 420 dextra

395 463 410 477 α
432 451 571 494 sceptro
600 448 719 482 debita
747 449 982 489 emendicare,
1002 448 1195 494 gloriosum
1225 448 1341 489 duxit3
1372 448 1583 494 suspiciente
1614 451 1688 482 tum
1716 447 1831 481 Roma
1857 446 2027 492 grandius

394 525 409 539 α
432 510 565 556 aliquid
584 510 716 556 pariter
734 521 775 544 ac
793 510 941 551 felicius,
963 522 1067 556 quam
1086 510 1334 550 mendicatum,
1354 510 1446 545 victa
1461 510 1690 555 Carthagine,
1708 520 1834 555 panem
1849 519 1870 542 a
1889 508 2005 543 Mario
2021 520 2028 542 :

395 587 411 602 ω
433 572 493 607 ille
512 572 609 607 civili
629 584 748 613 manu,
770 572 827 607 hic
842 573 955 618 regali
975 585 981 606 :
1004 572 1094 607 alter
1113 575 1350 618 contemptum
1366 573 1517 607 fortunae
1537 573 1739 613 ludibrium,
1761 571 1850 607 alter
1869 570 2034 605 dilectum

396 651 410 665 α
432 635 589 682 plausori
609 635 698 670 coelo
724 635 1031 680 spectaculumqin
1063 634 1165 668 istam
1199 637 1271 668 tam
1306 634 1478 670 illustrem
1509 646 1696 681 caramque
1714 638 1855 681 gentem
1885 633 2034 668 advenae

393 711 409 725 α
431 697 564 743 accepti
583 701 663 732 sunt
681 697 787 731 Socii.
813 714 828 727 ⁷2
1788 726 1791 736 ,

444 759 465 794 ‚J
470 771 524 793 am
537 759 750 794 Valerianus
769 757 937 804 pontifex,
955 769 1056 792 novae
1065 757 1101 791 in
1109 757 1272 792 Lituania
1291 758 1425 793 evariis
1444 758 1608 803 gentibus
1622 757 1764 792 familiae
1778 756 2037 797 conditor,loco

396 821 434 857 in
447 822 533 857 urbe
552 821 810 868 percommod0‚
832 832 850 856 e
869 821 1014 866 regione
1030 819 1138 855 curiaev
1157 831 1243 860 suae,
1262 820 1500 866 domum,quae
1519 819 1620 855 facile
1632 819 1860 860 habitatores,
1875 819 2035 854 homines

399 883 601 930 religiosos,
622 883 770 929 triginta
785 883 967 929 complecti
994 886 1126 929 posset,
1148 883 1356 918 utensilibus
1372 883 1533 918 omnibus
1552 883 1768 918 instruxerat
1785 895 1791 917 :
1803 883 1878 929 jam
1897 886 1932 917 et
1950 894 2038 929 prae-

402 946 472 988 dia,
494 947 587 1002 unde
602 944 755 991 vectigal
775 945 1010 991 quadraginta
1030 956 1137 991 prope
1157 945 1376 980 alumnorum
1395 945 1543 980 victibus
1558 945 1684 980 annuis
1702 945 1916 991 proveniret,
1937 945 2038 980 attri-

401 1009 545 1044 buerat:
567 1009 643 1043 haec
658 1012 776 1043 tamen
794 1007 923 1049 omnia,
945 1008 1110 1054 quoniam
1126 1007 1319 1053 Collegium
1351 1008 1514 1054 frequens
1533 1011 1567 1043 et
1594 1007 1829 1043 academicam
1843 1007 2038 1042 litterarum

402 1071 666 1106 universitatem
683 1071 906 1111 moliebatur,
930 1074 1097 1117 tanquam
1116 1069 1315 1105 rudimenta
1346 1074 1380 1104 et
1401 1070 1550 1116 pignora
1569 1070 1731 1116 quaedam
1750 1081 1824 1104 suae
1843 1070 2039 1105 beneficen-

403 1133 475 1174 tiae,
494 1133 718 1179 amplioribus
734 1133 984 1168 confirmandae
1003 1134 1219 1173 muneribus,
1238 1133 1425 1175 offerebat;
1445 1145 1650 1179 comparare
1665 1133 1803 1167 interim
1819 1145 1856 1168 se
1870 1137 1904 1168 et
1922 1133 2039 1168 domui

404 1197 661 1243 amplificanda}
693 1201 727 1232 et
753 1197 882 1243 templo
903 1198 1137 1232 construendo
1157 1197 1382 1238 necessaria;
1417 1198 1572 1244 nihilque
1600 1197 1713 1243 magis
1742 1201 1908 1238 metuere,
1939 1208 2043 1243 quam

403 1270 447 1293 ne
478 1259 597 1299 telam,
621 1270 738 1304 quam,
773 1259 846 1294 Deo
875 1259 964 1295 bene
989 1260 1151 1306 juvante,
1186 1271 1334 1294 exorsus
1367 1263 1472 1301 esset,
1495 1259 1634 1305 quando
1660 1259 1735 1305 jam
1767 1258 1881 1293 aetatis
1911 1270 2042 1293 annum

407 1320 564 1366 quintum
595 1332 701 1366 supra
733 1322 992 1367 sexagesimum
1019 1322 1161 1367 agebat,
1190 1322 1392 1357 valetudine
1423 1332 1646 1367 nequaquam
1671 1320 1785 1362 firma,
1807 1331 1900 1354 mors
1922 1320 2044 1366 praeci-

407 1383 525 1424 deret;
547 1383 687 1418 tametsi
705 1388 988 1430 praeoccupasset
1000 1385 1075 1431 jam
1095 1396 1233 1419 omnem
1265 1396 1397 1425 casum,
1423 1388 1462 1419 ut
1497 1384 1555 1431 qui
1578 1388 1713 1419 mature
1748 1386 1959 1419 testamento
1987 1394 2043 1417 ca-

410 1445 530 1486 visset,
554 1457 621 1491 quo
635 1445 919 1492 Brunsbergensi
935 1447 1091 1492 Collegio
1107 1447 1285 1482 Vilnensis
1304 1447 1477 1482 condendi
1491 1450 1647 1493 potestas
1666 1446 1777 1481 omnis
1797 1446 1913 1481 delata
1937 1449 2041 1480 esset.

460 1507 514 1541 Ex
532 1507 618 1542 urbe
646 1507 842 1542 Stanislaus
863 1508 1132 1544 Varszevickius
1152 1509 1186 1543 111
1206 1510 1432 1544 Germaniam
1459 1509 1503 1543 ad
1529 1508 1787 1543 provincialem
1816 1507 2045 1542 Laurentium

411 1569 585 1614 Magium,
609 1581 687 1603 cum
706 1569 772 1604 hoc
791 1570 916 1605 deinde
934 1571 970 1605 in
997 1572 1158 1617 patriam,
1181 1572 1330 1617 primum
1346 1571 1485 1617 quidem
1516 1570 1560 1605 ad
1580 1571 1721 1605 tertium
1740 1569 1912 1605 kalendas
1924 1569 2045 1615 junias

409 1628 635 1668 Posnaniam‚
657 1628 738 1663 inde
756 1629 805 1663 4‘0
824 1642 934 1665 nonas
955 1622 1065 1677 julias
1086 1633 1228 1668 Vilnam
1255 1634 1333 1679 (quo
1361 1633 1474 1667 Roma
1496 1644 1516 1666 a
1536 1632 1732 1678 Praeposito
1751 1631 1909 1677 generali
1936 1631 2047 1666 Fran—

410 1689 501 1724 cisco
521 1690 655 1736 Borgia
677 1691 902 1738 mittebatur),
918 1698 1041 1728 auctus
1061 1695 1120 1730 ille
1134 1696 1206 1741 jam
1221 1699 1255 1731 et
1273 1696 1404 1742 pietate
1423 1699 1457 1730 et
1471 1695 1608 1736 litteris,
1626 1695 1799 1741 pervenit.
1820 1695 1860 1728 In
1882 1693 2045 1734 Polonia,

410 1767 478 1801 qua
506 1756 616 1797 ibant,
640 1756 880 1803 hospitalitate
900 1759 1078 1804 praecipua
1096 1771 1117 1793 a
1136 1759 1219 1794 viris
1246 1758 1463 1805 principibus
1482 1758 1629 1804 accepti,
1658 1758 1807 1793 maxime
1827 1758 2015 1793 Posnaniae
2029 1771 2051 1794 a

410 1823 695 1869 procuratoribus
715 1824 868 1869 episcopi
899 1823 1026 1859 Adami
1054 1825 1310 1866 Karnkovskii,
1341 1824 1498 1871 ejusdem
1526 1824 1828 1858 commendatione
1858 1823 1950 1869 (nam
1974 1823 2048 1868 ipse

411 1889 484 1920 tum
503 1886 639 1925 aberat,
661 1886 705 1920 ab
721 1885 947 1931 Sigismundo
966 1887 1126 1933 Augusto
1143 1888 1187 1921 ad
1207 1887 1408 1922 Romanum
1425 1885 1671 1932 imperatorem
1692 1885 1855 1931 legatus),
1878 1897 1899 1919 a
1916 1884 2046 1919 vicario

410 1948 495 1982 item
513 1948 680 1994 episcopi,
698 1960 719 1983 a
738 1948 886 1995 collegio
914 1950 1161 1985 canonicorum
1181 1955 1216 1986 et
1237 1951 1375 1986 civitate
1396 1962 1403 1991 ;
1421 1949 1581 1983 omnibus
1599 1949 1692 1983 omni
1711 1948 1901 1983 officiorum
1920 1959 2049 1994 genere

414 2011 719 2053 concertantibus;
742 2015 792 2053 ut,
815 2013 890 2059 ejus
909 2013 1164 2049 benevolentimv
1183 2014 1385 2049 suavitatem
1410 2013 1639 2059 regustando,
1670 2013 1859 2048 affirmaret
1877 2014 2019 2059 Magius
2040 2025 2047 2048 t

420 2088 434 2102 α
458 2074 641 2119 Nusquam
672 2074 737 2108 sibi
762 2075 919 2120 gentium
951 2076 1062 2110 visam
1093 2076 1346 2111 humanitatem
1372 2080 1506 2111 tantam
1524 2105 1531 2115 ,
1567 2080 1733 2121 quantam
1769 2075 1986 2121 experiretur
2017 2077 2052 2110 in

423 2151 438 2164 a
460 2135 630 2177 Polonia;
650 2148 769 2171 eorum
790 2138 906 2177 etiam,
925 2139 981 2183 qui
1002 2150 1039 2174 se
1067 2139 1111 2173 ab
1139 2138 1296 2173 Ecclesia
1327 2142 1578 2183 segregassent
1600 2150 1606 2172 :
1628 2138 1731 2172 homo
1757 2137 1815 2172 ille
1834 2137 2047 2184 alienigena,

425 2211 440 2225 α
462 2197 637 2232 haereticis
668 2199 824 2244 Papista,
850 2200 1000 2235 Jesuita.
1027 2218 1041 2232 >a
1064 2200 1145 2235 Non
1175 2203 1228 2234 est
1248 2200 1458 2245 dedignatus
1474 2200 1633 2234 homines
1648 2200 1855 2246 peregrinos
1877 2200 2053 2246 palatinus

423 2260 528 2294 etiam
548 2260 750 2302 Posnaniae,
774 2261 950 2296 Martinus
984 2262 1220 2297 Zborovskius
1237 2275 1243 2302 ;
1272 2262 1375 2296 1101110
1393 2262 1491 2302 alias,
1516 2266 1554 2297 ut
1571 2262 1780 2308 religionum
1798 2274 1969 2297 novarum
1984 2267 2054 2298 stu-

425 2322 557 2363 diosus,
588 2322 636 2356 sic
656 2323 857 2357 fastidiosus
886 2323 918 2357 in
940 2325 1139 2359 sacerdotes
1153 2324 1357 2359 catholicos.
1381 2324 1545 2359 Invitavit
1564 2325 1608 2359 ad
1626 2336 1662 2359 se
1677 2325 1839 2365 viatores,
1862 2325 2054 2372 habuitque

426 2384 461 2418 111
481 2395 544 2417 suo
564 2384 763 2418 suburbano
779 2397 857 2419 cum
876 2386 971 2421 laute
987 2390 1060 2421 tum
1089 2387 1244 2421 modeste
1259 2398 1300 2421 ac
1315 2386 1496 2421 benevole.
1519 2387 1696 2421 Permovit
1715 2398 1757 2422 ea
1774 2386 1841 2421 viri
1854 2387 2056 2422 humanitas

427 2447 600 2493 Magium,
618 2452 656 2482 ut
672 2449 803 2484 diceret
827 2462 832 2483 :
854 2464 870 2478 α
890 2450 918 2484 si
933 2454 1068 2486 tantum
1084 2452 1246 2497 princeps
1264 2451 1329 2485 iste
1349 2451 1391 2485 de
1410 2455 1509 2485 casta
1526 2450 1696 2496 religione
1711 2451 1866 2492 haberet,
1889 2454 2057 2496 quantum

431 2525 446 2539 α
466 2511 675 2545 urbanitatis
694 2515 728 2545 et
742 2511 926 2546 suavitatis
941 2524 961 2547 a
974 2518 1099 2549 natura
1109 2513 1313 2559 accepisset;
1332 2513 1475 2559 dignum
1490 2513 1644 2558 profecto
1670 2514 1757 2555 fore,
1779 2513 1813 2548 in
1842 2525 1909 2559 quo
1936 2524 2056 2549 omnes
