2184 2953
668 296 773 329 tisun
797 296 951 324 Tssnrius
974 296 1186 332 (isso-1590).
1481 322 1485 325 ,
1682 294 1739 325 127

119 398 181 433 per
199 386 346 421 consilia
376 386 541 432 principis
573 388 812 432 prospiceret:
840 391 876 421 ut
895 387 1044 432 denique
1072 386 1301 431 experiretur,
1324 397 1382 425 an,
1405 386 1433 418 si
1462 386 1535 431 ipse
1566 390 1600 419 et,
1630 385 1737 430 aliqui
1767 402 1828 427 1585

122 460 236 483 secum
260 448 424 482 abessent.
443 448 548 487 Socii,
567 448 691 494 reliqui
707 449 837 483 invidia
861 449 986 483 civium
1005 448 1219 482 levarentur.
1242 447 1376 481 Vendae
1397 448 1547 492 hospitio
1570 448 1737 494 principis
1765 441 1887 507 ξὲἓὲἓΰὸ

122 521 217 550 USUS,
242 514 314 544 tum
334 521 395 555 per
414 521 451 543 se
473 510 545 555 ipse
561 510 756 555 oppidanis,
779 514 850 544 tum
865 522 927 555 per
943 510 1063 544 Socios
1078 521 1119 543 ex
1138 509 1223 542 urbe
1239 508 1400 542 dimissos
1416 509 1577 553 paganis,
1596 521 1739 555 operam
1764 522 1857 546 nactus

123 571 263 605 navavit
283 571 423 612 utilem;
451 571 669 617 benignitate
697 572 814 605 divina
834 572 953 605 famuli
973 572 1026 605 sui
1046 571 1276 616 {egritudines
1301 570 1417 603 multis
1437 570 1663 615 abstergente
1687 582 1739 605 so·
1766 560 1864 625 ξξξῗῑῇ

121 634 227 668 latiis.
249 633 303 668 Ad
322 645 399 667 eum
424 633 616 673 Volmaria,
639 634 857 679 Romburgo.
880 634 1067 673 Pernavia,
1090 633 1237 678 aliisque
1265 644 1307 666 ex
1334 632 1496 677 paroeciis
1523 632 1736 673 sacerdotes,

122 699 287 741 tanquam
306 695 351 729 ad
369 695 588 740 magistrum,
611 695 804 741 disciplinae
828 695 1075 730 ecclesiasticae
1102 694 1310 734 consultum,
1333 693 1533 739 frequentes
1561 706 1598 727 so
1625 695 1739 729 confe-

123 757 266 797 rebant;
293 760 397 802 utque
422 757 455 789 in
476 758 670 802 gymnasiis
691 757 876 792 Societatis
896 761 996 791 erant
1016 757 1178 795 instituti,
1205 768 1245 789 ac
1263 760 1450 801 propterea
1470 755 1613 789 Ordinis
1636 756 1739 801 hujus

123 823 292 858 amantes,
315 818 490 853 revisendi
523 820 627 853 etiam
660 820 776 865 gratia
807 819 964 853 adibant.
999 819 1104 864 Rigae
1133 819 1267 852 interea
1295 817 1568 851 consenescebat
1595 817 1737 852 invidia.
1769 827 1887 858 Rigensi-

123 880 268 915 Taedere
281 881 355 926 jam
375 881 479 926 coepit
511 881 585 927 ejus
613 881 724 915 civilis
753 881 833 916 belli
857 881 1067 915 turbulentis
1086 881 1312 915 concionibus
1340 879 1471 914 tamdiu
1491 880 1654 924 agitatos.
1686 881 1742 914 In·
1767 867 1910 940 3232ae

124 943 257 988 quietos
273 943 478 988 compressit
502 943 603 977 edicti
624 947 735 977 metus
766 943 869 989 regii,
888 943 988 977 nonis
1005 943 1096 989 junii
1120 955 1181 988 per
1214 942 1428 977 cardinalem
1450 942 1642 976 antistitem
1662 954 1741 987 pro-
1768 957 1811 975 sae.

124 1005 281 1050 mulgati.
304 1005 381 1039 Hoc
400 1004 598 1038 ardeliones
618 1005 873 1039 Lutheranicos
897 1006 945 1039 sic
972 1005 1131 1051 perculit,
1155 1009 1203 1045 ut,
1231 1004 1329 1039 obliti
1357 1005 1522 1038 continuo
1546 1008 1580 1038 et
1601 1004 1742 1039 invidiae
1768 1003 1895 1070 ξέἰῐῖΡῙὲξ

125 1068 273 1102 recentis
305 1071 339 1101 et
370 1067 469 1106 rixae,
496 1067 587 1100 ultro
619 1078 656 1101 se
684 1068 813 1101 nostris
841 1067 1021 1106 dederent,
1051 1072 1084 1101 et
1112 1067 1306 1102 Possevino
1327 1067 1403 1112 jam
1430 1067 1499 1112 (qui
1527 1067 1657 1112 Rigam
1681 1078 1743 1112 per
1769 1083 1882 1108 sevinus.

125 1134 328 1163 autumnum
365 1129 564 1171 advenerat)
592 1128 818 1174 deprecatore
840 1129 933 1175 apud
953 1141 1070 1174 regem
1095 1129 1145 1163 uti
1166 1129 1309 1179 vellent,
1328 1129 1432 1175 idque
1446 1129 1595 1174 primum
1614 1133 1716 1163 orant
1734 1142 1740 1164 :

125 1190 286 1231 alterum,
309 1195 345 1225 ut
363 1192 609 1237 magistratum
634 1194 667 1225 et
690 1191 839 1236 plebem,
861 1191 976 1225 adhuc
995 1191 1085 1225 inter
1106 1203 1143 1225 se
1166 1191 1389 1230 dissidentes,
1417 1191 1550 1225 arbiter
1569 1191 1740 1226 conciliet.

125 1253 209 1298 Egit
232 1252 304 1293 ille,
336 1253 426 1298 quod
451 1253 585 1298 potuit3
618 1253 667 1286 sic
703 1253 904 1287 moderatus
928 1253 1088 1292 officium,
1122 1257 1159 1286 ut
1188 1253 1363 1287 hominem
1395 1253 1580 1288 Societatis
1604 1253 1745 1299 religio-

127 1325 201 1348 sum
217 1313 350 1355 decuit3
378 1314 597 1348 commonitis
617 1315 766 1359 primum
787 1315 958 1360 partibus,
985 1329 999 1343 α
1022 1314 1211 1360 tranquille
1230 1314 1346 1349 omnia
1369 1315 1641 1361 prudenterque,
1664 1315 1746 1349 civi-

130 1390 145 1404 «
166 1379 277 1410 tatum
291 1376 379 1410 bene
394 1380 609 1410 moratarum
630 1376 787 1421 exemplo
802 1381 949 1422 agerent
970 1389 975 1411 :
999 1377 1234 1422 disceptantes
1250 1377 1292 1412 de
1307 1377 1479 1423 religione
1498 1378 1624 1423 pacati,
1643 1381 1748 1423 atque

131 1451 145 1465 «ι
168 1437 276 1482 ipsius
300 1437 554 1483 cognoscendae
577 1438 736 1472 veritatis
767 1438 896 1483 cupidi,
919 1438 1160 1473 auscultarent
1180 1452 1185 1473 ;
1206 1439 1291 1473 nulli
1319 1439 1437 1485 utique
1465 1451 1526 1485 per
1554 1440 1747 1474 doctrinam

131 1513 146 1527 «ι
169 1498 376 1533 catholicam
400 1499 468 1533 vim
495 1499 597 1534 fieri:
629 1500 802 1534 neminem
829 1500 873 1533 ad
901 1500 1133 1545 profitendum
1159 1501 1251 1545 cogi.
1279 1500 1551 1536 Considerarent
1577 1505 1748 1547 praeterea

132 1574 146 1588 a
169 1560 374 1606 dignitatem
403 1565 436 1595 et
468 1561 749 1596 benevolentiam
779 1562 874 1607 regis
902 1562 1158 1606 augustissimi,
1189 1573 1300 1607 neque
1331 1574 1394 1596 sua
1421 1563 1650 1598 abuterentur
1680 1563 1747 1598 cle-

132 1636 147 1650 ⁶⁴
169 1622 297 1657 mentia
317 1635 322 1656 z
348 1623 531 1657 criminum
552 1623 687 1657 veniam
712 1624 786 1668 ipse
809 1635 871 1669 per
892 1634 929 1657 se
947 1628 1150 1669 matureque
1170 1628 1408 1669 exposcerent.
1435 1642 1450 1655 η

179 1684 231 1718 Ita
246 1684 386 1718 monitis
405 1685 563 1730 beneque
578 1685 837 1730 sperarejussis
856 1685 1073 1730 Rigensibus
1093 1690 1286 1730 sequester,
1309 1685 1353 1719 ad
1372 1686 1450 1720 lites
1466 1687 1569 1720 etiam
1585 1686 1748 1721 dirimen-

130 1744 204 1785 das,
235 1757 313 1790 quae
335 1745 575 1780 Vendensium
599 1747 759 1792 episcopo
781 1758 857 1780 cum
878 1747 950 1780 suis
974 1746 1106 1780 civibus
1126 1747 1256 1792 iraeque
1280 1748 1554 1787 intervenerant,
1582 1748 1747 1782 invitatus
1774 1756 1892 1800 Vendent-

131 1805 213 1840 abit.
241 1805 392 1841 Perfecit
414 1807 573 1848 consilio,
593 1812 627 1841 nt
647 1807 844 1842 Vendensis
868 1808 964 1842 urbis
991 1808 1176 1853 praefectus
1200 1809 1479 1844 Volmariensem
1503 1821 1632 1849 arcem,
1654 1810 1746 1855 quod
1772 1796 1917 1872 Ξζίοῗξζῑ

131 1867 244 1902 adhuc
278 1869 503 1914 pertinaciter
539 1869 736 1909 abnuebat,
772 1870 962 1904 dimitteret
993 1870 1176 1916 episcopo,
1205 1871 1287 1916 jure
1319 1883 1381 1905 suo
1417 1871 1620 1916 postulanti.
1660 1871 1746 1906 Inde
1773 1878 1857 1904 eiliat.

132 1928 321 1975 Derpatum
337 1931 430 1970 visit,
448 1931 519 1972 ubi,
538 1932 701 1976 quoniam
716 1931 841 1977 populo
857 1932 1015 1966 doctrina
1029 1932 1201 1966 catholica
1214 1932 1345 1978 linguis
1360 1936 1436 1966 erat
1454 1932 1625 1967 tradenda
1640 1933 1747 1967 variis
1822 1961 1863 1987 31.

132 2002 193 2035 pro
207 1992 377 2026 varietate
401 2004 484 2026 usus
504 1993 537 2026 in
561 1993 680 2038 vulgo,
702 1993 854 2027 lotavica
873 1993 1017 2033 scilicet,
1041 1994 1209 2034 estofflca,
1233 1995 1447 2039 germanica,
1465 1994 1645 2033 lituanica,
1672 2006 1749 2029 sue·
1773 1997 1871 2062 {miffa-

1803 2044 1888 2062 usium

1774 2045 1868 2108 peietas.

134 2113 295 2154 instituit,
313 2114 462 2149 deducta
485 2116 517 2162 (1)
537 2128 555 2150 e
576 2116 731 2162 Collegio
756 2117 1039 2162 Brunsbergensi
1064 2117 1214 2151 colonia.
1241 2117 1381 2152 Triceni
1401 2129 1442 2151 ex
1465 2129 1505 2152 eo
1529 2118 1750 2152 alumnorum
1777 2114 1912 2178 ggffifflm

1778 2191 1894 2224 collegii.

135 2238 301 2278 tantibus,
331 2238 436 2273 latius
461 2250 522 2284 per
553 2240 752 2281 Lironicas,
789 2240 1030 2280 Curlandicas,
1065 2246 1098 2276 et
1130 2242 1359 2287 Samogiticas
1391 2243 1555 2288 regiones
1585 2243 1682 2277 labor
1708 2243 1753 2276 ad
1778 2230 1919 2294 {0331an-

137 2298 319 2334 utilitatem
335 2301 491 2346 gentium
511 2302 685 2336 manabat.
704 2302 858 2337 Subinde
873 2303 907 2348 (e)
923 2303 1042 2337 schola
1057 2304 1296 2347 grammaticae
1311 2303 1398 2338 duas
1413 2304 1447 2338 in
1468 2304 1599 2339 classes
1619 2304 1751 2340 divisa:
1779 2308 1850 2334 libri.

139 2360 342 2395 attributum
361 2362 396 2407 (3)
418 2361 574 2407 Collegio
598 2363 776 2408 templum,
804 2365 988 2409 augustius
1010 2364 1107 2405 illud,
1138 2365 1259 2399 Beatae
1285 2366 1411 2400 Mariae
1436 2366 1576 2411 Virgini
1602 2378 1751 2408 sacrum,

140 2433 216 2456 cum
238 2434 321 2458 area
342 2427 376 2457 et
394 2423 517 2458 vicinis
544 2424 675 2470 aliquot
699 2425 930 2461 domunculis.
965 2427 1055 2461 Data
1081 2427 1205 2461 horum
1226 2439 1247 2461 a
1270 2439 1354 2474 rege
1377 2428 1555 2474 Stephano
1577 2429 1753 2474 possessio

133 2051 221 2094 dica,
250 2053 424 2098 polonica,
454 2054 585 2095 latina;
609 2055 842 2089 Seminarium
870 2060 1112 2100 interpretum,
1139 2068 1285 2101 qnorum
1305 2067 1412 2101 opera
1436 2056 1529 2091 Socii
1552 2059 1746 2096 uterentur,

135 2175 313 2211 Pontificis
336 2177 489 2211 Romani
509 2178 671 2212 sodalitio
687 2185 877 2219 venerant;
902 2179 956 2212 his
981 2183 1126 2212 conatus
1151 2179 1332 2214 Sociorum
1360 2191 1422 2225 pro
1448 2191 1511 2214 sua
1533 2184 1632 2226 parte
1652 2180 1751 2226 adju-

180 2497 328 2535 (annrmni
342 2498 488 2531 Pontificii,
501 2499 676 2533 Brnnsbcrea
688 2501 1230 2537 acciti,Sociosadjutam.-(Q)S‹·1101;r=
1243 2505 1382 2532 nis-{innan
1393 2504 1598 2541 —(3)Colnegii
1610 2509 1752 2532 resanrta.
