2184 2953
182 765 274 791 Ariani

182 803 291 837 passim,

181 843 293 869 maxime
300 842 327 868 in

181 879 314 914 provincia

182 917 330 952 Novogrod.

184 960 210 985 et
229 958 329 985 Bresti-

182 1005 240 1024 ana.

185 1262 200 1287 J
203 1261 279 1292 udaei,

187 1299 300 1331 Tartari,

196 1343 251 1375 Cyn
255 1340 313 1375 gari
318 1360 324 1367 .

199 2129 348 2156 Haereticor.

203 2168 340 2194 maleficia.

200 2207 283 2234 Vilnae

206 2249 335 2282 templum

203 2289 228 2314 S.
237 2288 250 2314 .]
255 2288 347 2314 oannis

349 294 367 325 6
708 289 982 319 LITUANICARUM
1007 289 1216 317 SOCIETATIS
1239 288 1324 317 JESU
1349 287 1601 316 HISTORIARUM

350 384 562 431 operandum
587 383 707 424 sacris,
730 382 853 428 quibus
884 393 902 416 e
930 380 1125 421 ritualibus,
1160 381 1195 415 in
1229 390 1393 415 consessu
1413 390 1458 413 an
1491 377 1664 418 accubitu,
1695 389 1736 412 ac
1773 377 1815 412 de
1834 377 1971 412 caeteris

351 446 455 493 hujus
468 445 607 492 generis
621 445 758 480 infinita
774 445 866 480 inter
883 446 1093 490 symmystas
1113 443 1198 478 istos
1214 440 1451 477 controversia
1464 444 1565 486 atque
1582 440 1638 474 lis.
1657 439 1820 474 Palatino
1838 443 1968 480 tamen,

352 511 575 558 pertinaciter
601 509 757 546 molienti
787 520 863 549 sua,
885 519 997 554 neque
1016 506 1190 541 discordia
1216 503 1483 551 peregrinorum
1511 501 1742 547 stultitiaque,
1766 512 1878 547 neque
1909 501 1972 535 im-

352 573 463 620 pietas
477 573 590 619 potuit
608 572 804 618 displicere.
824 570 915 608 Quin
933 567 1200 603 commendabat
1218 565 1324 600 etiam
1351 563 1468 597 multis
1493 563 1654 598 doctores
1672 573 1754 597 suos
1773 561 1970 608 praeconiis,

352 638 399 676 et,
421 635 517 681 quasi
550 635 595 669 ad
626 633 813 679 Delphicos
831 630 1025 677 Apollines,
1047 628 1222 664 civitatem
1249 624 1416 661 conviviis
1447 624 1552 659 etiam
1569 624 1754 658 invitabat.
1782 623 1812 658 E
1850 623 1974 658 subur-

352 697 444 731 bano
463 695 651 731 translatos
670 695 706 729 in
725 695 846 729 urbem
860 703 968 739 prope
987 691 1099 725 sorum
1117 689 1323 727 piscarium,
1344 687 1381 721 in
1396 686 1544 727 aedibus,
1566 697 1677 731 nuper
1691 685 1852 720 Gastoldi
1870 685 1975 720 Pala-

352 759 428 798 tini,
449 759 552 794 hodie
568 758 652 799 suis,
671 768 840 792 novarum
855 754 1099 789 buccinatores
1127 763 1243 787 rerum
1274 749 1471 785 collocavit.
1488 748 1520 783 A
1535 748 1712 783 Calvinica
1726 759 1796 782 non
1810 747 1912 794 pauci
1930 747 1975 782 ad

354 826 483 858 sectam
500 822 681 861 Arianam‚
704 833 725 855 a
743 818 1003 866 Transylvania
1018 815 1164 851 subinde
1182 813 1325 852 illatam,
1344 808 1517 844 transiere
1536 807 1588 853 <1);
1606 807 1641 842 in
1659 807 1713 841 his
1732 807 1838 841 fuisse
1862 807 1972 849 aiunt,

355 885 472 920 nescio
484 896 585 930 quem
609 882 831 922 Sudrovium,
849 879 1029 915 homulum
1049 889 1091 913 ex
1104 876 1221 912 infimo
1237 883 1366 920 genere
1387 875 1421 906 et
1438 870 1588 904 fortunae
1603 869 1715 915 gradu
1730 881 1736 903 :
1754 880 1865 914 nuper
1880 868 1977 903 illum

355 948 391 982 in
409 947 548 982 civitate
567 945 801 992 Leopolitana
821 941 1074 978 mercenarium
1103 937 1312 975 carnificem,
1335 933 1459 968 deinde
1486 931 1602 966 Vilnae
1625 930 1661 965 in
1680 941 1864 977 synagoga
1895 930 1977 966 Cal-

354 1010 426 1044 vini
437 1009 646 1049 ministrum,
665 1019 812 1048 morum,
837 1006 865 1040 si
883 1004 1038 1051 provinc.
1060 1002 1186 1048 placet,
1207 997 1415 1044 magistrum
1434 998 1468 1029 et
1487 993 1637 1028 rituum:
1661 992 1824 1039 denique,
1846 996 1977 1028 mutata

355 1071 438 1113 fide,
459 1071 642 1106 Arianum.
671 1070 691 1104 J
697 1081 751 1104 am
779 1068 870 1104 enim
896 1066 1029 1101 Ariana
1048 1064 1152 1099 etiam
1170 1060 1329 1106 impietas
1347 1056 1515 1102 vulgabat
1532 1066 1609 1090 sese
1627 1054 1800 1096 Lituanis‚
1829 1055 1866 1089 in
1891 1055 1978 1090 Bre-

357 1135 472 1169 stiana
497 1132 644 1167 maxime
663 1135 698 1166 et
730 1127 1001 1175 Novogrodensi
1018 1124 1225 1173 provinciis;
1247 1121 1432 1166 multisque
1458 1119 1534 1153 visa
1551 1117 1713 1157 nobilior,
1747 1121 1784 1151 ut
1802 1129 1880 1163 quae
1903 1117 1980 1152 aliis

358 1195 535 1242 antiquior
552 1195 642 1229 foret
660 1192 869 1231 haeresibus,
891 1190 1079 1235 turbasque
1093 1187 1211 1234 plures
1231 1184 1414 1229 caedesque
1432 1180 1553 1216 fecerit
1571 1180 1606 1216 in
1625 1179 1797 1215 Ecclesia.

408 1260 473 1295 His
518 1259 608 1294 adde
662 1257 930 1304 peregrinarum
970 1251 1126 1300 gentium
1184 1246 1440 1283 multitudinem
1478 1258 1484 1279 2
1519 1245 1539 1279 J
1545 1244 1664 1279 udaeos
1719 1255 1762 1278 ex
1808 1244 1956 1278 Prussia
1969 1273 1977 1286 ,

360 1322 549 1358 Godefrido
589 1321 857 1366 Crucigerorum
886 1316 1060 1362 Magistro
1096 1313 1163 1353 XI,
1202 1315 1237 1346 et
1263 1309 1349 1344 alias
1390 1307 1531 1342 aliunde
1566 1306 1729 1352 expulsos
1743 1335 1750 1347 ‚
1786 1306 1822 1340 in
1855 1307 1982 1352 oppida

361 1384 536 1421 Lituaniae
553 1387 586 1418 et
605 1382 799 1417 diversoria
817 1383 978 1426 acceptos
993 1391 1000 1419 3
1018 1377 1199 1417 Tartaros,
1218 1383 1308 1407 caeso
1324 1370 1416 1416 apud
1434 1369 1591 1404 Asovum
1608 1368 1744 1414 ingenti
1762 1368 1983 1403 Tamerlanis

362 1446 530 1486 exercitu,
569 1457 589 1480 a
626 1444 756 1479 victore
785 1443 1036 1480 Barbarorum‚
1070 1447 1198 1483 magno
1241 1432 1412 1469 Lituaniae
1440 1432 1540 1472 duce,
1578 1429 1778 1464 Alexandro
1823 1429 1979 1471 VitoldO,

359 1508 396 1543 in
426 1506 625 1542 Lituaniam
667 1505 878 1552 compulsos,
909 1503 1101 1547 missosque
1131 1500 1168 1534 in
1196 1496 1372 1537 colonias;
1404 1495 1601 1540 Cyngaros‚
1638 1492 1729 1527 unde
1757 1495 1792 1527 et
1820 1504 1886 1538 quo
1915 1493 1983 1528 huc

363 1574 467 1606 vento
502 1569 637 1604 delatos
655 1597 662 1609 ‚
696 1568 810 1602 nescio
830 1580 837 1607 ς
872 1565 1118 1601 circulatorum
1152 1571 1262 1607 genus
1311 1563 1345 1594 et
1387 1558 1501 1592 furum
1520 1584 1526 1597 ‚
1558 1559 1699 1602 gentem
1726 1567 1850 1601 vagam
1869 1584 1876 1596 ‚
1911 1567 1985 1589 sor-

371 1632 502 1672 didam,
547 1630 745 1669 ridiculam,
780 1629 989 1674 religionum
1025 1623 1238 1671 quammvis,
1273 1620 1353 1656 fidei
1394 1618 1535 1653 nullius.
1578 1617 1669 1651 Hinc
1701 1617 1797 1651 brevi
1830 1621 1986 1662 tempore

366 1698 465 1729 tanta
497 1704 648 1733 morum,
679 1692 820 1730 rituum,
849 1690 1055 1727 studiorum,
1092 1686 1187 1725 vitae,
1213 1689 1285 1719 tam
1311 1695 1427 1719 rerum
1450 1684 1578 1717 misera
1596 1681 1749 1715 omnium
1780 1681 1868 1716 sacta
1894 1693 1986 1716 com-

369 1754 527 1792 mutatio,
563 1756 734 1799 regnante
762 1751 893 1786 scilicet
924 1751 1085 1795 Augusto
1106 1750 1133 1790 I,
1156 1751 1193 1782 ut
1223 1746 1368 1793 aequalis
1388 1748 1462 1790 eJ'us
1476 1744 1642 1790 temporis
1672 1743 1832 1789 scriptor,
1855 1744 1988 1779 Stanis-

367 1819 445 1854 laus
464 1815 740 1852 Orzechovskius
759 1814 807 1860 (2),
830 1826 894 1849 nec
917 1814 991 1860 ipse
1011 1814 1149 1848 omnino
1168 1813 1303 1857 integre
1322 1811 1357 1845 in
1371 1809 1440 1843 illis
1457 1812 1617 1842 versatus
1631 1806 1807 1852 periculis,
1826 1807 1984 1847 affirmet,

370 1891 488 1926 regem
501 1878 657 1913 Poloniae
670 1876 931 1922 Sigismundum
948 1877 974 1916 I,
988 1887 1099 1921 nuper
1114 1875 1347 1911 demortuum,
1362 1871 1389 1906 si
1405 1869 1617 1916 postliminio
1637 1868 1808 1909 rediisset,
1830 1868 1988 1904 civitates

370 1953 450 1978 suas
466 1952 536 1976 non
555 1939 816 1985 recogniturum
834 1937 952 1972 fuisse.
977 1937 1017 1971 In
1039 1948 1081 1971 ea
1097 1937 1312 1982 perditorum
1333 1933 1510 1967 hominum
1530 1930 1678 1966 colluvie
1699 1931 1873 1977 corrumpi
1887 1932 1988 1968 facile

371 2004 464 2040 cives
478 2001 673 2042 christiani,
692 2005 726 2035 et
741 2000 784 2034 ab
797 1999 886 2033 avita
901 2000 944 2033 ad
956 1998 1144 2044 religiones
1155 1998 1308 2033 defluere
1323 1994 1526 2042 peregrinas
1545 2006 1552 2028 ε
1570 1993 1703 2039 negligi
1714 1997 1872 2039 pastores
1882 1993 1964 2028 boni
1978 2006 1984 2028 :

374 2065 483 2113 quaeri
502 2068 611 2099 coetus
626 2062 810 2108 impiorum
829 2065 863 2096 et
882 2061 964 2095 fana
987 2073 992 2094 :
1013 2060 1219 2095 herbescere
1238 2059 1282 2093 ad
1300 2057 1430 2103 templa
1444 2056 1576 2091 semitae
1599 2068 1606 2089 τ
1629 2055 1719 2089 sacri
1733 2059 1767 2090 et
1781 2060 1938 2090 oratores
1955 2060 1990 2091 et

373 2126 499 2174 psaltae
516 2125 761 2160 conticescere.
782 2122 911 2162 Vilnae,
929 2126 1057 2167 praeter
1072 2123 1139 2157 duo
1156 2120 1341 2160 Rutenica,
1363 2122 1439 2153 octo
1455 2122 1489 2152 et
1503 2118 1623 2151 decem
1637 2117 1840 2151 visebantur
1853 2116 1993 2150 catholi-

377 2201 495 2224 corum
513 2187 644 2234 templa
666 2200 672 2221 z
694 2187 730 2221 in
748 2186 802 2220 his
821 2184 951 2220 curiale
978 2184 1080 2219 Beati
1099 2184 1119 2218 J
1124 2183 1260 2224 oannis,
1286 2180 1422 2216 caeteris
1441 2179 1644 2224 augustius3
1666 2178 1734 2218 hio,
1758 2178 1802 2212 ad
1822 2177 1994 2223 insignem

378 2250 598 2287 contumeliae
616 2253 747 2288 notam,
764 2249 868 2294 juxta
894 2246 1085 2293 principem
1113 2245 1198 2280 aedis
1223 2248 1257 2278 et
1284 2255 1355 2277 arae
1380 2242 1508 2281 locum,
1530 2252 1550 2274 a
1571 2239 1788 2285 ganeonibus
1812 2239 1994 2284 sacrilegis

380 2314 514 2348 defixus
532 2313 568 2347 in
587 2312 705 2358 platea
717 2311 836 2356 stipes,
858 2309 1033 2344 latronum
1048 2307 1186 2343 infamis
1206 2305 1410 2352 suspendio;
1438 2303 1532 2337 mdes
1550 2302 1626 2348 ipsa
1644 2302 1736 2336 intus
1754 2305 1787 2336 et
1805 2301 1889 2335 foris
1909 2304 1995 2335 ster-

419 2426 459 2462 (1)
483 2424 626 2458 Cichocki,
642 2424 845 2459 Alloquiorum,
870 2423 917 2449 lib.
937 2421 1009 2458 lI‚c.
1026 2422 1073 2450 2⁹2.
1097 2437 1135 2440 ——
1152 2417 1192 2457 (⁹2)
1217 2419 1300 2446 Libro
1328 2418 1402 2446 edito
1428 2417 1452 2443 in
1477 2417 1566 2443 lucen]
1590 2422 1663 2441 anno
1684 2411 1770 2442 1560.
1798 2413 1859 2442 Vid.
1886 2413 1993 2441 Misocl.

380 2479 552 2514 Kojalowicz
568 2486 633 2516 pag.
653 2478 701 2505 64.
724 2477 795 2505 mim
828 2475 1007 2511 Orichovius,
1039 2475 1132 2504 Luteri
1162 2473 1250 2509 ipsius
1276 2471 1428 2507 discipulus
1462 2467 1734 2504 Vite1nbe1‘gae.vid.
1763 2467 1899 2495 joannem
1926 2467 1995 2502 Leo,

380 2534 508 2562 Historia·
525 2532 654 2565 Prussiae,
672 2532 720 2559 lib.
739 2530 812 2566 Vlll,
827 2538 891 2566 pag.
910 2530 978 2557 456.
