2184 2953
644 286 751 314 Llssssn
771 285 892 313 nonus
916 283 1125 320 (1640-16505.
1662 278 1721 309 339

104 380 260 414 Joannes
278 379 499 419 Jachnovicz,
521 390 632 424 nuper
661 377 825 412 suffectus
844 375 974 410 Joanni
1002 373 1210 413 Bielinskio,
1233 373 1276 407 ad
1302 384 1427 406 munus
1455 372 1721 418 procancellarii
1748 375 1811 401 1644

102 442 290 476 academici
312 441 452 475 Vilnam
473 440 656 475 translato.
1811 469 1843 496 18

152 503 205 538 Ex
233 502 350 537 multis
383 502 451 536 dno
470 502 526 536 hic
554 503 701 536 duorum
728 500 892 540 coelitum,
912 498 1080 534 Stanislai
1100 497 1251 538 Kostka‚
1275 501 1307 531 et
1337 497 1523 542 Josaphat,
1557 498 1720 544 martyris
1747 509 1890 536 Beatorum

101 565 366 611 archiepiscopi,
389 575 700 599 commemoramus
728 562 910 597 beneficia.
940 562 977 595 In
1004 559 1221 606 provinciola
1254 559 1445 593 Orsanensi
1475 559 1569 593 curio
1603 559 1720 593 Staro-
1746 549 1875 615 ῗὲῗῖξὲω

97 628 307 664 sielanorum
323 627 497 666 sacerdos,
519 627 730 662 Adalbertus
752 623 991 663 Rudavskius,
1010 634 1051 657 ex
1070 622 1234 656 diuturno
1263 626 1297 656 et
1323 626 1424 656 acuto
1446 622 1572 666 pedum
1597 623 1717 658 dolore
1747 628 1867 662 phatbe-

99 701 207 737 prope
225 689 410 728 emoriens,
432 689 577 722 tentatis
596 689 726 722 frustra
748 686 959 721 medicorum
981 684 1118 731 opibus,
1147 684 1226 718 dum
1255 684 1416 729 precibus
1446 684 1721 718 misericouliam
1747 671 1848 695 nenffla.

98 750 261 796 implorat
281 749 448 789 coelitum,
467 761 588 784 vocem
610 749 795 788 monentis,
817 759 919 793 quom
939 752 1054 781 tamen
1077 758 1144 780 non
1164 746 1299 780 videret
1316 746 1441 791 ipsum,
1464 746 1594 780 claram
1623 747 1721 780 inau-

99 810 187 845 diit:
214 824 228 838 u
252 810 363 844 Beato
391 810 548 850 Jesuitae,
574 810 749 845 Stanislao
780 810 918 845 Kostka
942 821 1037 855 zegcr
1057 820 1094 843 se
1123 808 1393 843 commendaret.
1420 826 1434 838 >⁹
1455 808 1591 853 Accipit
1611 808 1721 842 consi-

95 873 201 914 lium;
221 873 336 913 simul,
364 874 563 908 remittente
592 873 724 914 dolore,
752 873 990 908 obdormiscit.
1011 872 1212 911 Quiescenti
1232 871 1333 905 offert
1363 883 1399 906 se
1419 872 1541 905 beatus
1565 872 1719 917 juvenis,

98 939 299 981 certumque
319 934 402 969 mali
421 935 675 969 absolutorium
707 935 880 980 designat.
908 935 1036 968 Paratu
1065 934 1150 967 illud
1179 933 1241 967 fuit
1269 933 1382 972 facile,
1404 938 1508 978 atque
1536 933 1628 968 idem
1652 938 1721 968 tam

99 998 233 1039 efficax,
254 1002 289 1032 ut
308 1010 376 1044 quo
391 999 557 1044 temporis
572 999 719 1033 articulo
740 999 933 1033 adhibitum
954 1002 1018 1038 cst,
1037 997 1159 1031 eodem
1174 996 1246 1031 fere
1262 997 1402 1031 morbus
1422 997 1525 1043 plane
1541 997 1585 1031 sit
1605 997 1723 1043 depul-

100 1073 170 1096 sus.
196 1061 315 1095 Laetus
334 1062 506 1107 postridie
525 1061 693 1107 templum
714 1061 859 1107 Collegii
897 1062 976 1096 visit
999 1073 1039 1095 ac
1065 1059 1203 1099 deinde,
1224 1060 1542 1105 monimentumque
1561 1060 1721 1095 beneficii

97 1126 303 1168 argenteum
319 1123 365 1157 ad
395 1134 493 1157 aram
513 1123 616 1157 Beati
636 1125 814 1169 appendit.
835 1125 988 1159 Polociae
1015 1123 1161 1158 mirifica
1180 1124 1308 1169 pariter
1332 1124 1406 1158 viro
1433 1124 1555 1164 nobili,
1582 1124 1721 1170 provin-

101 1184 182 1220 ciali
210 1185 390 1224 advocato,
410 1196 486 1230 ope,
510 1185 579 1219 divi
604 1186 777 1231 Josaphat
804 1186 974 1220 medicina
1002 1185 1169 1219 adhibita.
1202 1185 1253 1219 Ex
1275 1185 1390 1220 ulcere
1417 1186 1540 1231 capitis
1556 1186 1721 1220 intestino

101 1250 135 1282 et
154 1246 242 1282 febri
257 1246 486 1282 moribundus
501 1247 604 1281 beato
623 1248 768 1294 martyri
785 1247 1066 1286 commendatum
1085 1250 1169 1286 tum,
1192 1247 1294 1281 simul
1314 1258 1355 1281 ex
1374 1247 1510 1281 ossibus
1527 1248 1596 1281 divi
1612 1249 1721 1284 sacris

99 1311 273 1346 fatiscenti
299 1312 344 1346 ad
375 1312 568 1346 auriculam
593 1312 789 1358 applicatur
818 1312 1002 1357 particula,
1021 1311 1124 1345 simul
1150 1312 1322 1357 rumpitur
1343 1313 1562 1357 suppuratio,
1582 1324 1720 1358 unaque

100 1373 247 1408 discedit
260 1373 380 1408 febris.
403 1374 456 1408 Ita
471 1374 652 1408 restitutus
669 1374 733 1407 sibi
750 1373 827 1407 divo
844 1372 1000 1418 sospitali
1017 1384 1078 1407 suo
1101 1373 1216 1418 posuit
1242 1384 1340 1407 aram
1358 1373 1393 1406 in
1412 1373 1541 1419 templo
1557 1373 1716 1419 Collegii.

150 1435 189 1469 In
209 1435 369 1471 Vilnensi
383 1435 562 1471 academia
581 1436 660 1470 (111εο
683 1435 797 1470 adhuc
816 1435 1105 1470 desiderabantur
1125 1434 1254 1469 schola}
1277 1447 1282 1468 :
1300 1435 1391 1480 juris
1412 1436 1568 1470 canonici
1583 1440 1617 1470 et
1636 1436 1718 1471 civi·
1743 1433 1893 1497 Jurisfflca-

97 1497 151 1532 lis.
172 1497 361 1544 Utramque
382 1498 482 1532 donis
503 1498 575 1532 suis
596 1498 775 1532 constituit
791 1498 862 1532 Leo
884 1497 1050 1543 Sapieha,
1070 1497 1320 1531 mareschallus
1336 1497 1476 1532 curialis
1492 1502 1577 1538 tum,
1592 1499 1717 1534 deinde
1744 1511 1831 1536 nonici
1846 1512 1872 1536 et

95 1559 391 1605 procancellarius
422 1560 611 1599 Lituaniac,
642 1559 761 1593 accitis
786 1559 920 1593 duobus
951 1558 1130 1604 magistris
1158 1570 1200 1594 ex
1226 1559 1501 1604 Ingolstadicnsi
1521 1560 1711 1595 academia.
1743 1551 1830 1615 {sll'ffljj

95 1621 252 1667 Collegio
279 1621 495 1656 Nesvisiensi
521 1633 538 1655 a
557 1621 739 1655 visitatore
761 1621 801 1655 P.
820 1620 981 1655 Fabricio
1004 1619 1160 1666 praefecti
1192 1624 1273 1655 sunt
1296 1633 1301 1654 ;
1329 1621 1498 1655 Nicolaus
1530 1622 1715 1656 Lancicius
1742 1628 1834 1654 scholae

95 1687 129 1718 et
144 1683 342 1729 Stephanus
358 1683 614 1717 Rudzinskius:
634 1683 689 1716 hic
704 1682 754 1717 rei
769 1682 1005 1721 ceconomicae,
1028 1682 1085 1717 ille
1105 1682 1263 1728 Collegii‚
1282 1694 1509 1729 personarum
1529 1684 1715 1729 sexaginta
1740 1668 1880 1694 institutae.

95 1745 243 1791 amplius
278 1745 477 1780 moderator
495 1759 502 1786 3
553 1749 686 1779 rectore
731 1744 866 1783 (lomus,
897 1745 1031 1778 Thoma
1059 1744 1190 1790 Clagio,
1223 1745 1427 1785 Torunium‚
1466 1745 1511 1779 ad
1540 1746 1711 1781 celebrem
1810 1757 1842 1782 20

1737 1794 1766 1819 P.
1776 1794 1852 1828 Clagi
1861 1804 1890 1822 us

1736 1836 1883 1861 vocaturad

93 1869 276 1903 Vladislao
294 1869 341 1915 (1).
365 1870 431 1908 Qui
452 1869 535 1903 olim
553 1870 589 1903 in
612 1869 770 1914 Collegio
791 1868 1011 1903 Nesvisiensi
1027 1868 1182 1902 scholam
1200 1868 1323 1903 habuit
1341 1873 1479 1914 patrum
1498 1871 1612 1904 tertiae
1632 1882 1709 1916 pro-
1738 1875 1860 1908 colloqui-

94 1931 246 1965 bationis
264 1931 445 1976 magister,
475 1931 565 1965 idem
592 1930 780 1975 aliquando
803 1930 950 1964 duorum
975 1929 1097 1965 Socius
1117 1931 1303 1976 praesidum
1324 1932 1600 1977 provincialium,
1623 1932 1710 1968 alias
1738 1915 1883 1979 ffiffissmu

95 1992 210 2026 Vilnae
236 1993 445 2038 praepositus
477 1992 597 2027 domus
627 1992 807 2038 professae,
839 1992 992 2026 Micliael
1029 1992 1268 2033 Kovnaekius,
1293 1993 1485 2039 Samogsta,
1508 1995 1713 2030 decennium
1804 2004 1834 2029 21

1739 2041 1885 2070 P.Michae-

94 1807 272 1841 doctorum
292 1807 476 1854 synodum,
497 1811 530 1842 et
550 1807 808 1842 controversias
827 1806 1018 1841 catholicos
1035 1806 1124 1841 inter
1143 1810 1177 1841 et
1196 1807 1391 1848 haereticos,
1419 1812 1560 1842 evocato
1578 1820 1599 1841 a
1626 1820 1711 1854 rege

96 2054 293 2101 pontificius
314 2054 466 2100 episcopi
497 2054 701 2100 Samogitiae
729 2053 871 2098 Georgii
891 2053 1113 2099 Tyszkievicz
1143 2055 1341 2100 theologus,
1364 2067 1493 2090 annum
1512 2057 1593 2091 vitae
1613 2068 1712 2092 sexa·
1739 2080 1773 2106 lis
1787 2081 1856 2107 Kov-

97 2116 280 2162 gesimum,
311 2116 496 2152 Societatis
524 2116 620 2151 initae
650 2116 865 2151 tricesimum
894 2119 1051 2149 octavum
1080 2120 1204 2155 morte,
1236 2117 1376 2151 homine
1403 2118 1570 2164 religioso
1591 2120 1710 2165 digna,
1739 2121 1890 2148 113οΚ110ῢί-

96 2179 208 2213 finivit
225 2179 368 2219 Vornis,
388 2179 424 2214 in
443 2179 569 2226 oppido
597 2179 843 2213 canonicorum
864 2177 1078 2223 Samogitiae.
1110 2178 1231 2213 Funus
1250 2180 1434 2215 Michaelis
1455 2185 1594 2216 cantato
1614 2194 1713 2217 sacro
1740 2163 1863 2229 Effng‘

97 2241 172 2287 ipse
190 2241 320 2276 arbiter
334 2241 480 2276 antistes
509 2241 695 2287 Georgius,
718 2241 830 2275 officio
850 2251 911 2285 pro
939 2240 1107 2274 defunctis
1128 2240 1244 2275 divino
1264 2243 1435 2283 canonici,
1466 2248 1500 2278 et
1527 2244 1653 2290 aliquis
1673 2257 1715 2280 ox

98 2302 252 2349 ipsorum
271 2302 426 2348 Collegio
458 2303 623 2337 concione
643 2303 685 2338 de
708 2302 871 2337 laudibus
899 2302 964 2335 viri
984 2301 1017 2335 in
1053 2314 1116 2336 sua
1144 2303 1287 2338 dioecesi
1306 2304 1394 2340 bene
1413 2306 1540 2347 meriti,
1563 2307 1714 2342 celebra-

99 2368 191 2400 runt.
213 2365 349 2411 Dignus
381 2366 512 2411 pariter
531 2365 572 2400 de
598 2378 664 2411 quo
696 2369 996 2405 commemoretur,
1020 2365 1058 2399 P.
1092 2365 1264 2411 Georgius
1296 2366 1551 2414 Richtsteigus,
1575 2370 1716 2404 natione
1741 2390 1771 2416 P.
1787 2352 1877 2417 Βξέὶη,

99 2427 287 2467 Prutenus,
309 2427 459 2461 hominis
485 2427 655 2473 religiosi,
693 2430 728 2462 et
754 2427 788 2461 in
820 2426 1043 2472 procuranda
1076 2427 1224 2461 aliorum
1258 2428 1371 2463 salute
1392 2430 1473 2464 navi
1504 2432 1713 2477 exemplum.
1745 2434 1824 2466 steigi

142 2494 182 2531 (1)
207 2495 245 2523 De
262 2496 462 2523 controversiis
478 2496 504 2523 in
523 2502 556 2524 eo
570 2499 707 2523 conventu
724 2496 785 2523 vide
803 2496 926 2523 libellum
941 2496 1122 2531 inscriptum:
1141 2495 1317 2531 Colloquium
1331 2497 1505 2526 Torunensc.
1745 2476 1866 2508 elogmm'
