2184 2953
680 285 785 314 LIBER
809 284 927 312 NONUS
952 284 1164 322 (1640-1650).
1686 281 1743 311 337

133 378 263 412 recenti
278 378 466 419 beneficio;
485 390 552 423 quo
572 379 697 419 Sociis,
732 390 833 413 carus
848 378 1007 413 omnibus
1038 380 1150 423 pater,
1168 388 1189 411 a
1211 376 1329 411 limine
1348 376 1467 410 mortis
1495 376 1674 411 restitutus
1693 378 1746 409 est

131 439 292 474 Andreas
310 440 568 475 Bruchmanus.
605 441 697 475 Huic
723 441 941 481 moribundo,
967 440 1164 485 exitumque
1184 451 1283 473 suum
1320 438 1453 484 superis
1473 437 1741 477 commendanti,

132 504 335 549 apparuisse
367 504 475 538 fertur
506 504 628 539 beatus
659 505 844 550 Josaphat,
880 504 1096 549 salutemque
1140 501 1268 536 dixisse
1299 513 1305 535 z
1344 501 1518 535 monuisse
1555 501 1741 540 hominem,

131 568 287 600 uteretur
301 565 440 611 quidem
455 578 519 611 ope
535 577 597 600 sua
613 570 744 611 gratus,
763 567 823 601 sed
842 566 927 600 lethi
942 577 1072 599 memor
1090 564 1241 603 interim,
1260 567 1297 597 ut
1316 563 1372 608 qui
1390 574 1459 596 non
1475 563 1635 596 diuturno
1655 562 1745 596 inter

131 627 296 662 mortales
321 639 446 661 usurus
478 632 569 662 esset
587 628 750 674 hospitio.
787 628 977 663 Reviviscit
1010 627 1172 661 continuo
1202 629 1235 660 et
1254 624 1466 659 convalescit
1486 636 1606 669 regem
1628 634 1746 669 proro-

132 693 225 734 gatae
258 689 424 724 beneficio
457 689 538 723 vitre
557 690 606 724 sic
625 690 750 724 fruitur
769 687 904 730 cautus,
928 692 964 723 ut
996 688 1198 734 propediem
1228 686 1429 721 moriturus.
1466 685 1670 719 Transactis
1702 685 1748 718 ita

132 751 308 785 mensibus
323 751 467 797 aliquot,
493 751 538 785 ad
554 752 787 797 praestitutum
806 755 942 796 tempus
958 749 1132 795 demigrat
1148 749 1199 783 IX
1217 748 1388 783 kalendas
1408 747 1517 781 maias
1538 748 1642 787 1643,
1668 747 1747 781 vitae

132 816 254 858 quarto
274 824 380 858 supra
395 813 652 858 sexagesimum
671 826 677 847 :
695 817 808 847 rector
823 812 905 846 olim
926 811 1065 857 collegii
1076 811 1274 849 triennium,
1293 808 1561 856 quadriennium
1576 808 1744 853 magister

132 873 273 914 scholae,
311 885 413 919 quam
433 874 673 920 probationem
706 887 868 910 vocamus
896 875 1034 909 tertiam
1059 887 1064 908 ;
1087 874 1204 919 plures
1231 885 1341 908 annos
1372 873 1427 908 vel
1458 872 1668 918 eloquentiae
1697 872 1752 907 vel

132 934 322 980 theologiae
343 936 533 981 professor.
551 936 725 971 Maturius
745 948 781 971 se
801 937 967 971 monitum
996 937 1039 970 de
1055 947 1215 981 supremo
1234 938 1390 980 tempore
1408 934 1529 974 sensit,
1552 933 1753 968 Lomsensis

131 997 315 1031 rhetoricae
333 1001 368 1032 et
387 998 536 1043 poeticae
556 999 738 1044 magister,
760 999 967 1033 Vincentius
989 998 1168 1033 Gavenda.
1191 997 1211 1031 J
1216 1008 1272 1031 ain
1286 995 1548 1031 adolescentulo
1570 996 1652 1030 huic
1671 995 1753 1029 dici-

132 1063 189 1092 tur
207 1059 344 1104 obiecta
369 1059 476 1094 fnisse
495 1060 630 1105 species
651 1060 788 1105 glorize‚
806 1072 909 1106 quam
938 1060 1002 1094 sibi
1023 1059 1241 1105 promitteret
1261 1059 1367 1099 Deus,
1390 1058 1580 1093 aeviternae.
1603 1057 1659 1092 Ad
1678 1069 1754 1103 pro-

132 1120 281 1166 positum
295 1120 361 1154 sibi
379 1121 522 1156 coeleste
539 1122 775 1167 spectaculum
795 1123 951 1167 gestiens
981 1133 1079 1167 puer,
1114 1125 1215 1167 atque
1235 1121 1308 1167 jam
1335 1125 1417 1155 tunc
1441 1119 1580 1155 evolare
1596 1119 1752 1165 cupiens,

133 1194 211 1217 cum
228 1182 263 1216 id
282 1186 397 1217 oraret
428 1183 551 1222 Deum,
570 1183 710 1218 audisse
739 1184 804 1217 sibi
827 1184 923 1217 visus
944 1187 997 1218 est
1025 1183 1156 1217 claram
1175 1183 1265 1217 hanc
1287 1186 1321 1217 et
1351 1181 1600 1227 penetrabilem
1621 1193 1639 1216 e
1668 1180 1755 1216 coelo

134 1256 251 1279 vocem
268 1258 274 1279 :
292 1249 370 1291 post
384 1251 468 1280 tres.
492 1246 639 1281 Incenso
660 1247 705 1280 ad
721 1258 803 1292 opes
817 1246 896 1280 illas
911 1246 1098 1280 immensas
1113 1245 1229 1279 animo
1257 1244 1481 1290 interpretari
1495 1247 1571 1279 erat
1585 1256 1733 1290 pronum
1747 1272 1752 1278 .

133 1306 284 1341 triduum
299 1307 412 1353 ipsum
424 1308 579 1342 mort-alis
595 1308 662 1342 sibi
675 1319 859 1354 superesse
879 1307 960 1341 vitae
975 1323 978 1340 ς
1003 1319 1081 1342 mox
1096 1318 1171 1341 aevo
1187 1318 1224 1341 se
1242 1306 1428 1340 fruiturum
1443 1319 1450 1347 ;
1463 1307 1675 1352 sempiterno
1690 1320 1697 1348 ;
1714 1307 1758 1341 ad

134 1369 263 1404 exitum
281 1381 365 1415 ergo
384 1381 422 1404 se
447 1373 626 1415 comparat
650 1370 823 1405 desiderio
847 1370 1001 1409 incenso,
1037 1380 1120 1404 cura
1141 1369 1304 1403 maxima.
1327 1368 1498 1403 Tardanti
1530 1369 1570 1403 ad
1606 1369 1759 1403 triduum

134 1431 236 1466 morti
260 1431 457 1477 praestolari
474 1432 599 1467 deinde
615 1432 772 1467 Andreas
789 1445 866 1467 cum
881 1431 1001 1466 eodem
1020 1431 1145 1466 ardore
1161 1430 1268 1464 animi
1281 1430 1519 1465 hebdomadas
1534 1435 1617 1470 tres,
1636 1430 1761 1465 deinde

134 1495 470 1540 trimestre,clenique
486 1495 744 1529 trienniuin.Ita
760 1493 982 1540 prcwidentia
997 1492 1277 1533 sollicitudinem,
1297 1492 1493 1527 sollicitudo
1509 1496 1638 1527 metum
1653 1492 1760 1528 offen-

136 1569 198 1597 sae,
216 1560 327 1592 metus
338 1556 488 1591 studium
505 1561 539 1591 et
553 1557 760 1591 industriam
775 1556 820 1590 ad
836 1556 925 1590 bene
942 1555 1144 1589 merendum
1155 1555 1313 1589 acuebat.
1332 1555 1499 1590 Perutilis
1507 1555 1631 1601 juveni
1648 1567 1758 1601 neque

137 1630 229 1654 vana
246 1619 311 1653 suit
325 1618 518 1664 praedictio.
538 1619 622 1653 Cum
638 1619 694 1653 diu
712 1622 874 1653 eventum
888 1630 930 1652 ex
951 1618 1005 1652 die
1026 1618 1062 1652 in
1080 1617 1172 1652 diem
1187 1622 1419 1663 expectasset,
1437 1630 1504 1664 quo
1520 1618 1669 1664 denique
1687 1630 1760 1654 cer-

139 1681 208 1715 tius
226 1680 406 1726 negotium
421 1692 521 1714 suum
539 1684 573 1715 et
587 1680 783 1715 accuratius
812 1684 947 1725 ageret,
967 1680 1002 1713 in
1023 1680 1230 1714 Societatem
1260 1679 1346 1714 Jesu
1377 1692 1414 1715 se
1432 1680 1560 1714 intulit.
1583 1680 1670 1714 Tum
1702 1680 1759 1715 de-

141 1756 233 1779 mum
253 1748 331 1790 post
349 1755 520 1778 annorum
540 1743 688 1779 decades
711 1748 781 1778 tres
800 1744 844 1777 ad
864 1743 1046 1777 fruendam
1066 1742 1160 1776 illam
1189 1741 1338 1787 gloriam
1374 1743 1470 1789 cujus
1502 1754 1588 1789 puer
1619 1744 1762 1778 vidisset

143 1806 313 1846 umbram,
334 1805 422 1839 abiit
440 1806 550 1851 pridie
570 1806 647 1839 idus
662 1805 842 1851 quintiles,
874 1815 966 1837 anno
985 1802 1282 1838 initae‘Societatis
1301 1804 1445 1839 decimo.
1478 1805 1591 1840 Natus
1610 1806 1644 1839 in
1665 1806 1762 1840 fami-

143 1867 192 1902 lia
208 1867 455 1908 nobili,n0bile
471 1879 513 1901 ex
530 1879 572 1902 ea
587 1868 729 1901 sortitus
749 1870 802 1901 est
818 1877 940 1899 nomen
958 1878 964 1906 ;
995 1876 1061 1910 quo
1080 1866 1288 1900 nostratium
1307 1867 1447 1912 quidam
1465 1866 1620 1907 leviculi,
1643 1868 1761 1902 nescio

146 1941 208 1964 cur
242 1929 278 1963 in
309 1929 489 1974 leporibus
511 1930 585 1963 suis
605 1928 819 1963 abutendum
840 1931 961 1973 putent
985 1940 990 1961 :
1011 1938 1089 1961 cum
1108 1926 1174 1961 hoc
1193 1928 1360 1962 vocabulo
1381 1928 1564 1970 Gavenda,
1586 1942 1655 1964 non
1672 1930 1764 1976 (que-

148 1991 370 2027 madmodum
405 1992 474 2038 ipsi
503 1992 792 2038 interpretatione
832 1991 921 2025 futili
953 1996 987 2025 et
1016 1991 1130 2025 abusu
1163 1991 1401 2038 corrumpunt)
1421 1991 1651 2034 balatronem,
1678 1993 1763 2035 sive,

151 2060 188 2090 ut
223 2054 451 2090 Plautiniana
486 2066 570 2089 voce
606 2059 697 2095 utar,
736 2053 1099 2100 nugipolyloquidem,
1131 2052 1306 2088 hominem
1333 2054 1468 2090 scilicet
1504 2056 1674 2102 ineptum,
1707 2056 1767 2091 sed

146 2117 312 2152 asteriam
343 2127 516 2162 gemmam
547 2116 767 2162 pellucidam,
799 2121 859 2151 aut
885 2121 1047 2158 asterem‚
1081 2117 1226 2155 herbam
1258 2116 1372 2151 Plinio
1391 2118 1573 2160 medicam,
1607 2122 1767 2153 auctores

150 2178 283 2224 linguae
302 2178 471 2224 polonicze
486 2178 677 2223 significari
696 2178 882 2213 voluerint.

198 2241 237 2274 In
259 2240 452 2275 Orsanensi
470 2240 570 2275 Albae
590 2241 730 2275 Russiae
744 2241 920 2286 provincia
940 2251 1058 2275 mense
1076 2240 1179 2285 liujus
1198 2240 1279 2274 anni
1301 2240 1439 2286 quintili
1477 2242 1651 2287 grandine
1680 2242 1767 2288 lapi-

151 2301 257 2336 davit.
281 2302 396 2336 Tanta
416 2314 677 2348 quaquaversus
696 2303 731 2336 in
749 2314 854 2348 agros
873 2303 916 2336 ad
932 2302 1094 2337 milliaria
1109 2302 1268 2336 duodena
1286 2306 1354 2336 tam
1369 2303 1462 2338 foeda
1477 2304 1564 2338 coelo
1582 2308 1771 2350 tempestas

1775 383 1836 408 1643

1842 428 1873 454 12

1774 465 1804 490 B.
1819 464 1891 490 Josa-

1773 505 1840 538 phat:
1858 505 1887 531 P.

1774 545 1874 572 Bruch-

1775 593 1900 611 mannum

1775 627 1854 651 sanat
1874 636 1879 655 ς

1776 664 1866 689 monet

1776 703 1887 729 eundem

1778 740 1884 766 moritu-

1776 783 1852 804 rum.'

1847 917 1877 943 13

1781 955 1919 981 Vincentio

1781 997 1907 1025 Gavenda

1782 1035 1906 1069 praedicta

1782 1077 1884 1101 mature

1783 1123 1861 1141 mors.

1862 2244 1891 2270 14

1796 2284 1826 2310 In
1842 2284 1920 2309 Orsa-

1797 2325 1873 2351 nensi
1887 2332 1943 2357 pro-
1980 2342 1986 2347 .

154 2362 300 2410 deficta,
322 2368 359 2398 ut
377 2368 468 2398 tecta
486 2365 615 2410 passim
631 2364 821 2410 disjecerit,
839 2368 997 2409 pastores
1016 2365 1051 2398 in
1070 2364 1166 2409 agris
1182 2368 1216 2398 et
1228 2370 1386 2399 armenta
1399 2366 1621 2411 percusserit.
1638 2367 1773 2412 Magna
1797 2362 1907 2389 vineiola

154 2425 189 2458 in
213 2425 355 2470 campis,
374 2425 494 2471 sylvis,
517 2426 652 2472 oppidis
671 2430 808 2472 strages
830 2425 937 2460 edita.
961 2427 1185 2472 Tempestate
1204 2430 1426 2467 commutata,
1444 2428 1503 2462 ubi
1523 2428 1766 2468 disserenavit,

157 2486 361 2533 grandoque
385 2499 512 2534 vapore
531 2488 614 2523 solis
633 2488 795 2529 intabuit,
817 2489 892 2523 visa
907 2492 959 2523 est
978 2500 1033 2523 res
1048 2488 1147 2527 inira,
1170 2492 1204 2523 et
1220 2488 1324 2533 plena
1336 2488 1530 2524 formidinis
1548 2503 1555 2524 ;
1573 2491 1608 2524 in
1624 2489 1772 2536 singulis

1614 2552 1646 2577 43

1799 2404 1944 2436 tempestas

1798 2442 1876 2469 foeda.
