2184 2953
679 301 784 329 LIBER
808 300 966 335 QUINTUS
989 299 1199 338 (1600-1610).
1639 295 1694 329 91¹7

82 397 186 429 venta
213 393 382 438 magister
413 393 543 428 ordinis
571 393 736 428 Claudius
755 393 937 440 Aquaviva
963 393 1191 428 confirmavit.
1215 393 1411 429 Lituanicae
1439 393 1566 437 primus
1586 389 1694 435 impo-

85 453 171 488 situs
195 453 327 487 Paulus
357 454 507 495 Boksza‚
546 459 579 489 et
606 455 680 500 ipse
711 459 814 500 gente
846 454 1028 494 LituanuS‚
1063 465 1174 499 nuper
1210 455 1370 493 vicarius,
1410 450 1533 486 dci'nde
1561 462 1693 496 praeseS

82 514 317 562 provincialis,
340 526 430 550 anno
454 516 557 551 1608.
579 517 738 562 Quinque
765 520 799 551 et
826 515 1048 561 septuaginta
1078 515 1171 549 Socii
1200 514 1335 550 Lituani
1360 521 1467 556 supra
1484 511 1637 546 ducenos
1656 512 1692 546 in

83 577 202 612 decem
228 577 369 611 familiis
392 578 647 612 censebantur:
670 579 785 613 Vilnae
814 579 849 612 in
875 578 986 612 tribus
1014 576 1208 615 domiciliis,
1230 571 1480 617 Brunsbergae,
1504 573 1690 613 PUROViae,

84 636 250 677 Nesvisii‚
273 638 439 679 Polociae,
458 638 575 684 Rigas,
592 639 758 685 Derpati;
780 652 859 674 mox
879 640 1009 680 Crosis‚
1031 639 1067 672 in
1086 637 1209 682 oppido
1228 633 1445 679 Samogitiae,
1467 634 1507 668 ab
1528 635 1691 680 episcopo

83 698 241 733 dioecesis
272 699 428 745 ejusdem
455 700 646 735 Melchiore
676 700 836 747 Gedroyc
867 701 934 734 duo
965 704 1093 745 patres.
1119 694 1275 729 Mathias
1303 695 1444 730 Galmin
1463 699 1497 730 et
1521 696 1694 730 Melehior

84 760 294 806 Dovvgiallo,
315 760 569 802 Vierzbolovio,
592 762 719 802 nescio,
738 763 781 797 de
795 763 906 808 prima
924 761 982 795 illa
999 758 1149 792 statione
1164 757 1389 802 temporaria,
1412 769 1456 792 an
1476 757 1617 793 aliunde
1639 758 1695 792 de-

83 824 189 865 ducti,
208 824 420 859 domicilium
447 824 482 859 in
509 825 665 859 aediculis
693 825 737 859 ad
757 821 883 858 curiale
901 819 1065 865 templum
1084 818 1300 853 collocarunt
1322 831 1328 853 z
1351 819 1431 854 inde
1457 819 1514 865 pio
1541 820 1695 855 antistite

83 889 232 926 mortuo,
251 897 272 920 a
290 886 420 920 vicario
447 887 606 921 dioecesis
626 884 906 921 administratore
928 881 974 916 N.
993 881 1156 915 Dauksza
1174 880 1348 922 translati,
1366 880 1411 914 ad
1426 881 1537 916 aedem
1557 882 1696 917 Sanctae

86 947 204 983 Crucis
231 947 424 982 redditibus
442 948 552 993 ipsius
571 945 720 982 curionis
739 944 953 978 habitarunt.
978 942 1141 988 Supellex
1160 942 1279 988 templi
1298 946 1332 976 et
1360 942 1495 984 domm,
1517 944 1696 990 pertenuis

84 1009 156 1050 illa,
178 1008 277 1044 donis
296 1009 448 1055 episcopi
469 1007 671 1052 Samogitiae
690 1005 827 1040 Nicolai
847 1005 918 1039 Pac
937 1008 1053 1039 aucta.

130 1071 254 1116 Neque
273 1071 500 1117 Derpatensis
523 1067 668 1113 eollegii
688 1079 744 1102 res
764 1068 828 1102 suit
849 1067 986 1113 anipla3
1005 1067 1085 1111 quin
1100 1066 1208 1101 multo
1227 1065 1333 1100 etiam
1351 1077 1456 1112 quam
1475 1067 1577 1101 annis
1594 1078 1694 1114 supe-

83 1132 230 1167 rioribus
250 1132 444 1177 angustior.
467 1130 613 1175 Direpta
627 1140 649 1163 a
664 1129 784 1164 Suecis
803 1129 955 1168 civitate,
972 1139 1112 1173 pessum
1126 1127 1230 1162 rebus
1246 1127 1336 1162 datis
1355 1128 1516 1163 omnibus
1532 1129 1694 1176 Collegfi,

83 1193 225 1240 dilapsis
244 1193 366 1231 Sociis,
388 1191 511 1236 reliqui
540 1190 739 1225 sacerdotes
765 1190 832 1225 duo
852 1194 887 1224 et
904 1189 1083 1235 adjutores
1102 1189 1259 1229 totidem,
1281 1200 1363 1224 suas
1381 1193 1416 1224 et
1435 1189 1501 1236 ipsi
1523 1190 1696 1226 deseruis-

83 1260 159 1291 sent
184 1255 393 1301 parietinas:
424 1252 492 1287 nisi
510 1252 604 1286 viros
624 1252 749 1298 pietas,
771 1255 872 1297 atque
902 1251 1010 1297 ipsius
1037 1250 1117 1285 boni
1135 1250 1243 1292 lucri;
1266 1250 1358 1296 quod
1376 1263 1482 1286 unum
1507 1263 1550 1287 ex
1572 1253 1697 1288 animis

71 1318 219 1358 civium,
253 1317 297 1350 ab
329 1315 431 1350 hoste
462 1314 714 1360 perculsorum,
753 1317 786 1348 et
816 1313 1042 1353 latitantium,
1076 1312 1293 1359 militumque
1333 1325 1429 1360 aegre
1462 1314 1497 1348 in
1532 1315 1697 1361 praesidio

81 1378 287 1414 haerentium
306 1376 531 1416 offerebatur,
559 1376 722 1410 salutaris
743 1375 914 1420 cupiditas
932 1375 967 1408 in
991 1374 1104 1409 officio
1128 1375 1307 1410 tenuisset.
1331 1375 1397 1410 His
1415 1376 1500 1422 ipsis
1519 1387 1699 1412 sacrorum

83 1439 259 1479 ministris,
282 1438 377 1473 nullo
396 1438 431 1472 in
446 1438 586 1473 civitate
606 1438 806 1482 circumque
822 1437 978 1482 adjutore
997 1437 1079 1478 alio,
1097 1437 1348 1472 recreabantur
1367 1438 1466 1484 aegri,
1487 1439 1699 1474 curabantur

82 1500 218 1547 aegroti,
252 1500 451 1534 christianis
482 1499 775 1545 praeceptionibus
808 1499 1053 1534 imbuebantur
1088 1499 1205 1534 rudes.
1240 1500 1376 1534 Horum
1407 1500 1560 1546 ipsorum
1600 1513 1697 1541 cura,

81 1566 210 1609 praeter
228 1565 408 1596 sexcentos
423 1572 445 1595 a
463 1561 633 1606 corruptis
653 1561 807 1596 moribus
822 1562 867 1596 ad
882 1562 1007 1596 bonam
1022 1563 1181 1598 reductos
1196 1562 1344 1608 frugem,
1362 1566 1495 1609 septem
1510 1566 1544 1597 et
1559 1563 1696 1609 viginti,

82 1623 271 1670 repudiatis
302 1623 546 1657 haereticorum
568 1623 610 1658 de
638 1623 807 1669 religione
838 1624 1054 1664 commentis,
1085 1624 1253 1659 Ecclesiae
1283 1636 1320 1659 se
1350 1625 1589 1659 reddiderunt.
1623 1626 1699 1663 Qua

82 1686 254 1721 industria
273 1690 388 1731 patres
408 1696 484 1720 eam
508 1685 633 1719 civium
654 1686 719 1719 sibi
740 1685 1016 1720 benevolentiam
1042 1686 1283 1726 conciliarunt,
1306 1691 1343 1721 ut
1361 1687 1505 1733 perinde
1526 1687 1570 1721 ab
1590 1687 1697 1721 omni-

82 1746 144 1781 bus
163 1758 203 1781 ac
221 1750 381 1792 parentes
400 1746 443 1780 ab
463 1746 711 1780 amantissimis
731 1746 810 1780 filiis
836 1747 1060 1781 haberentur.

126 1807 366 1853 Brunsbergae
401 1811 472 1842 tres
507 1808 572 1842 viri
604 1808 769 1842 memoria
801 1809 899 1853 digni
930 1809 973 1842 de
1004 1807 1160 1854 Collegio
1201 1809 1332 1843 amissi.
1378 1809 1517 1843 Primus
1554 1809 1693 1844 illorum

80 1870 118 1904 P.
145 1869 319 1913 Georgius
337 1869 447 1914 Jung,
469 1869 519 1903 rei
540 1869 763 1903 oeconoinicae
782 1880 893 1904 annos
913 1881 1020 1915 prope
1039 1870 1163 1915 viginti
1184 1870 1407 1911 Procurator,
1429 1871 1482 1904 vir
1500 1871 1692 1905 industrius

79 1934 113 1966 et
142 1930 279 1964 virtutis
312 1930 477 1976 egregiae.
515 1931 641 1965 Morbo
674 1931 839 1976 graviore
871 1942 979 1976 aeger,
1018 1930 1173 1965 mutandi
1206 1930 1284 1965 coeli
1316 1942 1421 1965 causa
1455 1943 1473 1966 e
1492 1931 1693 1966 Gedanensi

79 1992 251 2027 domicilio
270 1993 534 2038 Brunsbergam
554 2005 592 2028 se
610 1995 816 2030 contulerat.
840 1994 1050 2029 Valetudine
1070 1995 1126 2028 hic
1147 2005 1283 2040 quoque
1304 1994 1413 2028 nihilo
1434 1994 1578 2029 meliore
1596 2007 1693 2037 usus,

79 2054 173 2089 lenta
191 2059 415 2100 consumptus
434 2056 527 2095 tabe,
546 2056 635 2090 diem
656 2067 755 2090 suuni
775 2057 857 2090 obiit
877 2070 884 2097 3
915 2056 1016 2090 editis
1044 2055 1240 2101 insignibus
1272 2056 1451 2101 patientiae
1483 2060 1516 2090 et
1546 2056 1695 2091 aliarum

82 2117 246 2151 virtutum
261 2116 502 2152 documentis:
525 2118 628 2159 alter,
651 2119 690 2152 P.
719 2119 837 2153 Simon
861 2118 1010 2159 Annius,
1036 2129 1148 2152 annos
1174 2118 1299 2163 viginti
1329 2117 1478 2163 amplius
1509 2118 1694 2154 rhetoricae

81 2178 262 2224 magister,
280 2178 440 2213 doctrina
458 2183 492 2214 et
512 2179 696 2225 diligentia
715 2184 900 2226 praestans.
925 2180 1010 2214 Cum
1028 2180 1072 2213 ad
1091 2190 1188 2213 aram
1220 2179 1329 2213 sacris
1358 2184 1576 2224 operaretur,
1607 2181 1696 2215 ictus

80 2239 274 2284 apoplexia,
320 2239 462 2274 interiit.
505 2240 639 2275 Eodem
675 2241 767 2275 malo
800 2241 989 2275 dissolutus
1026 2240 1182 2274 Joannes
1218 2240 1324 2279 Hein‚
1367 2240 1401 2274 in
1447 2252 1484 2275 re
1532 2241 1695 2277 familiari

81 2300 258 2335 Sociorum
289 2301 441 2347 adjutor,
478 2302 619 2347 ingenio
653 2303 706 2336 vir
737 2303 933 2340 mitissimo,
968 2302 1228 2336 amantissimus
1260 2301 1388 2336 silentii
1419 2306 1453 2336 et
1486 2303 1608 2348 pacis;
1641 2304 1697 2349 qui

84 2374 126 2397 ne
152 2363 259 2398 verbo
294 2363 431 2408 quidem
465 2363 572 2398 ullum
616 2364 758 2398 violarit
802 2375 974 2409 unquam:
1021 2363 1200 2397 hortorum
1254 2362 1521 2397 domesticorum
1569 2364 1696 2398 multos

88 2436 197 2460 annos
227 2424 339 2460 cultor
365 2425 557 2460 industrius
577 2438 582 2460 :
624 2425 773 2460 instituti
808 2425 964 2470 religiosi
1012 2423 1350 2458 observantissimus,
1404 2424 1470 2458 His
1517 2425 1698 2470 appositus

83 2487 135 2521 vir
166 2487 360 2522 consularis
390 2487 547 2522 Michael
576 2487 822 2528 Noumannus,
852 2487 895 2521 de
926 2485 1083 2531 Collegio
1115 2485 1397 2531 Brunsbergensi
1424 2485 1511 2520 bene
1538 2486 1694 2526 meritus,

1536 2546 1568 2571 28

1722 389 1786 415 1608

1775 430 1806 455 26

1719 474 1820 500 Divisio

1721 513 1864 539 Lituanicae

1719 553 1856 586 provinciae

1720 603 1735 619 a
1748 593 1850 620 I'oloni-

1719 641 1757 659 ca.

1779 679 1809 703 27

1721 720 1807 745 Crosis

1722 760 1808 793 pffima

1723 798 1850 823 Sociorum

1721 837 1808 862 statio.

1770 997 1800 1022 28

1722 1037 1833 1069 Derpati

1723 1075 1773 1101 duo
1785 1075 1844 1101 reli-

1723 1117 1767 1150 qui
1779 1116 1847 1143 Socii

1722 1155 1834 1182 salutem

1725 1195 1821 1221 civium

1727 1235 1828 1260 curant.

1779 1770 1810 1794 :O

1725 1811 1776 1836 ΡΡ.
1789 1810 1869 1843 Jung,

1726 1849 1834 1877 Annius,

1720 1888 1750 1915 C.
1765 1888 1833 1914 Hein
1842 1889 1870 1913 et

1722 1929 1858 1954 Nouinnnn

1724 1970 1867 1996 Brunsbcr-

1722 2019 1769 2044 giu.
