2184 2953
595 292 700 320 LIBER
723 290 901 320 SEPTIMUS
924 291 1132 327 (ΝΞΟ-1630).
1654 286 1713 319 269

109 381 248 416 relictus
267 381 422 416 minister
439 381 478 415 P.
499 381 650 416 Thomas
669 382 853 417 Blonensis
873 393 948 416 cum
963 382 1035 416 ΡΡ.
1060 382 1247 417 Laurentio
1262 382 1425 427 Norvego
1441 385 1475 415 et
1494 381 1708 427 Hieronymo

110 442 219 477 Klant
238 446 361 476 etcum
380 442 553 477 Michaele
576 444 736 478 M‹;›1·iano
756 445 913 490 adjutore
931 447 1034 489 atque
1066 443 1141 478 aliis
1169 447 1313 489 quatuor
1333 443 1496 477 fratribus
1527 442 1636 477 laicis.
1662 442 1710 476 Ut

109 506 144 540 in
161 505 282 540 urbem
301 505 452 539 deditam
466 505 590 551 irrupit
604 507 727 547 hostis,
749 507 861 541 statim
881 507 925 541 ad
944 518 999 541 res
1019 506 1164 552 Collegii
1185 507 1338 541 animum
1356 505 1507 540 advertit
1525 509 1558 540 et
1577 504 1708 539 oculos.

110 566 296 601 Collocatae
326 566 479 601 adfores
512 566 633 601 domus
658 569 845 602 centuriae:
881 579 1036 602 excussae
1068 579 1187 602 omnes
1220 568 1330 607 cellae,
1366 567 1488 605 theca),
1524 577 1712 612 omnesque

108 628 272 663 latebrae:
294 627 430 673 direpta
448 628 601 673 supellex
629 641 634 663 :
659 634 788 675 ereptae
807 630 921 665 claves
944 642 949 664 z
974 634 1228 675 exauguratum
1247 641 1367 663 rursus
1389 628 1466 662 Divi
1484 628 1607 662 Jacobi
1626 631 1710 662 tem-

109 690 214 736 plum,
254 693 287 725 et
326 690 479 724 Luthero
507 691 692 725 addictum.
729 692 856 730 Quinto
876 691 1042 727 kalendas
1071 692 1222 726 octobris
1241 692 1369 725 accitos
1400 690 1445 724 ad
1472 702 1508 725 se
1528 689 1712 724 Societatis

109 751 265 785 homines
285 762 351 785 non
372 751 560 786 clementer
591 752 717 798 excipit
748 754 876 788 victor:
915 754 1072 788 acerbius
1090 753 1225 787 caeteris
1253 754 1294 787 P.
1318 752 1545 787 Laurentium
1575 751 1713 786 Nicolai

110 813 325 857 Norveguim
343 824 461 847 senem
480 815 705 859 octogenario
720 815 885 861 majorem
900 829 906 856 3
922 816 996 860 jam
1014 819 1087 849 tum
1106 815 1171 849 sibi
1186 815 1375 860 cognitum,
1397 826 1475 848 cum
1501 813 1712 849 Laurentius

108 875 143 909 in
167 875 306 910 Suetica
335 876 484 910 Joannis
517 877 568 911 ΙΙΙ
604 878 702 922 regia
730 877 934 921 religionem
974 876 1178 911 catholicam
1213 880 1443 922 promoveret.
1480 876 1582 910 Hunc
1613 879 1711 910 torve

109 937 247 972 intuens
270 952 275 972 τ
302 953 316 966 α
335 942 367 972 et
386 942 435 978 tu,
449 938 572 983 inquit,
591 939 675 972 vivis
694 940 807 973 adhuc
826 950 931 973 senex
946 938 1198 980 Acheruntice3
1216 939 1325 973 nihilo
1344 943 1381 973 tu
1400 942 1514 973 tamen
1531 950 1593 984 per
1610 938 1713 972 istam

108 999 227 1044 utique
254 1002 390 1033 aetatem
425 1000 650 1044 prudentiore
678 1000 911 1045 Nunquamne
930 999 1047 1033 oculos
1078 1000 1226 1045 aperies,
1248 1000 1371 1045 talpaZ
1392 999 1446 1034 An
1465 1011 1548 1034 vero
1569 999 1711 1044 ignoras

109 1059 150 1094 de
169 1060 308 1105 ignibus
343 1060 562 1106 sempiternis
593 1060 650 1106 qui
686 1064 731 1101 te,
747 1061 823 1105 jam
842 1060 943 1094 hodie
974 1061 1190 1102 moriturum,
1213 1064 1374 1102 manent3
1409 1061 1476 1095 nisi
1508 1060 1711 1106 religionem

107 1133 238 1162 veram,
260 1122 481 1157 reformatam
501 1122 641 1162 scilicet,
665 1134 768 1168 quam
783 1122 997 1168 profitemur,
1015 1122 1258 1168 amplectaris?
1277 1140 1292 1154 n
1314 1123 1368 1157 Ad
1387 1124 1463 1158 haec
1487 1122 1708 1164 Laurentius,

107 1184 262 1220 modeste
281 1185 499 1231 quidem,sod
513 1186 702 1231 intrepide:
728 1200 742 1214 a
760 1185 901 1220 aeternis
916 1185 1082 1219 obnoxios
1097 1184 1272 1230 suppliciis
1286 1184 1601 1225 lutheranos,certo
1618 1184 1688 1219 scio
1702 1197 1710 1225 ;

107 1251 197 1281 metu
234 1247 356 1281 horum
390 1247 537 1281 liberum
569 1247 651 1281 mihi
698 1251 842 1293 praestat
872 1247 1024 1281 animum
1056 1250 1177 1280 sancta
1207 1257 1362 1287 romana,
1398 1258 1500 1292 quam
1533 1246 1709 1292 profiteor,

107 1308 243 1353 religio.
270 1325 284 1338 >s
302 1308 396 1342 Male
412 1309 605 1343 Grustavum
630 1309 751 1344 habuit
770 1320 811 1343 ea
830 1320 964 1354 quoque
979 1307 1169 1342 sacerdotis
1180 1308 1380 1353 responsi03
1401 1308 1504 1342 haesit
1518 1308 1710 1353 paululum,

107 1380 295 1414 vocemque
314 1370 547 1415 cogitabundo
567 1370 688 1405 similis
715 1371 904 1411 continuit;
931 1382 1010 1404 mox
1038 1381 1156 1405 senem
1174 1370 1330 1404 lacerare
1350 1369 1509 1404 omnibus
1528 1370 1714 1404 verborum

107 1431 348 1466 contumeliis:
372 1432 545 1477 objectare
573 1432 749 1467 innocenti
779 1444 864 1478 quas
891 1433 1032 1467 fraudes
1058 1432 1188 1472 nescio,
1222 1432 1319 1478 quasi
1338 1432 1459 1467 turbas
1477 1433 1506 1466 is
1528 1432 1714 1478 aliquando

107 1492 197 1527 inter
215 1504 374 1538 proceres
406 1493 539 1528 Sueciae
575 1494 800 1528 concivisset:
841 1494 1013 1529 ι1061111611]
1043 1505 1162 1539 regem
1192 1505 1213 1528 a
1252 1493 1359 1528 fratre
1386 1505 1447 1528 suo
1476 1493 1600 1528 Carolo
1628 1494 1714 1529 duce

108 1553 346 1589 Sudermaniae
376 1555 675 1590 criminationibus
694 1556 791 1590 falsis
810 1556 1028 1601 susurrisque
1043 1555 1289 1590 abalienasset.
1312 1571 1327 1584 a
1351 1556 1555 1601 Propterea,
1587 1556 1709 1602 inquit,

111 1630 126 1643 κ
148 1615 233 1649 nihil
249 1621 313 1657 est,
335 1616 427 1662 quod
450 1617 588 1651 Vilnam
607 1618 720 1652 aliove
746 1619 895 1663 cogites;
930 1629 995 1663 quo
1014 1618 1064 1651 tui
1083 1617 1232 1657 sodales,
1258 1617 1450 1652 facinorum
1481 1618 1625 1652 istorum
1645 1630 1714 1653 non

111 1691 126 1705 α
148 1678 287 1713 omnino
314 1678 447 1717 affines,
481 1683 574 1719 eant,
596 1691 658 1725 per
682 1691 735 1714 me
766 1680 870 1721 licet3
892 1680 955 1714 tibi
990 1680 1219 1714 Stokhohniae
1246 1684 1407 1725 paratum
1443 1680 1652 1715 domicilium
1680 1681 1715 1715 in

111 1753 126 1767 α
149 1739 338 1784 ergastulo.
372 1758 387 1771 n
421 1740 593 1775 Caeterum
624 1741 746 1775 isthaec
765 1742 868 1775 minae
903 1741 1042 1776 fuerunt
1072 1745 1218 1782 tantum,
1241 1746 1275 1776 et
1309 1741 1468 1787 quaedam
1498 1742 1713 1777 fortitudinis

109 1800 226 1835 senilis
245 1801 401 1836 tentatio.
426 1802 598 1847 Expertus
617 1804 859 1841 constantiam,
882 1804 983 1838 tertio
999 1807 1076 1848 post
1094 1803 1148 1837 die
1167 1803 1315 1838 liberum
1334 1815 1411 1837 cum
1431 1804 1541 1838 Sociis
1568 1804 1710 1839 dimisit.

110 1861 228 1897 Pridie
246 1862 415 1897 kalendas
443 1864 601 1898 octobres
627 1865 961 1899 turbulentissimam
981 1865 1054 1910 jam
1082 1865 1161 1899 inde
1180 1865 1223 1899 ab
1251 1865 1326 1910 ipso
1354 1865 1389 1899 in
1412 1866 1533 1900 urbem
1550 1865 1712 1911 ingressu

109 1925 293 1959 stationem
312 1925 540 1960 deseruerunt
559 1927 664 1966 Socii,
695 1927 739 1961 ad
770 1927 958 1961 secundum
989 1927 1032 1961 ab
1063 1927 1147 1961 urbe
1177 1927 1327 1972 lapidem
1355 1928 1511 1962 ducentis
1538 1929 1711 1974 equitibus

109 1985 255 2020 Sueticis
271 1986 434 2021 comitati.
453 1988 578 2022 Evenit
596 1992 710 2022 autem
729 1988 764 2022 id
782 1989 995 2034 Rigcnsibus
1010 1999 1030 2022 a
1049 1992 1208 2034 suscepta
1230 1988 1448 2023 lutheranica
1473 1989 1600 2024 haeresi
1618 2001 1710 2024 anno

108 2047 269 2082 saeculari
285 2060 291 2081 :
318 2052 355 2082 ut
374 2049 464 2083 enim
483 2053 580 2084 notat
599 2050 792 2096 Chytraeus,
814 2062 887 2084 sine
906 2050 963 2084 ille
979 2054 1084 2084 sectae
1098 2050 1301 2089 admirator,
1323 2062 1413 2084 anno
1438 2051 1528 2087 1516
1551 2051 1707 2086 Andreas

109 2108 296 2154 Cnophius,
316 2110 471 2155 perditus
491 2111 633 2146 Lutheri
656 2124 783 2157 praeco,
802 2112 893 2146 hunc
908 2123 1073 2156 suamque
1092 2116 1224 2157 pestem
1251 2112 1399 2146 incautis
1418 2112 1549 2147 civibus
1576 2112 1705 2147 attulit.

108 2169 344 2205 Vendensium
364 2171 465 2205 etiam
494 2172 685 2218 Collegium
705 2174 799 2208 brevi
827 2178 903 2219 post
921 2173 1011 2207 idem
1031 2174 1206 2208 Gustavus
1237 2173 1429 2219 dissipavit.
1462 2174 1707 2220 lkrpatenses,

110 2232 150 2266 ad
177 2232 248 2267 alia
276 2233 457 2273 festinans,
491 2235 691 2279 praeterivit.

158 2293 221 2328 His
240 2294 435 2340 injucundis
462 2308 645 2342 prosperas
669 2297 750 2331 alibi
770 2308 825 2331 res
856 2297 973 2331 divina
991 2297 1188 2341 benignitas
1206 2296 1366 2332 intexuit.
1394 2297 1599 2340 Smolensci‚
1617 2300 1708 2335 dono

111 2354 323 2400 Sigismundi
342 2357 449 2402 regis,
480 2362 688 2402 procurante
720 2370 791 2393 rem
823 2358 1001 2393 conditore
1033 2358 1191 2403 Collegii,
1224 2358 1426 2393 Alexandro
1455 2359 1604 2395 Corvino
1643 2361 1711 2396 Go-

111 2416 273 2459 sievskiO,
296 2419 444 2464 praeside
471 2420 785 2455 Smolenscensium
819 2421 986 2467 palatino,
1016 2421 1100 2455 certi
1128 2420 1281 2466 Collegio
1310 2421 1491 2456 Sociorum
1510 2423 1587 2468 agri
1613 2424 1712 2458 attri-

110 2477 181 2512 buti
201 2492 206 2513 :
228 2480 392 2526 templum
407 2482 487 2516 item
506 2482 715 2517 Rutenicum
741 2487 839 2517 extra
862 2483 1000 2523 moenia,
1031 2483 1169 2517 nomine
1189 2482 1394 2523 Salvatoris‚
1426 2484 1499 2518 sive
1525 2488 1561 2519 ut
1588 2490 1714 2520 vocant

1741 383 1802 409 1621

1740 425 1837 450 Domus
1843 424 1886 451 So-

1741 462 1836 488 ciorum
1846 462 1885 488 (11-

1741 503 1846 537 ripitur.

1741 762 1770 787 Ρ,
1787 761 1887 788 Nicolai

1741 801 1876 828 fortitudo.

1744 1115 1876 1142 Deseritur

1742 1154 1855 1187 Rigense

1742 1191 1866 1218 domicili-

1742 1239 1785 1257 um

1742 2166 1769 2191 et
1780 2165 1847 2190 Ven-

1743 2203 1829 2231 dense.
