2184 2953
616 306 730 336 LissER
753 304 910 335 uncinus
934 305 1145 344 (1650-1664).
1652 307 1711 339 393

100 394 201 429 Hane
218 393 320 430 laetus
335 395 416 432 visit
435 408 508 438 rex,
530 397 731 444 solatusque
750 397 855 438 cives,
876 408 955 432 mox
974 397 1103 432 nostris
1123 409 1278 444 praesens
1298 398 1332 433 in
1360 398 1506 445 singulis
1527 398 1710 435 domiciliis
1738 407 1798 434 1661

99 456 246 491 salutem
277 461 436 493 amanter
466 459 654 505 impertiit;
682 461 866 495 miseratus
894 459 1086 499 Sociorum,
1109 459 1143 493 in
1168 461 1287 505 primis
1315 462 1523 496 novitiorum
1542 462 1709 497 conditio-

100 528 200 559 nem;
223 529 321 563 quos,
344 519 483 554 Vilnam
504 533 667 567 pergens,
689 522 874 569 Kondzyni
892 521 926 555 in
954 532 1045 567 pago
1068 521 1190 555 domus
1218 525 1360 563 nostrae,
1382 523 1599 558 tabescentes
1615 527 1709 558 metu
1736 547 1791 574 Rex
1801 509 1869 574 2Vss-

99 579 392 622 adolescentulos,
425 582 584 628 fameque
615 592 801 630 pereuntes
828 583 1049 618 offendisset:
1089 582 1227 617 domum
1254 583 1334 618 inde
1361 595 1457 619 suam
1486 585 1643 627 reduces,
1667 585 1709 620 de
1737 588 1871 634 nevisti:

99 642 272 677 communi
290 644 508 688 gratulantes
539 647 705 691 praesenti
724 647 874 686 fortuna,
896 645 1042 686 videret,
1074 645 1318 691 praecipuaque
1336 646 1465 692 pietate
1484 647 1616 692 gratias
1635 647 1709 681 Deo
1737 629 1867 694 {gffitgrsum

99 713 216 748 agere,
245 714 458 750 regnumque
490 703 570 740 cum*
598 718 682 753 rege
719 706 1026 754 supplicationibus
1071 706 1198 742 divinae
1229 707 1421 743 clementiae
1452 710 1706 745 commendare.

101 764 341 800 Commeniinit
360 766 518 802 dolenter
548 768 603 803 hic
621 769 794 816 princeps,
817 769 875 815 qui
905 780 1021 804 rerum
1039 779 1180 804 suarum
1211 774 1335 810 status,
1366 774 1497 816 quanta
1515 771 1596 806 vitre
1615 775 1709 806 tran-

99 828 267 873 quillitas,
289 828 413 864 Romae
432 830 498 864 sibi
518 831 608 867 inter
622 832 725 878 hujus
745 832 887 867 Ordinis
904 831 1142 867 adolescentes
1169 832 1288 877 agenti
1307 844 1417 878 nuper
1431 832 1544 867 fuerit.
1570 833 1711 867 Prolixe

100 889 226 925 deinde
246 890 398 926 studium
430 903 529 927 suum
558 893 735 939 professus
767 894 811 929 ad
838 893 1002 929 tuendam
1029 893 1239 928 Societatem
1270 894 1544 939 ornandamque,
1566 895 1615 929 uti
1646 895 1711 929 sibi

100 953 327 989 carissimam.
364 955 563 1001 Insequenti
594 957 749 1003 proxime
776 956 844 998 die,
876 957 977 991 nonis
997 955 1201 997 decembris,
1233 956 1414 1003 intemplo
1442 956 1520 991 Divi
1553 956 1711 991 Casimiri

99 1020 231 1058 nostro,
268 1028 290 1051 a
327 1029 423 1063 rege,
446 1020 660 1065 proceribus,
700 1021 814 1066 populi
852 1019 1053 1055 celebritate
1084 1017 1235 1053 maxima
1267 1018 1392 1064 gratiae
1423 1018 1496 1052 Deo
1528 1021 1616 1052 actae
1648 1029 1710 1064 pro

96 1077 255 1112 victoria.
280 1078 412 1114 Ibidem
427 1081 679 1117 nudiustertius
693 1084 904 1119 celebratum
922 1095 943 1117 a
962 1082 1204 1118 Castrensibus
1223 1082 1326 1116 sunus
1344 1081 1461 1116 herois
1481 1082 1707 1127 magnanimi,
1737 1104 1766 1130 In
1787 1106 1884 1138 templo

97 1139 228 1174 tribuni
246 1140 419 1182 militaris,
442 1142 647 1179 Melchioris
674 1145 831 1180 Ludvich
856 1156 877 1179 a
896 1145 1034 1186 Demut,
1060 1143 1211 1178 hominis
1230 1147 1360 1178 nostrie
1387 1143 1573 1178 Societatis
1591 1155 1710 1179 aman-
1737 1145 1885 1190 sens-imis}

96 1202 231 1237 tissimi.
255 1203 479 1249 Speculatum
492 1210 595 1241 noctu
615 1207 778 1248 hostium,
800 1207 1012 1252 reliquorum
1027 1206 1153 1247 adhuc,
1175 1218 1291 1241 arcem
1310 1206 1547 1248 insidentium,
1572 1206 1711 1252 vigilias
1737 1184 1815 1250 ἷζᾚιω
1837 1187 1883 1211 trv

98 1276 120 1298 a
138 1264 224 1299 duce
251 1265 389 1307 missus,
411 1272 617 1314 conspectus
635 1280 656 1304 a
673 1269 771 1315 vigili
790 1271 909 1305 subter
936 1282 1048 1305 arcem
1075 1270 1185 1315 ipsam
1214 1281 1232 1304 e
1258 1269 1376 1304 fistula
1403 1281 1501 1304 [enea
1529 1268 1708 1304 sternitur.

97 1326 258 1362 Mortuus
276 1339 319 1363 ex
343 1329 486 1365 vulnere
504 1331 616 1377 pridie
634 1332 803 1367 kalendas
827 1332 1038 1367 decembres.
1072 1332 1136 1366 Vir
1153 1332 1242 1378 pius,
1277 1336 1311 1366 et
1342 1331 1532 1366 officiorum
1562 1330 1712 1365 hominis

99 1389 285 1425 christiani
304 1391 491 1438 diligenter
505 1393 708 1429 observans.
736 1395 959 1440 Quocumque
977 1394 1042 1429 sibi
1060 1393 1216 1429 licuisset
1233 1405 1294 1440 per
1312 1394 1365 1429 sui
1385 1394 1526 1440 negotia
1544 1393 1709 1434 muneris,

98 1451 194 1487 nullo
213 1452 288 1498 ipse
303 1452 371 1495 die,
394 1454 546 1500 profesto
574 1456 691 1498 etiam,
715 1468 783 1492 non
801 1457 916 1491 missae
936 1456 1104 1491 sacrificio
1124 1455 1292 1490 interfuit.
1313 1455 1441 1490 AEdein
1467 1455 1616 1490 maxime
1635 1454 1714 1489 Divi

101 1513 264 1549 Casimiri
282 1520 438 1551 nostram
453 1517 717 1563 srequentabat;
736 1523 920 1565 tantopere
941 1519 1015 1565 ejus
1029 1518 1097 1553 loci
1111 1518 1296 1553 sanctitate
1312 1517 1517 1559 delectatus,
1535 1521 1572 1552 ut
1599 1517 1627 1551 si
1647 1528 1713 1561 quo

98 1575 154 1611 die
173 1575 268 1610 illam
292 1589 361 1612 non
389 1578 541 1621 visisset,
564 1581 704 1615 tametsi
731 1581 814 1616 alibi
833 1581 1053 1627 praestitisset
1070 1592 1167 1615 suum
1187 1581 1326 1626 pietatis
1346 1581 1508 1620 officium,
1538 1591 1609 1614 non
1628 1579 1713 1614 satis

98 1639 163 1674 sibi
176 1639 305 1675 factum
325 1645 476 1687 putaret.
499 1643 632 1679 Ibidem
652 1645 821 1691 sepultus,
839 1644 1128 1691 quemadmodum
1154 1642 1427 1685 desideraverat,
1459 1642 1578 1677 subter
1604 1641 1712 1677 sacel-

98 1699 170 1735 lum
188 1701 276 1737 Divo
295 1702 456 1739 Bennoni
483 1716 634 1740 sacrum.
702 1705 704 1707 ’

147 1763 339 1806 Drohicini,
369 1766 405 1800 in
423 1766 557 1802 colonia
577 1779 687 1814 nuper
705 1767 905 1808 constituta,
927 1766 1081 1802 lubricus
1101 1765 1214 1801 adhuc
1245 1766 1309 1801 fuit
1327 1766 1454 1801 nostris
1471 1766 1568 1801 locus
1594 1765 1711 1812 hospi·
1740 1761 1876 1828 Dreliicini

98 1825 214 1869 tibus;
235 1827 338 1862 modo
355 1827 514 1864 hostibus
530 1829 812 1877 Subsylvaniam,
829 1833 866 1864 ut
880 1829 969 1864 alias
987 1829 1196 1876 provincias,
1214 1828 1474 1874 populantibus,
1492 1828 1593 1863 modo
1608 1828 1712 1874 pesti·
1739 1841 1845 1867 domici-

99 1887 208 1923 lentia
240 1900 343 1935 agros
373 1894 567 1927 evastante.
603 1891 766 1927 Stabilita
785 1891 949 1938 deinceps
976 1891 1076 1927 sedes
1097 1890 1305 1925 auctoritate
1330 1889 1427 1935 regia
1446 1893 1478 1925 et
1514 1889 1714 1936 reipublicae
1738 1880 1873 1946 Εξὲῗθξῐξ

100 1960 193 1985 anno
230 1951 334 1993 1659,
356 1964 475 1988 mense
506 1954 644 1988 martio.
679 1953 792 1989 Aucta
822 1965 878 1988 res
906 1953 1118 1988 oeconomica
1148 1951 1253 1987 fundo
1285 1952 1497 1986 suburbano.
1532 1951 1715 1998 Templum
1862 1940 1867 1946 ’

102 2011 246 2053 curiale,
266 2024 438 2049 consensu
454 2015 697 2051 Luceoriensis
712 2015 877 2062 episcopi,
900 2016 919 2050 J
925 2015 1048 2050 oannis
1062 2015 1240 2062 XVydzga,
1259 2018 1292 2049 et
1307 2014 1360 2049 sui
1379 2014 1533 2049 canonici
1560 2014 1711 2060 collegii,

103 2074 322 2116 attributum,
356 2076 563 2123 scriptisque
582 2077 647 2112 rite
677 2077 805 2112 tabulis
835 2077 1001 2112 traditum
1027 2077 1141 2118 1659;
1175 2089 1248 2112 rem
1275 2080 1468 2122 exequente
1497 2075 1714 2111 Pultoviensi

102 2137 349 2173 archidiacono
365 2139 475 2174 Paulo
495 2139 766 2186 Petrykovskio,
785 2139 905 2174 eodem
920 2138 1224 2174 Drohicinensium
1238 2139 1380 2173 curione
1388 2139 1462 2185 jam
1480 2142 1553 2173 tum
1576 2137 1710 2173 ultimo.

103 2204 213 2242 Quam
244 2205 279 2239 in
309 2216 383 2239 rem
402 2204 462 2250 jus
486 2216 621 2251 quoque
648 2208 851 2251 patronatus
874 2215 895 2238 a
915 2215 998 2249 rege
1017 2204 1108 2239 1664
1137 2202 1308 2238 kalendas
1336 2202 1476 2238 sextiles
1507 2202 1714 2238 auctoritate

102 2267 278 2303 firmatum
296 2267 436 2314 publica
449 2279 510 2314 per
524 2267 773 2303 cancellarium
787 2265 887 2312 regni
906 2263 1089 2300 Nicolaum
1105 2264 1393 2299 Praznovskium.

151 2330 357 2365 Pestilentia
375 2330 542 2376 temporis
561 2342 630 2365 non
657 2340 796 2376 paucoS,
819 2338 946 2373 eosque
972 2326 1139 2367 illustre&
1162 2326 1300 2362 sustulit
1318 2327 1424 2367 viros,
1445 2330 1527 2362 ante
1546 2326 1635 2361 alios
1653 2337 1714 2360 an-
1806 2358 1821 2384 4

103 2394 247 2429 tistitem
264 2393 468 2428 Vilnensem
485 2393 506 2428 J
511 2404 659 2428 oannem
674 2390 847 2438 Dovgialo
863 2389 1032 2430 Zawisza,
1050 2389 1263 2435 praecipuum
1282 2389 1317 2423 in
1337 2388 1503 2424 Lituania
1531 2389 1715 2424 Societatis
1741 2398 1843 2442 Funera

104 2459 269 2499 tutorem,
292 2460 326 2492 et
340 2456 656 2503 Vissogrodensem
679 2454 882 2502 praefectum
909 2451 1119 2486 Michaelem
1149 2450 1448 2491 Karnkovskium,
1470 2452 1618 2497 quirem
1638 2450 1716 2485 Col-
1742 2438 1846 2509 {fflcsst

103 2517 189 2565 legii
207 2518 394 2555 Plocensis
416 2522 618 2566 pertenuem
646 2517 742 2553 auxit
764 2515 960 2561 insigniter.
996 2513 1110 2560 Hujus
1128 2513 1230 2548 sunus
1250 2513 1355 2554 Socii,
1378 2524 1396 2548 e
1413 2512 1717 2560 propinquioribus
1743 2518 1886 2545 Sociorum.

1589 2573 1620 2600 50
