2184 2953
584 303 693 332 LIBER
719 303 881 332 OCTAVUS
904 303 990 339 (1630
1003 305 1021 331 -Ἰ
1032 304 1111 339 640).
1631 303 1690 334 295

86 399 206 424 versus
220 391 497 436 procumberent.
517 391 631 427 Multa
650 393 864 434 admiranda,
885 393 1049 428 divinitus
1067 393 1133 427 hoc
1150 392 1226 427 loco
1245 393 1351 433 edita,
1373 392 1530 437 vulgavit
1548 393 1694 438 scriptor
1723 400 1784 424 1632

86 465 199 489 rerum
219 455 341 489 Lindae
361 455 546 495 Marianae,
566 456 605 490 Ρ.
625 457 777 490 Thomas
797 455 951 500 Clagius.
974 454 1039 488 His
1059 453 1205 499 permoti
1225 453 1371 498 proximi
1385 453 1460 486 loco
1475 453 1579 493 cives,
1602 453 1691 488 Res·
1720 457 1828 482 Rasten-

86 514 207 550 seliani
242 515 335 556 hinc,
371 516 466 551 illinc
499 517 785 562 Rastenburgici‚
819 516 975 562 cogitare
1006 515 1048 550 de
1083 515 1326 550 transferenda
1361 526 1460 548 suum
1487 515 1622 560 utrique
1656 514 1691 549 in
1719 495 1864 560 3¹33&

86 577 249 622 oppidum
268 577 469 623 prodigiosa
497 578 663 623 imagine,
685 579 842 623 interque
870 589 918 618 80,
943 577 1012 611 0111
1030 577 1144 622 potius
1159 576 1236 621 jure
1250 576 1285 609 id
1299 580 1447 621 agerent
1460 587 1535 616 suO,
1558 576 1691 622 discep—
1719 574 1845 606 templum

86 641 172 672 tare.
200 639 395 673 Viciniores
422 639 498 673 loco
518 639 730 678 Resseliani,
752 638 903 684 potiores
931 637 1095 683 mancipii
1114 638 1194 683 jure
1222 637 1494 682 Rastenburgici
1515 650 1521 671 :
1544 638 1591 678 hi,
1614 649 1694 672 con·
1720 612 1866 677 Effigie&-

86 700 176 734 dicto
204 700 295 734 inter
322 711 358 734 se
386 699 455 738 die,
487 700 574 734 clam
603 701 673 734 suis
706 699 883 740 rivalibus,
910 699 1081 744 frequenti
1100 699 1357 744 compositoque
1375 698 1642 744 supplicantium
1660 699 1695 732 in
1722 690 1820 723 ginem.

87 762 225 795 modum
243 762 395 806 agmine,
415 761 650 807 praeeuntibus
669 773 746 795 cum
765 761 916 807 parocho
936 760 1082 801 clericis,
1101 760 1389 805 subsequentibus
1403 759 1528 805 populo
1549 764 1582 794 et
1596 760 1696 806 (quod

88 823 246 869 opinatur
264 823 417 868 Clagius)
440 835 517 857 cum
538 835 600 857 suo
616 823 791 868 praefecto,
808 822 893 861 sive,
916 826 951 856 ut
969 826 1106 862 vocant,
1129 821 1420 861 commendatore,
1435 821 1542 867 copiis
1557 821 1697 856 Ordinis

88 885 283 925 Teutonici,
314 885 480 931 inclytum
508 885 625 919 lucum
653 885 801 919 subeunt
823 896 830 918 :
853 884 1091 929 prodigiosum
1131 885 1268 930 signum
1294 884 1365 918 laeti
1388 885 1693 930 venerabundique

87 946 262 987 auferunt,
292 948 396 993 inque
426 947 500 981 aede
528 958 639 987 sacra,
661 945 863 992 gratulante
891 946 1029 981 civitate
1048 958 1123 988 sua,
1149 950 1370 993 componunt.
1389 946 1435 981 At
1452 946 1610 981 homines
1637 959 1698 982 suo

88 1007 121 1041 id
139 1012 250 1054 agunt
269 1019 337 1042 non
358 1008 473 1042 divino
503 1008 641 1042 omnino
669 1007 814 1042 consilio
837 1020 843 1042 :
861 1019 941 1042 nam
960 1011 994 1042 et
1016 1009 1181 1053 postridie
1200 1009 1273 1055 ejus
1287 1008 1368 1049 diei,
1391 1019 1457 1054 quo
1476 1008 1512 1042 in
1533 1008 1699 1054 templum

87 1069 209 1104 11118801
228 1070 377 1110 illatum,
401 1074 434 1104 et
458 1070 546 1104 alias
566 1073 669 1115 atque
688 1069 786 1110 alias,
806 1070 926 1104 eodem
946 1071 1107 1110 relatum,
1124 1070 1225 1105 modo
1246 1070 1350 1116 plane
1370 1069 1518 1104 mirabili
1536 1070 1581 1104 ad
1603 1081 1701 1104 suam

87 1130 197 1165 tiliam
213 1130 318 1166 rediit
332 1131 557 1166 simulacrum
573 1144 580 1171 ;
604 1132 763 1176 interque
782 1131 936 1172 frondes,
958 1144 1019 1166 suo
1038 1132 1098 1166 illo
1118 1132 1153 1166 in
1168 1132 1277 1167 veteri
1296 1131 1383 1187 solio
1410 1135 1623 1177 compertum
1649 1135 1702 1166 est

87 1193 271 1228 resedisse.
307 1193 420 1228 Afflne
452 1194 517 1227 hoc
550 1193 599 1226 illi
633 1193 813 1232 miraculo,
843 1193 885 1228 (10
909 1205 975 1239 quo
1000 1198 1117 1228 noster
1142 1194 1309 1228 Horatius
1329 1185 1548 1229 Tursellinus
1576 1195 1609 1228 in
1638 1207 1701 1229 sua

89 1253 209 1289 domus
230 1255 441 1290 Lauretanae
460 1255 608 1289 historia
626 1267 631 1288 :
661 1269 675 1283 a<
702 1255 791 1288 fama
820 1258 926 1295 tenet,
948 1256 1071 1300 inquit,
1091 1256 1370 1302 antiquissimam
1398 1256 1526 1290 Christi
1545 1256 1701 1291 crucifixi

93 1330 108 1345 α
130 1316 319 1362 imaginem
339 1316 441 1350 simul
467 1328 544 1350 cum
570 1316 670 1350 domo
690 1316 944 1362 (Nazaretana)
964 1317 1155 1357 advectam,
1181 1318 1374 1364 multiplici,
1392 1319 1512 1353 eodem
1531 1322 1698 1364 tempore,

93 1392 107 1406 u
130 1378 298 1412 miraculo
318 1378 473 1412 extitisse
494 1377 667 1423 insignem
703 1389 709 1410 :
745 1389 824 1411 nam
844 1389 919 1411 cum
939 1389 1015 1412 eam
1041 1378 1170 1420 efferri,
1192 1383 1227 1413 et
1256 1379 1291 1413 in
1318 1379 1459 1419 sacello,
1485 1379 1527 1414 ad
1546 1380 1580 1414 id
1600 1391 1698 1414 exor-

93 1453 108 1467 α
130 1442 214 1473 0010
229 1440 306 1485 (quo
325 1440 458 1474 honore
473 1439 645 1474 coleretur
660 1439 803 1484 majore)
816 1439 937 1485 reponi
948 1439 1238 1475 Recinetensibus
1259 1444 1292 1475 et
1312 1441 1472 1487 episcopo
1490 1441 1696 1487 placuisset:

94 1513 108 1528 α
131 1501 339 1535 translatam
371 1501 518 1535 subinde
536 1501 571 1535 in
591 1512 726 1535 sacram
746 1500 956 1545 remigrasse
979 1501 1131 1542 domum,
1152 1506 1186 1536 et
1213 1502 1248 1536 111
1273 1514 1370 1537 suam
1389 1503 1506 1538 sedem
1525 1504 1699 1549 recepisse
1726 1511 1852 1537 Restitui-

96 1576 110 1590 α
132 1572 180 1595 80.
216 1579 231 1593 „
255 1562 376 1607 Itaque
399 1563 448 1608 (ut
467 1562 545 1596 illos
572 1562 823 1596 Recinetenses
849 1561 897 1595 sic
922 1565 1059 1596 nostros
1085 1563 1396 1609 Rastenburgicos)
1420 1575 1456 1598 re
1470 1565 1698 1610 nequicquam
1726 1551 1771 1614 ΞΠ
1788 1557 1871 1613 Ῑῗζζζζὲ

92 1633 184 1669 saepe
203 1626 350 1662 tentata,
374 1624 471 1658 irrito
491 1624 629 1658 demum
648 1623 786 1669 incepto
810 1623 997 1659 destitisse.
1726 1626 1853 1670 fiiviuitus

142 1684 431 1730 Quandoquidem
458 1685 524 1719 hoc
542 1684 618 1719 1000
633 1689 892 1720 monumentum
907 1686 1033 1731 gratiae.
1053 1698 1125 1721 suae
1146 1687 1351 1722 mortalibus
1370 1689 1584 1734 propositum
1611 1690 1700 1724 divae
1726 1672 1822 1697 mago.

92 1744 231 1790 Virgini
254 1746 319 1780 visi
350 1746 552 1791 placuisset,
590 1746 740 1791 positum
764 1746 875 1780 eidem
906 1747 1033 1781 ibidem
1061 1748 1247 1789 sacellum;
1281 1749 1372 1794 quod
1403 1761 1538 1784 sacram
1564 1762 1699 1796 quoque

92 1807 251 1842 arborem
271 1808 463 1853 parietibus
495 1808 567 1843 suis
594 1807 893 1853 complecteretur.
929 1808 1067 1842 Haecin
1099 1809 1185 1844 aedis
1204 1810 1328 1850 medio,
1356 1823 1454 1846 muro
1482 1812 1640 1857 superior
1667 1816 1700 1847 et

95 1871 197 1910 tecto,
215 1869 320 1904 ramis
335 1869 583 1915 frondibusque
603 1881 753 1915 superne
767 1869 908 1904 densius
923 1881 1038 1904 secum
1052 1874 1156 1916 atque
1175 1872 1223 1906 sic
1238 1872 1453 1918 complicitis⁷
1473 1877 1508 1908 ut
1527 1885 1568 1908 ne
1588 1886 1699 1909 rorem

95 1930 231 1975 quidem
249 1932 540 1972 transmitterent,
563 1931 693 1966 sacello
714 1943 775 1976 pro
796 1936 887 1965 tecto
919 1936 994 1966 erat
1016 1944 1022 1965 2
1045 1933 1164 1978 patula
1190 1934 1263 1974 illa,
1298 1934 1415 1969 virens
1446 1947 1593 1981 semper,
1621 1936 1701 1970 odo-

95 2002 234 2037 remque
263 1992 386 2027 afflans
396 1993 600 2038 jucundum.
630 1993 697 2027 Hic
714 2004 791 2026 cum
810 1993 922 2026 animo
939 2004 1000 2027 8110
1018 1994 1129 2028 (1101118
1144 1999 1262 2029 noster
1276 1996 1423 2041 scriptor
1440 1996 1592 2031 Thomas
1611 1998 1704 2043 cogi-

95 2057 191 2087 tans:
217 2069 231 2082 a
250 2055 339 2099 quis,
362 2055 486 2100 inquit,
518 2067 586 2089 non
607 2055 640 2089 in
662 2066 703 2089 ea
718 2055 852 2095 umbra,
880 2054 935 2088 vel
958 2055 1084 2090 tacitus
1110 2057 1203 2102 apud
1226 2057 1380 2091 animum
1413 2069 1512 2092 suum
1531 2057 1616 2093 illud
1635 2059 1700 2094 sibi

98 2128 113 2142 α
131 2115 310 2150 occinebat
327 2127 334 2149 ε
352 2118 415 2150 sub
431 2118 557 2149 umbra
574 2118 669 2149 illius
686 2126 784 2157 quem
814 2116 1105 2153 desideraveram,
1136 2118 1232 2155 sedi;
1263 2121 1294 2149 ec
1322 2118 1456 2158 fructus
1493 2121 1567 2161 ejus
1589 2122 1702 2153 dulcis

99 2190 113 2204 α
134 2180 270 2219 quacum·
293 2188 366 2211 meo
386 2178 402 2209 52
421 2176 506 2213 Quae
520 2176 611 2210 enim
629 2176 706 2210 haec
725 2174 795 2208 alia
815 2173 949 2213 umbra,
971 2186 1074 2220 quam
1101 2174 1174 2216 illa,
1196 2175 1238 2209 dc
1269 2186 1337 2220 qua
1356 2176 1494 2211 divinus
1515 2177 1560 2211 ad
1580 2178 1704 2225 Deipa-

99 2251 114 2265 α
131 2248 205 2271 ram
223 2237 389 2271 nuntius:
411 2239 569 2280 Spiritus
584 2240 745 2275 Sanctus,
782 2235 905 2280 inquit,
937 2238 1157 2277 superveniet
1184 2238 1221 2268 in
1251 2240 1292 2275 ce,
1321 2241 1351 2269 et
1390 2239 1503 2271 virtus
1532 2242 1705 2274 Alcissz‘mz·

99 2311 115 2326 κ
132 2300 350 2333 obumbrabit
367 2299 430 2332 tibi
447 2302 462 2332 ?
476 2297 555 2342 quia
570 2296 660 2331 enim
675 2296 736 2331 illa
750 2298 798 2342 (ut
814 2297 848 2331 S.
868 2296 1063 2330 Ildefonsus
1080 2295 1190 2330 Serm.
1208 2298 1243 2329 4.
1262 2295 1303 2330 de
1321 2295 1475 2332 Annunt.
1498 2298 1702 2344 ait)meruit,

101 2374 116 2388 α
137 2360 265 2394 virtute
278 2358 450 2393 Altissimi
470 2358 684 2399 obumbrari,
702 2362 739 2392 ut
756 2370 818 2393 nos
838 2369 1049 2393 mereremur
1069 2357 1142 2403 ejus
1163 2357 1325 2404 precibus
1341 2358 1506 2404 adjuvari.
1530 2379 1545 2392 π
1564 2361 1647 2396 Cum
1668 2362 1701 2396 in

100 2420 173 2455 dies
203 2421 334 2466 majore
354 2419 468 2455 fidelis
489 2419 606 2466 populi
625 2420 753 2465 pietate
775 2419 954 2454 Lindanus
973 2419 1092 2453 Beatae
1114 2417 1273 2463 Virginis
1292 2418 1429 2465 agellus
1451 2421 1698 2464 celebraretur,

99 2485 200 2527 atque
224 2493 244 2516 a
261 2481 462 2527 longinquis
478 2481 582 2515 etiam
611 2481 809 2515 Germania*
837 2481 1052 2526 regionibuS,
1081 2479 1261 2525 religionis
1289 2485 1322 2515 01
1340 2482 1409 2516 voti
1424 2494 1541 2524 causa,
1560 2496 1701 2519 concur-
