2184 2953
260 509 351 536 Causae

258 549 321 574 belli
330 557 404 575 verae.

248 1795 310 1821 1648

245 2419 337 2446 Clades
347 2428 390 2447 va-

243 2459 373 2487 stissima.

428 274 488 306 350
816 281 1087 312 LITUANICARUM
1113 285 1322 315 SOCIETATIS
1344 288 1429 316 JESU
1455 288 1704 318 HISTORIARUM

430 367 549 401 vexari
572 369 720 414 gentiles
748 382 829 406 suos
856 384 877 406 a
904 374 1083 415 militibus,
1112 376 1274 411 afflictari
1300 389 1320 411 a
1347 378 1496 413 dominis
1521 392 1526 413 :
1550 380 1705 414 exscindi
1734 391 1798 414 sua
1829 381 2018 428 municipia
2040 396 2047 418 :

429 428 597 464 obnoxios
619 442 655 465 se
675 433 770 477 genti
785 444 862 468 esse
881 435 1041 470 Judaicae
1063 450 1069 472 :
1092 451 1162 473 non
1181 452 1243 486 pro
1259 441 1331 475 suis
1350 443 1494 476 tractari
1513 444 1646 478 meritis
1668 443 1970 487 Chmielnickium,
1998 451 2047 488 et,

431 490 524 535 quod
554 492 785 529 schismaticis
813 500 917 541 caput
937 501 1002 537 est,
1025 501 1199 534 contemni
1218 501 1429 547 religionum
1449 515 1590 538 suarum
1606 505 1797 539 antistites.
1819 520 1834 534 ει
1852 506 1936 540 Cum
1951 507 2052 553 plebe

432 566 446 579 u
469 553 607 598 quidem
620 555 966 604 Ukrainensi,inquit
985 560 1192 596 Kochovius
1204 563 1326 609 (1)‚non
1346 564 1421 599 sine
1437 565 1554 611 aliqua
1573 567 1702 611 injuria
1721 567 2052 612 agitatum‚diffiteri

432 629 445 642 a<
469 626 624 660 nequeo;
654 629 715 663 pro
741 619 984 664 praefectorum
1012 622 1225 670 lieromnque
1245 626 1320 671 ejus
1339 637 1412 660 orae
1429 632 1570 662 austero
1599 632 1659 662 aut
1692 629 1868 663 tractabili
1891 630 2048 676 ingenio,

429 692 444 706 a
468 678 644 725 ipsiusque
662 681 773 726 plebis
792 686 931 725 natura,
963 685 1150 721 adversum
1175 688 1388 734 imperantes
1414 689 1590 735 morigera
1616 696 1677 725 aut
1701 691 1906 726 calcitrante
1933 705 1938 726 z
1970 705 2050 728 nam

429 756 442 768 a
465 741 650 776 decumare
686 744 857 789 equireaS‚
892 757 1075 782 recensere
1106 753 1279 791 armenta,
1318 750 1508 786 decuncem
1536 752 1701 787 mellificii
1737 765 1875 800 capere,
1911 754 2050 800 aliaque

428 818 442 832 <a
466 804 691 850 subjectionis
715 818 833 848 onera,
856 810 966 845 veteri
994 822 1089 845 more
1111 811 1216 857 pendi
1241 812 1359 853 solita,
1384 816 1557 859 utcunque
1576 814 1788 849 tolerabant.
1811 816 1943 850 Verum
1958 822 2051 863 post-

427 880 442 894 ⁶⁶
465 878 569 912 quam
588 869 651 902 sub
680 870 817 905 nomine
837 873 1080 917 augendorum
1099 885 1264 908 censuum
1288 878 1426 920 reperta
1453 887 1544 909 nova
1564 877 1788 911 exactionum
1809 879 1992 919 vocabula,
2015 884 2052 914 ut

426 944 440 956 α
464 940 484 962 a
509 930 696 965 venatione
723 931 876 967 ferarum
903 934 1026 980 pelles,
1048 947 1069 969 a
1086 934 1279 980 piscatione
1306 936 1481 972 insuetum
1504 939 1669 985 vectigal,
1701 951 1764 985 pro
1787 941 1912 976 diurno
1931 942 2051 978 labore

428 1007 442 1020 u
465 991 673 1027 triobolares
694 995 837 1034 nummi,
859 996 1010 1038 mulctae,
1032 997 1199 1043 pcenalia,
1217 997 1354 1044 aliaque
1373 999 1558 1045 ejusmodi,
1582 1001 1632 1035 uti
1661 1002 1797 1047 gravia,
1826 1003 2048 1045 incusabant,

426 1068 441 1082 «a
470 1054 784 1101 querebanturque.
812 1075 827 1089 κ
864 1059 952 1094 Haec
970 1060 1163 1095 Bohdanus
1182 1061 1216 1095 in
1239 1061 1484 1097 seditiosorum
1512 1063 1738 1098 concionibus
1767 1064 2052 1108 clamabat;1ion

421 1116 512 1162 quod
533 1116 808 1153 Ukrainensium
826 1125 887 1155 aut
904 1122 1015 1157 civilis
1034 1123 1174 1157 fortuna
1193 1127 1254 1158 aut
1278 1123 1404 1170 religio
1425 1123 1491 1158 sibi
1515 1128 1608 1159 esset
1630 1137 1736 1166 curae,
1759 1130 1820 1161 aut
1839 1127 2052 1162 Polonorum

421 1181 493 1212 tam
520 1178 690 1225 impotens
717 1181 928 1225 dominatus,
957 1189 1018 1219 aut
1040 1185 1114 1231 ipse
1142 1185 1329 1220 immerens
1357 1186 1475 1232 aliqua
1504 1187 1673 1221 subactus
1699 1187 1827 1234 injuria
1849 1190 1964 1224 foret:
1992 1190 2052 1225 sed

421 1241 737 1287 quod‚abjudicatis
750 1244 833 1290 jure
852 1243 1060 1290 quibusdam
1079 1257 1100 1280 a
1114 1258 1151 1281 se
1166 1247 1279 1287 bonis,
1295 1259 1372 1293 quae
1388 1248 1423 1282 in
1439 1248 1622 1283 latifundio
1656 1250 1870 1286 Polonorum
1894 1252 2051 1287 Czechri-

418 1303 518 1337 nensi
537 1304 602 1338 sibi
620 1305 818 1340 adsciverat
836 1307 967 1352 inique,
998 1307 1191 1343 inimicitiae
1210 1309 1277 1344 sibi
1303 1310 1588 1346 intercessissent
1616 1324 1694 1346 cum
1708 1313 1814 1359 justis
1839 1315 2050 1360 possessori-

420 1365 482 1400 bus
509 1378 515 1400 :
546 1366 611 1400 hoc
634 1367 694 1402 ille
721 1380 845 1403 revera
874 1381 980 1404 unum
1003 1370 1114 1405 ultum
1133 1370 1218 1406 ibat.
1242 1371 1318 1410 Quo
1347 1376 1463 1407 autem
1491 1374 1604 1419 magis
1635 1375 1830 1410 concitaret
1853 1376 1999 1412 stultam
2017 1383 2052 1414 et

418 1426 631 1473 praecipitem
649 1429 683 1463 in
700 1441 801 1465 omne
815 1431 950 1466 facinus
969 1431 1118 1478 plebem,
1141 1432 1266 1467 violari
1293 1445 1375 1467 suas
1398 1435 1870 1483 photianorumreligiones,
1894 1451 2051 1487 exaugu-

421 1490 491 1523 rari
509 1491 696 1533 antistites,
719 1493 897 1539 profanari
913 1505 976 1528 sua
995 1505 1108 1534 sacra,
1130 1495 1250 1530 seduci
1269 1507 1290 1530 a
1308 1497 1491 1532 catholicis
1510 1498 1698 1544 populares
1719 1511 1814 1540 suo-5,
1835 1501 1856 1535 J
1860 1502 2051 1538 esuitarum

421 1552 571 1588 maxime
597 1553 788 1595 fraudibus,
818 1556 1045 1601 irrepentium
1064 1557 1163 1602 quasi
1185 1558 1221 1591 in
1249 1558 1378 1604 oppida
1406 1559 1589 1599 Ukminae,
1616 1560 1813 1607 callideque
1839 1574 1876 1597 se
1895 1563 2052 1598 dantium

421 1613 570 1649 incautis
586 1616 731 1656 civibus,
754 1617 790 1651 id
804 1618 1061 1652 vociferabatur
1075 1619 1244 1665 impostor
1258 1633 1265 1661 ;
1284 1620 1364 1655 hinc
1378 1620 1439 1655 illa
1458 1633 1594 1667 quoque
1610 1634 1674 1657 vox
1689 1634 1751 1669 pro
1773 1624 1898 1659 bellico
1914 1629 2051 1660 vetera-

421 1676 488 1710 tori
506 1676 570 1711 fuit
593 1690 598 1711 :
621 1681 667 1711 Za.
683 1681 798 1713 wz'ru!
820 1679 854 1713 id
869 1684 934 1719 est,
962 1691 1023 1725 pro
1042 1681 1214 1726 religione
1238 1695 1243 1716 :
1267 1683 1332 1717 hoc
1351 1682 1410 1717 ille
1426 1687 1580 1729 gentem,
1603 1685 1676 1719 suis
1696 1690 1906 1722 occaecatam
1923 1687 2053 1723 fraudi-

423 1738 498 1779 bus,
533 1739 711 1775 incitabat.
746 1742 800 1775 Ita
831 1746 1004 1777 commota
1031 1743 1225 1789 perduellio
1258 1756 1276 1779 e
1304 1745 1507 1790 Zaporoviae
1541 1746 1660 1781 lustris
1691 1748 1817 1793 erupit,
1849 1755 2054 1786 senescente

421 1801 503 1834 anni
539 1802 630 1836 1648
660 1806 840 1843 autumno,
871 1804 1036 1850 brevique
1059 1805 1093 1839 in
1121 1817 1228 1851 agros
1258 1806 1429 1847 Podoliae,
1464 1807 1655 1849 Volhiniae,
1688 1809 1843 1852 Russiae‚
1878 1812 2050 1854 Poloniae,

421 1862 596 1898 Lituaniae
616 1864 727 1898 effusa
746 1869 797 1900 est
820 1877 882 1911 per
904 1870 1059 1911 stragem
1078 1879 1341 1914 quoquoversus
1361 1869 1608 1904 miserabilem.
1633 1871 1722 1905 Itum
1750 1872 1890 1917 quidem
1915 1874 2054 1918 obviam

420 1925 512 1959 haud
549 1927 727 1972 segniter;
767 1928 828 1962 sed
864 1928 1016 1963 eluvioni
1051 1933 1160 1963 tantu}
1195 1935 1266 1964 tam
1302 1929 1465 1965 violentae
1497 1943 1605 1978 agger
1640 1933 1806 1968 continuo
1842 1934 1945 1981 objici
1981 1948 2048 1971 non

424 1988 551 2033 potuit.
575 1988 750 2034 Quidquid
782 1990 908 2035 raptim
935 1990 1147 2036 oppositum,
1170 1982 1222 2024 vis
1248 1990 1308 2025 illa
1327 1991 1509 2027 confestim
1529 1993 1724 2039 dissipavit.
1748 1994 1913 2041 Acceptae
1931 1995 2050 2032 clades

418 2050 696 2096 passim.Amissi
713 2052 807 2097 apud
820 2051 940 2098 Aquas
954 2052 1069 2086 fulvas
1088 2052 1137 2098 (2),
1158 2065 1238 2087 mox
1251 2054 1345 2099 apud
1361 2054 1570 2089 Corsunium
1590 2056 1707 2091 duces.
1729 2057 1952 2093 Increscente
1968 2059 2050 2094 inde

418 2113 578 2153 audacia,
600 2113 741 2147 barbari
762 2124 863 2149 ruere
883 2117 916 2147 et
945 2113 1070 2148 saevire
1089 2113 1124 2147 in
1145 2114 1238 2149 cives
1261 2126 1267 2148 z
1291 2114 1446 2149 involare
1472 2116 1507 2149 in
1528 2117 1643 2158 villas,
1673 2118 1835 2160 castella,
1859 2120 2018 2155 civitates
2041 2133 2048 2155 :

417 2175 552 2210 caedere
572 2176 701 2221 passim
721 2176 794 2210 sine
813 2176 884 2210 ullo
904 2176 1019 2210 {etatis
1039 2181 1072 2211 et
1087 2188 1190 2211 sexus
1210 2177 1408 2212 discrimine
1431 2189 1436 2210 :
1461 2179 1644 2223 propudia,
1667 2180 1867 2226 sacrilegia,
1890 2186 1924 2216 et
1953 2183 2050 2229 quid-

417 2238 498 2283 quid
518 2238 624 2272 libido
645 2239 882 2284 suggessisset
902 2244 936 2274 ct
950 2239 1059 2280 furor,
1082 2244 1297 2285 perpetrare.
1322 2240 1416 2274 Inter
1435 2241 1566 2275 caedem
1586 2246 1620 2276 et
1643 2243 1776 2278 scelera
1794 2255 1815 2278 a
1836 2245 1991 2291 Pripetio
2016 2250 2050 2281 et

418 2301 535 2335 Slucia
553 2301 754 2335 fluminibus
773 2302 818 2336 ad
843 2302 975 2336 Sanum
995 2301 1204 2336 Roxolani-aa
1224 2313 1360 2336 amnem
1380 2315 1448 2338 uno
1477 2305 1604 2340 multas
1629 2307 1826 2352 provincias
1853 2308 2046 2344 continenti

420 2366 579 2397 sternunt
609 2363 781 2397 incendio.
805 2363 939 2398 Ardere
967 2368 1039 2398 tum
1066 2363 1185 2397 mundi
1208 2363 1420 2400 universitas
1449 2367 1585 2402 miseris
1615 2368 1801 2404 videbatur
1823 2370 2044 2412 mortalibus,

415 2424 637 2460 latitantibus
656 2425 690 2459 in
706 2426 837 2471 tesquis
852 2430 886 2460 et
904 2426 989 2460 locis
1004 2426 1233 2472 palustribus,
1246 2432 1339 2462 metu
1354 2433 1388 2462 et
1406 2429 1529 2464 dolore
1543 2430 1589 2464 ad
1605 2441 1645 2465 ea
1660 2431 1860 2477 spectacula
1875 2432 2046 2469 emorien-

456 2495 581 2530 (1)1bid.
597 2502 663 2533 pag.
684 2496 731 2522 ⁰27.
748 2511 784 2516 —
803 2495 842 2532 (⁹2)
867 2495 928 2523 Vid.
948 2504 1032 2532 supra
1043 2497 1092 2526 lib.
1110 2496 1157 2532 lx,
1183 2505 1210 2526 n.
1229 2496 1276 2526 34.
