2184 2953
331 1437 391 1462 1581

247 1702 268 1728 P
296 1702 394 1729 Carmi-

247 1746 310 1770 nata
320 1745 385 1771 visit

247 1783 379 1810 Provinci-

248 1831 289 1848 am
297 1831 396 1849 succes-

249 1868 290 1887 sor
305 1861 395 1895 Magii.

247 2489 358 2523 Campa-

247 2536 296 2554 nus
308 2536 391 2555 succe·

847 604 1611 641 LITUANtOARUM

1071 719 1282 748 SOClETATlS
1304 721 1389 750 JESU

664 821 1792 920 HISTORIARUM

910 1010 1153 1054 LIBER
1206 1011 1554 1054 TERTIUS

1115 1120 1339 1160 (1580-1590.)

1135 1241 1328 1259 2--09040-

523 1509 594 1544 divi
613 1508 768 1554 parentis
787 1509 896 1543 nostri
916 1509 1045 1555 Ignatii
1069 1521 1111 1544 ex
1129 1509 1195 1543 hae
1214 1509 1285 1543 vita
1315 1507 1360 1542 ad
1378 1507 1517 1543 beatam
1547 1507 1844 1543 immortalitatem
1874 1511 2043 1545 transitus

524 1571 733 1612 celebratur,
767 1581 859 1605 anno
883 1571 975 1606 1580
1006 1583 1048 1606 ex
1080 1571 1251 1607 militante
1283 1571 1458 1606 Societate
1489 1569 1680 1609 translato,
1715 1569 1882 1605 suffectus
1915 1577 2041 1617 quarta

420 1633 579 1681 generali
598 1632 878 1679 Congregatione
899 1632 1065 1667 Claudius
1095 1632 1291 1678 Aquaviva.
1322 1634 1512 1679 Negotium
1534 1634 1609 1680 ejus
1637 1638 1830 1669 conventus
1858 1635 1893 1670 X
1912 1636 2037 1672 kalen-

420 1698 482 1732 das
498 1696 607 1742 majas
626 1694 772 1729 feliciter
789 1694 995 1729 confectum.
1015 1695 1205 1730 Laurentio
1224 1695 1344 1742 Magio
1365 1697 1521 1731 Joannes
1541 1696 1753 1735 carminata,
1771 1696 1830 1742 qui
1850 1697 2036 1734 Lituaniea

423 1453 667 1580 EVERARDO
694 1445 929 1488 Mercuriano,
953 1447 1154 1493 Praeposito
1176 1446 1363 1481 Societatis
1385 1445 1556 1491 generali,
1585 1445 1753 1493 postridie
1772 1446 1846 1492 ejus
1866 1445 1947 1488 diei,
1975 1459 2042 1493 quo

420 1760 543 1795 viseret
567 1758 738 1804 Collegia,
761 1758 950 1799 suecessit3
972 1759 1267 1794 commemorabili
1286 1763 1319 1794 et
1334 1759 1408 1806 ipse
1427 1759 1557 1805 pietate
1576 1760 1641 1800 vir,
1663 1759 1869 1800 industrius,
1893 1772 1933 1795 ac
1953 1766 2039 1797 stre-

420 1834 522 1857 nuus.
544 1820 808 1856 Concionatoris
827 1831 970 1855 munere
991 1832 1101 1855 annos
1132 1821 1262 1867 plures,
1285 1822 1390 1857 etiam
1421 1833 1498 1856 eum
1530 1821 1772 1857 moderaretur
1807 1823 2036 1868 provinciam,

420 1884 558 1918 functus
576 1896 582 1917 :
605 1883 650 1918 ad
669 1882 935 1929 gubernandum
962 1880 1066 1929 plane
1086 1888 1200 1919 natus.
1232 1885 1312 1925 Hie,
1333 1885 1368 1919 in
1399 1883 1510 1918 officio
1529 1883 1734 1930 aliquandiu
1753 1885 1845 1931 apud
1866 1890 2040 1922 nostrates

420 1950 593 1985 versatus,
610 1946 630 1981 J
635 1957 783 1981 oannem
798 1945 947 1980 Paulum
968 1946 1195 1993 Campanum,
1214 1948 1396 1982 Possevini
1408 1946 1581 1987 comitem,
1599 1946 1644 1980 ad
1658 1947 1678 1981 J
1684 1958 1834 1982 oannem
1848 1947 2039 1983 Basilidem

420 2010 472 2045 M.
490 2010 681 2045 Moscoviae
701 2011 825 2045 ducem
853 2010 896 2044 ab
916 2010 1077 2045 Romano
1094 2010 1262 2045 Pontifiee
1278 2010 1416 2056 Legati,
1439 2022 1457 2045 e
1476 2010 1650 2045 Brunensi
1673 2011 1829 2057 Collegio
1857 2013 1911 2046 cui
1936 2013 2037 2048 Cam-

419 2083 532 2118 panus
565 2076 678 2107 rector
696 2076 858 2118 praeerat,
879 2077 1104 2119 assumptum,
1125 2074 1274 2108 Romam
1299 2084 1374 2107 cum
1394 2072 1522 2107 litteris
1548 2084 1570 2106 a
1589 2073 1769 2119 Stephano
1793 2074 1806 2108 I
1828 2073 2039 2109 Polonorum

420 2146 503 2180 rege
535 2139 569 2169 et
595 2145 616 2169 a
642 2134 739 2169 Duce
767 2134 970 2170 Moseorum
987 2135 1142 2171 Basilide
1168 2136 1212 2170 ad
1232 2134 1437 2170 Pontificem
1457 2135 1561 2176 datis,
1580 2139 1838 2181 properantem,
1856 2136 1890 2169 in
1915 2136 2040 2172 itinere

420 2196 585 2231 sustinuit
611 2209 617 2231 :
634 2197 710 2242 jam
725 2197 855 2232 scilicet
873 2209 1018 2233 romano
1050 2198 1195 2244 imperio
1217 2198 1413 2234 Lituanieae
1437 2200 1683 2246 Polonicaeque
1702 2200 1890 2247 provinciae
1902 2201 2040 2246 jussum

420 2259 627 2294 Praesidem.
649 2260 801 2306 Ancipiti
826 2261 1012 2296 distractus
1037 2261 1194 2302 consilio,
1225 2261 1406 2309 dubitabat
1426 2262 1636 2309 Campanus,
1660 2264 1694 2297 in
1726 2263 1862 2298 Italiam
1895 2265 2036 2300 nuntius

418 2333 535 2356 rerum
555 2322 861 2356 Moscoviticarum
882 2326 1057 2368 pergeret,
1076 2325 1224 2370 anjussi
1252 2326 1386 2359 romani
1413 2326 1467 2360 sui
1483 2326 1651 2360 Praesidis
1680 2326 1713 2359 in
1746 2327 1949 2372 regionibus
1977 2340 2037 2363 no-

419 2382 500 2417 stris
516 2382 700 2429 tantisper,
719 2384 799 2418 dum
815 2396 851 2418 se
870 2385 1033 2430 negotiis,
1051 2385 1131 2419 hine
1152 2385 1247 2419 illino
1275 2387 1476 2428 contractis,
1499 2387 1720 2433 explicasset,
1738 2387 1772 2421 in
1788 2388 1899 2422 officio
1920 2391 2038 2435 cogni-

418 2443 505 2478 toris
538 2455 652 2478 rerum
686 2445 951 2490 provincialium
980 2447 1170 2482 resisteret.
1194 2447 1355 2481 Eundnm
1375 2449 1492 2493 potius
1512 2450 1688 2495 Campano
1709 2450 1857 2484 Romam
1873 2452 2038 2486 censebat

420 2504 619 2551 Stephanus
638 2517 711 2547 rex,
751 2506 854 2552 idque
873 2508 945 2543 fore
972 2509 1048 2543 sine
1080 2508 1323 2549 incommodo;
1357 2510 1538 2545 visitatore
1570 2511 1703 2546 seilicet
1731 2511 1931 2548 Carminata
1957 2525 2036 2558 pro-
