2184 2953
438 296 495 327 122
802 298 1076 330 LITUANICARUM
1101 301 1311 330 SOCIETATIS
1333 301 1419 330 JESU
1441 301 1695 331 HISTORIARUM

265 381 347 448 ¹⁵³{9
437 394 483 432 et,
510 396 548 426 ut
565 391 700 438 quidvis
720 393 882 439 imperes,
907 398 1057 440 rogant:
1095 398 1129 428 et
1156 405 1257 428 casas
1277 405 1358 428 suas
1383 398 1419 427 ut
1447 394 1552 435 visas,
1580 394 1702 434 uthis,
1730 398 1767 428 ut
1789 394 1961 440 frugibus,
1981 405 2064 439 qua-

267 459 378 508 Derpati
437 467 514 489 rum
542 455 605 488 tibi
624 455 822 501 manipulos
846 457 881 490 in
917 456 1047 502 templo
1072 457 1177 491 etiam
1202 457 1359 491 certatim
1396 456 1557 497 offerent,
1579 465 1615 491 ut
1643 457 1790 491 stabulis
1814 457 1964 502 denique
1988 457 2061 491 suis

265 503 378 576 {23}ssssae
438 517 589 551 faustam
609 529 747 563 precem
771 518 965 564 impertias,
997 523 1198 564 precantur.
1223 518 1359 553 Placuit
1384 518 1429 552 ad
1459 518 1579 553 ludum
1617 519 1720 553 etiam
1752 519 1962 553 litterarium
1994 522 2067 553 tum

266 582 370 608 scholae.
440 578 599 625 Derpati,
626 583 699 614 tum
733 580 839 625 Rigae
861 580 1084 625 juventutem
1116 581 1314 615 convocari.
1352 580 1517 626 Plerique
1543 581 1789 615 haereticorum
1810 581 1913 615 etiam
1939 580 2003 614 filii
2032 581 2068 614 in

441 640 661 686 disciplinam
689 641 744 675 vel
763 653 784 675 a
804 642 1011 688 parentibus
1043 642 1098 677 vel
1117 654 1139 676 a
1166 642 1340 677 tutoribus
1367 643 1500 677 traditi.
1528 643 1697 689 Rigensis
1717 642 1867 688 Collegii
1884 642 2068 677 familiaris

440 714 498 737 res
525 707 628 737 aucta
652 703 789 737 duobus
822 704 967 749 praediis
991 704 1039 750 (1),
1074 709 1108 738 et
1139 716 1224 739 area
1256 708 1289 739 et
1313 705 1415 739 horto
1447 705 1539 738 intra
1559 705 1655 740 urbis
1692 705 1833 739 moenia.
1861 705 1900 739 In
1935 704 2069 750 praedio

441 764 568 799 Ablein
596 764 753 806 colonus,
790 777 899 800 verna
932 766 1125 812 improbus,
1160 767 1259 812 isque
1286 767 1499 812 magicarum
1532 767 1658 802 artium
1690 766 1882 813 plebeculae
1917 766 2072 801 seductae

269 864 296 890 'vl
316 864 340 885 α,
394 873 399 878 1
442 827 625 873 magister,
647 827 810 872 praetoris
831 827 971 862 decreto
991 828 1179 863 damnatus
1210 829 1254 863 ad
1283 841 1423 874 rogum,
1445 828 1571 864 adduci
1597 830 1692 864 nulla
1711 830 1847 864 ratione
1871 829 1983 875 potuit
2002 858 2009 871 ,
2036 833 2074 863 ut

269 872 397 931 ᾏῚὲζζῃξὲἶ
443 890 679 935 resipisceret.
712 890 759 923 De
783 893 856 924 toto
876 902 1023 936 corpore
1043 895 1165 925 exusto
1191 903 1252 925 cor
1271 891 1383 936 ipsum
1398 891 1570 937 reliquum
1590 892 1661 937 igni
1681 892 1837 926 consumi
1856 903 1925 926 non
1945 891 2070 937 potuit,

270 952 338 970 sum.
444 951 512 985 nisi
539 951 716 986 concisum
736 951 934 986 minutatim
980 953 1033 986 Ex
1062 952 1202 986 flamma
1221 958 1293 987 tam
1313 953 1504 987 enormiter
1530 953 1615 988 illud
1646 954 1853 988 intumuisse
1884 954 2009 995 visum,
2037 958 2075 987 ut

443 1014 557 1060 petasi
575 1017 732 1059 aequaret
746 1014 1039 1060 magnitudinem.
1061 1016 1281 1049 Incrementa
1309 1015 1459 1061 Collcgii
1486 1020 1519 1049 et
1538 1015 1731 1050 studiorum
1751 1027 1960 1061 progressus
1984 1015 2076 1050 ferre

442 1077 516 1123 jam
546 1089 612 1111 non
644 1080 809 1122 poterant
840 1078 1011 1118 haeretici,
1033 1078 1204 1112 ministris
1227 1078 1378 1112 maxime
1406 1078 1477 1112 suis
1503 1078 1752 1124 instigantibus
1773 1078 1992 1113 :maledictis
2025 1077 2077 1112 illi

332 1186 339 1188 ἤ
446 1139 595 1188 quietos,
628 1139 772 1174 famosis
812 1140 955 1181 libellis,
992 1144 1039 1181 et,
1066 1140 1319 1186 quibusquibus
1346 1144 1504 1185 possunt,
1523 1140 1658 1186 injuriis
1677 1140 1876 1182 lacessere;
1901 1141 1935 1175 in
1955 1140 2076 1187 primis

273 1192 370 1256 Riggnss
449 1202 663 1242 Lemkenus,
687 1202 945 1236 Lutheranicus
981 1214 1112 1248 praeco,
1148 1202 1296 1247 signifer
1315 1203 1356 1236 ad
1385 1202 1505 1236 turbas
1525 1202 1665 1236 ciendas
1685 1203 1950 1237 audacissimus.
1977 1203 2018 1237 In
2042 1203 2075 1237 id

275 1261 343 1325 ἓῐῖἷῃ
355 1260 408 1286 hae-
447 1269 541 1299 totus
559 1264 617 1299 ille
637 1276 714 1299 cum
733 1276 879 1299 suorum
899 1265 1117 1299 administris
1149 1264 1344 1299 facinorum
1364 1265 1533 1305 incubuit,
1555 1265 1701 1300 consilia
1720 1265 1900 1300 Sociorum
1921 1270 1958 1300 ut
1976 1266 2078 1300 dissi-

275 1308 387 1365 ’ῑῖὲξοω
447 1330 548 1373 paret
571 1326 700 1366 omnia,
720 1327 877 1372 nihilque
901 1326 984 1361 fidei
1005 1330 1038 1361 et
1053 1327 1287 1367 auctoritatis,
1303 1327 1396 1372 apud
1417 1327 1509 1362 cives
1523 1327 1597 1373 ι101111
1612 1327 1808 1361 rationibus
1828 1328 1965 1374 optimis
1986 1339 2078 1362 com-

276 1379 387 1405 multus.
450 1394 596 1436 paratae,
612 1388 724 1424 Sociis
738 1389 966 1434 relinqueret.
981 1388 1160 1424 Gliscente
1173 1401 1234 1435 per
1245 1389 1429 1423 factionem
1442 1389 1547 1430 malo,
1560 1401 1627 1424 11011
1647 1389 1853 1424 existimatio
1868 1395 2004 1425 tantum
2021 1402 2079 1425 no-

451 1456 616 1492 strorum,
631 1450 693 1486 sed
704 1451 829 1485 civium
846 1451 951 1485 etiam
964 1451 1072 1492 salus,
1085 1452 1269 1497 agebatur;
1286 1463 1392 1496 quare
1404 1451 1552 1497 Collegii
1566 1457 1680 1487 rector
1693 1453 1897 1488 Leonardus
1908 1453 2078 1488 Rubenus

451 1513 642 1548 monendos
656 1513 807 1547 civitatis
823 1513 1013 1558 magistros
1028 1513 1161 1558 putavit
1179 1526 1184 1547 1
1201 1528 1215 1541 u
1235 1513 1489 1553 meminissent,
1508 1514 1589 1559 quid
1605 1513 1647 1548 de
1662 1525 1698 1548 se
1714 1515 1790 1560 regi
1805 1514 1976 1555 Poloniae‚
1995 1514 2077 1560 quid

455 1592 469 1604 a<
493 1575 722 1621 gubernatori
755 1575 913 1609 Livoniae
946 1575 1125 1609 Radix-illo
1164 1575 1312 1621 principi
1343 1576 1581 1622 recepissent;
1617 1577 1815 1611 inhiberent
1842 1578 2079 1612 ministrorum

455 1654 470 1666 2-
493 1638 673 1672 audaciam
699 1649 840 1671 suorum
877 1637 962 1671 boni
991 1638 1085 1671 cives
1104 1637 1284 1671 commodo
1305 1649 1367 1671 suo
1392 1650 1398 1672 :
1418 1638 1538 1672 Socios
1569 1649 1631 1684 per
1650 1650 1713 1672 sua
1732 1650 1878 1674 munera
1910 1639 1978 1673 otio
2014 1639 2080 1673 frui

455 1716 470 1729 α
493 1700 661 1734 sinerent.
687 1718 702 1731 ε»
726 1700 808 1733 Non
845 1699 953 1734 defuit
973 1699 1111 1745 quidem
1131 1700 1290 1745 partibus
1322 1700 1394 1733 suis
1414 1700 1640 1745 magistratus
1664 1713 1669 1734 :
1693 1706 1813 1735 coacto
1845 1705 1936 1735 coetu
1963 1700 2082 1735 turbu-

453 1762 556 1797 lentis
574 1762 745 1807 capitibus
764 1762 973 1796 modestiam
1002 1773 1124 1796 severo
1152 1762 1319 1807 praecepit
1338 1761 1472 1802 edicto;
1503 1773 1621 1796 verum
1641 1763 1675 1796 id
1702 1763 1765 1797 suit
1785 1763 1972 1797 crabrones
2004 1762 2081 1796 irri-

294 1870 297 1876 ,
336 1869 365 1874 ..
453 1831 576 1862 tasse:
607 1825 719 1860 altero
752 1826 842 1860 enim
880 1829 958 1871 post
990 1825 1062 1866 die,
1099 1825 1212 1871 pridie
1245 1824 1373 1859 natalis
1409 1824 1620 1864 Salvatoris,
1658 1825 1768 1859 multa
1803 1825 2003 1860 Lemkenus
2038 1825 2083 1860 ad

282 1869 425 1935 {fiffissfssffi
454 1890 655 1924 concionem
684 1888 894 1923 declamavit
922 1888 1086 1922 nefanda.
1110 1888 1157 1922 Ut
1183 1892 1343 1933 correpta
1365 1898 1407 1921 ex
1426 1887 1519 1921 omni
1554 1887 1656 1921 trivio
1681 1892 1714 1921 et
1745 1899 1859 1933 ganea
1878 1888 1910 1921 in
1938 1887 2084 1922 catholi-

456 1965 514 1987 cos
547 1963 610 1987 sua
625 1952 782 1986 omittam
812 1951 977 1991 convitia,
1008 1962 1077 1985 non
1098 1955 1152 1985 est
1170 1951 1302 1985 veritus
1330 1961 1445 1996 praeco
1465 1949 1562 1984 illoto
1600 1962 1759 1985 sermone
1795 1951 1958 1985 Romana
1987 1962 2085 1985 sacra

456 2015 697 2050 contaminare
730 2013 843 2048 omnia
879 2026 885 2047 :
921 2014 1100 2048 Summum
1140 2012 1346 2047 Pontificem
1386 2012 1543 2046 conferre
1587 2024 1664 2046 cum
1707 2012 1936 2053 Antichristo,
1982 2016 2085 2057 atque

456 2066 800 2124 l‘iujus'Antichristi
844 2075 1045 2110 emissarios
1081 2079 1115 2109 et
1153 2075 1406 2120 antesignanos
1438 2085 1515 2108 esse
1549 2074 1715 2115 Jesuitas‚
1751 2085 1954 2119 germanam
1986 2074 2084 2108 sobo-

455 2139 524 2174 lem
549 2139 724 2185 Luciperi.
752 2154 766 2167 a
795 2138 849 2173 Ne
886 2138 1002 2172 vultus
1039 2149 1161 2172 eorum
1197 2137 1241 2170 ad
1275 2136 1486 2181 gravitatem
1520 2136 1691 2176 homines,
1721 2147 1764 2170 ne
1796 2147 1910 2170 mores
1945 2136 1989 2170 ad
2020 2136 2084 2170 hu-

460 2217 475 2230 e<
498 2202 701 2236 manitatem
746 2200 846 2235 fictos
895 2200 1108 2234 mirarentur
1145 2198 1381 2245 imprudentes
1414 2210 1420 2231 :
1460 2198 1602 2243 propius
1649 2198 1808 2232 homines
1855 2198 2081 2243 inspicerent,

463 2280 478 2292 α
501 2267 602 2309 atque
632 2263 667 2297 in
698 2263 846 2304 animos,
870 2274 956 2308 quos
979 2263 1051 2308 jam
1096 2264 1315 2307 penetrasset
1353 2260 1440 2305 ipse,
1474 2260 1730 2305 pervaderent3
1768 2260 1982 2305 perspecturi
2012 2265 2085 2294 tum

463 2341 478 2354 α
502 2326 678 2360 enimvero
698 2353 705 2365 ‚
758 2326 882 2371 quibus
912 2325 1042 2358 incauti
1087 2323 1197 2358 adhuc
1228 2322 1405 2367 magistris
1437 2322 1708 2362 auscultassent,
1742 2321 1962 2356 hortt‘tbatur.
2003 2321 2085 2355 Non

464 2403 479 2416 α
501 2388 631 2433 optime
653 2387 785 2421 civitati
806 2399 880 2421 sua}
903 2386 1121 2432 providentia
1140 2385 1233 2430 regis
1264 2383 1460 2418 consultum
1497 2395 1585 2424 esse,
1613 2383 1671 2429 qui
1696 2383 1898 2417 Moscovitis
1925 2383 2084 2417 hostibus

465 2464 480 2479 α
502 2450 718 2484 fortunarum
757 2448 924 2495 depulsis,
943 2449 1097 2494 ipsarum
1129 2445 1317 2493 perniciem
1342 2445 1578 2486 sanctitatum,
1612 2445 1767 2480 Jesuitas
1796 2444 1983 2479 intulisset.
2013 2444 2084 2480 Re-

504 2526 543 2562 (1)
569 2525 704 2554 Proediuni
722 2526 839 2553 alterum
853 2524 1060 2560 Agcrcetlarius
1076 2524 1190 2557 dictum,
1209 2523 1324 2550 alterum
1342 2521 1451 2550 Abit-in.
