2184 2953
231 386 294 412 1572

227 426 254 451 in
273 425 334 451 aula

227 468 319 502 Regia.

281 701 320 727 18.

222 740 350 767 Pultoviae

223 779 316 813 pestis.

225 945 324 971 Manna
346 945 372 971 S.

227 984 335 1011 Δηὼ-010

224 1024 358 1051 salutaris.

227 1076 289 1102 1573

282 1322 321 1349 19.

224 1359 346 1386 Valesius

224 1400 277 1426 Rex
293 1408 308 1426 a
324 1399 373 1426 Po-

224 1439 290 1465 lonis
309 1440 372 1466 elec-

223 1481 275 1506 tus.

281 2009 320 2034 20.

223 2049 306 2076 Vilnae
331 2049 369 2075 in-

224 2092 321 2118 stituta

225 2131 355 2157 Sodalitas

224 2172 249 2198 S.
258 2172 354 2198 cultrix

222 2211 373 2238 Eucharist.

222 2259 334 2285 Pietatis

222 2298 305 2324 officia
341 2299 368 2325 in

222 2335 350 2361 sodalitio

222 2375 348 2402 Vilnenis.

401 290 440 321 50
769 289 1044 318 LITUANICARUM
1069 288 1281 317 SOCIETATIS
1303 288 1388 317 JESU
1411 287 1664 315 HISTORIARUM

401 395 443 417 ex
468 382 564 416 obitu
586 381 706 416 fratris
726 381 779 416 sui
807 381 1025 427 Sigismundi
1052 381 1206 427 Augusti
1230 381 1326 427 regis
1343 380 1448 415 Anna
1466 379 1683 427 Sigismundi
1711 380 1725 414 Ι
1753 379 1838 422 filia,
1864 381 2026 427 princeps

401 443 586 479 Societatis
616 446 749 478 nostrae
780 444 1036 485 amantissima,
1063 443 1192 489 hospes
1232 443 1293 478 illa
1324 447 1397 477 tum
1430 442 1574 477 Plociate.
1597 443 1782 477 Solaturus
1822 446 2026 478 moerentem

399 506 553 541 Nuntius
580 505 731 540 Romani
756 505 938 540 Pontificis
957 506 1165 540 Vincentius
1185 505 1360 544 Porticus,
1383 503 1528 539 adduxit
1552 516 1592 539 eo
1617 505 1761 539 Petrum
1780 504 1932 550 Skarga.
1955 505 2028 540 Ad-

399 568 512 602 hibita
535 570 570 602 et
601 567 714 602 dolori
732 568 899 614 principis
921 567 1086 608 remedia,
1115 571 1147 601 et
1188 567 1279 601 aulae
1307 566 1417 612 regiae
1445 578 1550 612 opera
1582 567 1739 613 impensa
1762 566 1907 601 utiliter.
1932 566 2027 601 Alibi

397 642 460 677 per
490 629 526 664 id
551 633 688 676 tempus
723 630 835 665 Sociis
865 629 1070 665 exercendae
1105 629 1243 663 virtutis
1281 628 1500 663 occasionem
1532 628 1627 663 dedit
1661 628 1874 674 pestilentia.
1903 629 2026 675 Longe

397 692 538 738 lateque
556 692 686 727 malum
704 693 943 738 populabatur
975 692 1156 733 civitates3
1179 691 1292 737 major
1311 702 1414 736 quam
1433 690 1516 725 alibi
1543 695 1681 736 strages
1709 689 1802 724 edita
1822 690 1997 725 Pultoviae
2015 703 2022 725 z

397 754 503 801 plena
534 755 582 789 ibi
613 754 845 790 cadaveribus
877 754 1029 800 compita
1059 754 1196 800 vicique
1227 753 1343 788 subita
1374 756 1487 787 morte
1517 752 1772 798 perculsorum.
1795 752 1847 787 De
1866 753 2024 799 Collegio

398 829 488 852 unus
518 817 607 863 ipse,
647 816 786 863 adjutor
821 817 1091 851 domesticorum
1119 827 1277 862 operum,
1317 815 1427 850 frater
1459 815 1629 855 amissus3
1667 817 1812 849 caeteros
1840 815 1929 849 mira
1960 815 2026 850 Dei

398 879 602 926 benignitas
625 879 715 913 inter
734 879 859 914 funera
879 879 1032 914 servavit
1051 878 1257 913 incolumes.
1283 878 1516 912 Contraxerat
1534 877 1677 915 malum,
1699 876 1903 911 ministrans
1928 878 2024 923 oppi-

400 942 510 982 danis,
539 942 581 976 P.
604 941 773 976 Nicolaus
806 941 1086 983 Sendkovskius,
1111 940 1173 976 sed
1208 940 1350 975 morbus
1375 940 1541 986 depulsus
1558 944 1609 974 est
1633 940 1750 974 divino
1770 939 2022 980 medicamine;

398 1008 482 1051 potu
496 1004 621 1045 laticis,
644 1016 747 1050 quem
765 1015 892 1038 manna
911 1008 1049 1043 vocant,
1074 1003 1250 1038 manantis
1274 1014 1292 1037 e
1310 1002 1444 1037 tumulo
1461 1002 1541 1037 Divi
1560 1001 1727 1036 Andreae.

446 1066 630 1101 Varsaviae
657 1078 719 1112 per
746 1066 887 1101 comitia
910 1066 1093 1112 generalia
1123 1065 1215 1100 cives
1243 1065 1285 1099 de
1312 1077 1410 1111 rege,
1449 1076 1524 1099 suae
1551 1063 1775 1110 praeficiendo
1808 1063 2027 1110 Reipublicae

396 1127 689 1175 (quandoquidem
709 1128 814 1174 stirps
828 1128 1055 1174 Jagellonum
1076 1127 1269 1162 masculina
1284 1128 1318 1161 in
1333 1126 1495 1172 Augusto
1520 1126 1533 1159 I
1563 1125 1761 1171 defecerat),
1791 1126 2027 1171 praesentibus

397 1190 576 1237 pontificio
609 1190 772 1235 Gregorii
811 1190 916 1231 XIII,
949 1190 1111 1225 Caesareo
1144 1189 1390 1230 Maximiliani,
1430 1189 1578 1224 Turcico
1620 1188 1842 1234 imperatoris
1878 1188 2023 1235 Selymi,

400 1253 540 1288 Suetico
567 1256 601 1287 et
637 1251 832 1287 Galliarum
865 1252 998 1287 duobus
1038 1252 1146 1299 regiis
1181 1252 1321 1298 legatis,
1358 1251 1615 1298 disceptabant.
1655 1251 1836 1286 Consensu
1873 1250 2026 1284 omnium

400 1314 575 1350 Henricus
594 1314 771 1354 Valesius,
793 1314 1105 1360 Andegavensium
1139 1314 1314 1361 princeps,
1344 1314 1440 1359 regis
1464 1313 1659 1348 Galliarum
1683 1313 1804 1353 frater,
1831 1312 1876 1346 ad
1899 1312 2027 1347 solium

401 1376 613 1424 deposcitur.
632 1375 837 1422 Suffragata
851 1380 932 1411 sunt
951 1377 1106 1411 Hem-ico
1125 1380 1197 1411 tam
1211 1375 1311 1411 facile
1326 1376 1500 1422 promissa
1519 1375 1663 1410 Polonis
1679 1374 1866 1420 optabilia:
1892 1388 1908 1402 u
1927 1386 2028 1409 omne

403 1457 418 1471 a
441 1441 573 1476 scilicet
587 1440 741 1475 alienum
757 1453 819 1482 aes,
837 1441 977 1476 nomine
997 1442 1212 1476 Polonorum
1239 1453 1260 1476 a
1292 1441 1518 1487 sigismundo
1545 1440 1706 1485 Augusto
1734 1442 1962 1480 contractum,
1984 1451 2027 1474 ex

403 1518 418 1533 α
440 1503 691 1549 Andegavensi
728 1503 852 1538 aerario
885 1503 1171 1539 dissolvendum:
1202 1503 1444 1550 apparandum
1479 1503 1649 1537 adversus
1681 1502 1848 1537 Moschos
1880 1501 2023 1542 bellum,

401 1581 416 1595 α
440 1567 582 1612 suisque
609 1565 792 1600 Gallorum
820 1566 1005 1612 impendiis
1037 1565 1306 1601 sustentandum
1333 1579 1339 1600 :
1369 1565 1612 1612 recuperanda
1647 1565 1765 1599 omnia
1796 1576 1874 1610 quae
1908 1564 2026 1599 hostes

401 1644 416 1658 a
435 1629 580 1664 Polonis
600 1628 839 1663 ademissent:
861 1629 1010 1675 juvenes
1034 1641 1052 1664 e
1081 1632 1185 1675 gente
1208 1629 1370 1675 polonica
1398 1629 1534 1663 nobiles
1561 1632 1700 1663 0011111111
1729 1626 1963 1662 instituendos
1990 1626 2025 1660 in

401 1705 416 1720 α
435 1690 571 1737 gallicis
595 1689 805 1725 seminariis.
831 1707 846 1720 n
869 1691 889 1725 J
895 1691 1000 1725 oanni
1029 1691 1154 1726 Carolo
1178 1691 1421 1732 Chodkievicz,
1452 1691 1494 1724 de
1517 1691 1615 1737 cujus
1635 1690 1669 1723 in
1693 1689 1887 1724 Ecclesiam
1906 1689 2025 1722 catho-

398 1753 502 1788 licam
528 1756 671 1799 receptu
689 1752 847 1798 proxime
863 1754 1097 1795 narravimus,
1118 1766 1226 1788 unum
1245 1753 1425 1799 promissis
1454 1753 1614 1787 011111111113
1639 1755 1714 1786 erat
1736 1752 1852 1798 potius
1876 1764 1882 1785 :
1905 1762 2024 1797 regem

396 1815 528 1850 scilicet
542 1814 667 1861 patriae
687 1825 760 1848 suae
779 1826 822 1848 ex
837 1826 878 1849 ea
895 1815 1013 1849 offerri
1027 1815 1173 1857 familia,
1191 1827 1269 1861 quae
1284 1815 1465 1861 religionis
1481 1814 1663 1849 catholicae
1679 1817 1771 1848 esset
1785 1813 2022 1847 tenacissima.

395 1877 539 1914 Electus
571 1877 689 1922 itaquo
721 1876 941 1911 concorditer
967 1877 1143 1918 Valesius,
1174 1889 1371 1923 magnoque
1403 1877 1529 1911 civium
1559 1875 1674 1911 studio
1706 1886 1769 1921 per
1805 1875 1957 1920 Legatos
1980 1874 2025 1908 ad

398 1950 564 1974 coronam
583 1937 765 1972 invitatus.

448 2001 566 2035 Vilnae
584 2012 668 2036 cura
688 1999 785 2034 Petri
805 1998 945 2044 Skarga
964 1997 1145 2038 sodalitas,
1169 2009 1246 2043 (111εο
1268 1997 1398 2043 pietate
1411 1997 1589 2043 praecipua
1608 2000 1865 2034 sanctissimum
1885 2000 2023 2034 Eucha-

398 2063 509 2098 ristiae
528 2062 621 2097 colat
640 2065 911 2099 sacramentum,
934 2060 1112 2101 institut&
1134 2064 1229 2094 certa
1244 2059 1324 2094 huic
1340 2058 1431 2093 idem
1450 2060 1637 2106 privilegia
1662 2073 1683 2095 a
1715 2061 1806 2096 Sede
1820 2060 2024 2107 Apostolica

397 2137 459 2172 per
485 2124 697 2159 cardinalem
716 2122 1015 2159 Commendonum
1039 2122 1250 2168 impetravit.
1279 2121 1424 2156 Coivere
1448 2122 1482 2155 in
1508 2127 1637 2156 cretum
1668 2135 1746 2158 cum
1778 2127 1928 2169 praetore
1959 2134 2021 2157 3110

397 2188 524 2223 civium
559 2187 750 2227 lectissimi,
787 2197 849 2232 per
875 2185 1186 2220 commentationes
1221 2184 1330 2230 patris
1367 2184 1476 2218 nostri
1515 2185 1641 2229 Ignatii
1677 2185 1719 2219 ad
1754 2186 1899 2219 istorum
1930 2185 2022 2220 diem

397 2250 577 2284 initiorum
605 2249 767 2284 instituti.
799 2247 988 2283 Consulum
1007 2247 1164 2293 exemplo
1189 2246 1338 2281 excitata
1360 2246 1493 2292 plebes,
1523 2251 1557 2281 01
1580 2248 1654 2293 ipsa
1686 2247 1882 2282 sodalitatis
1909 2248 2021 2283 sacel-

394 2312 467 2347 lum
490 2311 736 2357 frequentare3
763 2310 878 2345 colere
897 2310 1089 2356 impensius
1113 2309 1332 2344 Salvatorem
1351 2308 1385 2342 in
1407 2320 1469 2343 3110
1500 2309 1685 2354 pendentis
1709 2321 1726 2343 e
1749 2321 1851 2344 cruce
1881 2309 2021 2344 simula-

394 2386 466 2415 cro,
491 2378 525 2409 et
548 2373 666 2407 divina
684 2372 816 2407 referre
835 2372 1022 2412 beneficia;
1050 2372 1264 2407 deferentem
1292 2371 1337 2405 ad
1356 2370 1492 2405 sodales
1521 2376 1674 2417 aegrotos
1699 2384 1836 2407 sacrum
1854 2372 2019 2406 viaticum

392 2440 492 2472 tanta
511 2435 728 2471 sacerdotem
752 2435 919 2469 assectari
942 2434 1151 2480 frequentia,
1178 2437 1215 2468 ut
1239 2433 1392 2467 virorum
1412 2438 1445 2467 et
1464 2433 1647 2467 muliorum
1672 2433 1872 2468 celebritate
1890 2433 2018 2479 plateae

393 2497 664 2543 complerentur.
696 2497 808 2542 AEgro
840 2497 884 2530 ab
920 2497 1036 2531 animo
1068 2500 1144 2531 erat
1175 2495 1398 2530 obtuentibus
1433 2495 1536 2530 istam
1567 2495 1820 2530 catholicorum
1848 2495 2016 2540 pietatem
