2184 2953
203 403 265 429 1610

262 442 294 467 38

200 481 344 508 Smolensci

197 527 327 553 Sociorum

198 567 325 594 domicili-

196 618 249 636 um.

256 656 287 681 39

196 697 280 722 Vilnae
293 697 331 722 in-

196 738 324 764 ccndium.

192 1476 323 1504 Beneficia

192 1517 320 1544 Constan-

191 1556 235 1582 tiae
254 1555 321 1588 regi-

191 1603 229 1621 na}
247 1596 274 1620 ct
287 1593 334 1619 ali-

191 1642 273 1660 orum.

191 1865 306 1892 Novitio-

192 1914 248 1931 rum
261 1907 343 1930 rector

192 1946 294 1971 Bccano

192 1985 308 2012 succedit

193 2024 329 2051 Bariilius.

192 2167 258 2194 Socii
285 2175 342 2198 pes-

194 2211 220 2234 tc·
233 2207 342 2234 sublati.

375 307 434 337 222
755 306 1029 335 LITUANICARUM
1054 306 1263 335 SOCIETATIS
1286 307 1371 336 JESU
1396 308 1649 337 HISTORIARUM

376 400 443 435 sita
457 403 510 434 est
524 399 615 439 urbs,
631 398 824 434 editissimo
844 398 991 433 coloniae
1006 399 1188 433 Sociorum
1208 399 1399 444 assignatae
1410 400 1454 434 ab
1466 399 1670 434 Alexandro
1691 398 1840 433 Corvino
1860 398 2005 432 Gosiev-

375 463 465 504 sitio,
484 461 804 497 Smolenscensium
822 461 978 507 palatino
1001 474 1006 495 :
1025 461 1191 507 templum
1210 462 1402 508 domusque
1426 460 1565 496 condita
1584 474 1589 495 :
1609 461 1793 506 sexaginta
1811 459 1887 505 agri
1898 460 2001 505 juge-

375 524 470 559 ribus
486 524 597 558 eidem
611 523 798 558 attributis.
817 522 933 557 Vilnae
951 522 1123 561 incendiO,
1147 526 1246 557 extra
1264 522 1407 561 moenia,
1430 522 1473 556 D.
1492 521 1660 567 Stephani
1675 520 1841 565 templum
1861 531 1996 559 versus,

375 585 459 620 hora
474 589 555 620 ante
574 584 754 620 meridiem
774 588 897 619 octava
912 584 1076 625 excitato,
1098 597 1179 631 pars
1195 586 1302 621 multo
1319 585 1429 631 major
1459 584 1610 618 civitatis
1636 584 1820 629 potiorque
1839 581 2001 617 kalendis

375 646 577 692 quintilibus
592 646 834 691 conflagravit.
859 646 1084 681 Communem
1099 647 1194 681 urbis
1210 647 1345 682 cladem
1361 658 1417 681 res
1436 646 1568 691 pariter
1588 649 1720 685 nostra,
1745 645 1879 679 exustis
1894 644 1997 679 colle—

375 709 423 755 gii
442 708 626 743 academici
642 712 676 743 et
699 708 909 741 novitiorum
924 707 1096 748 domibus,
1120 710 1266 755 accepit.
1289 708 1341 743 Eo
1361 709 1528 755 periculo,
1551 709 1628 754 jam
1648 708 1749 743 tectis
1774 707 1991 747 imminente,

373 771 512 805 domum
536 770 770 816 professorum
789 768 968 815 prohibuit
987 769 1094 810 Deus,
1124 781 1268 804 excusso
1300 775 1444 816 repente
1469 770 1584 804 nimbo
1604 782 1610 803 z
1633 781 1719 808 rem,
1755 776 1791 803 ut
1828 768 1998 803 creditum

372 838 437 874 est,
456 833 541 868 aedis
560 832 682 866 honori
701 843 762 866 suo
787 830 959 866 dedicatae
981 831 1068 865 Divo
1101 831 1271 866 Casimiro
1292 838 1515 878 protegente;
1550 832 1647 876 cujus
1675 831 1844 865 beneficio
1860 831 1995 876 regium

370 908 507 944 quoque
521 895 688 930 sacellum
704 906 817 934 suum,
835 894 877 928 ad
899 893 1010 928 cedem
1026 894 1105 928 Divi
1120 895 1287 929 Stanislai
1303 895 1470 941 episcopi,
1488 906 1566 928 cum
1581 893 1657 928 aliis
1678 897 1849 933 exustam,
1868 892 1998 938 pariter

368 962 625 995 conservatum.
644 956 865 1002 Consumptis
880 956 1042 990 incendio
1070 957 1174 992 rebus
1189 957 1330 1003 collegii
1348 955 1552 996 academici,
1583 955 1762 990 auditores
1778 954 1992 995 scholastici,

368 1020 524 1066 theologi
542 1019 753 1058 Nesvisium,
788 1018 987 1064 philosophi
1009 1019 1209 1055 Pultoviam
1241 1033 1319 1056 cum
1343 1020 1415 1054 suis
1434 1020 1567 1054 dimissi
1588 1019 1874 1065 praeceptoribus.
1898 1018 1995 1052 Tiro-

367 1097 448 1119 num
471 1084 593 1117 domus
625 1081 809 1121 maturius,
844 1092 948 1126 quam
979 1082 1045 1127 ipsi
1082 1088 1298 1129 sperassent,
1330 1096 1393 1119 sex
1423 1084 1562 1119 circiter
1587 1084 1759 1118 mensium
1792 1083 1992 1124 intervallo,

366 1152 530 1193 reparata
553 1158 560 1186 ;
591 1144 707 1178 divina
727 1143 944 1189 benignitate
977 1146 1125 1182 servulis
1145 1147 1218 1182 suis
1249 1148 1374 1193 stipem
1407 1147 1614 1181 mirabiliter
1644 1146 1836 1181 offerente:
1861 1151 1897 1180 ut
1924 1150 1995 1180 tum

365 1207 503 1247 accidit,
541 1217 618 1240 cum
650 1205 700 1239 rei
729 1205 883 1239 curatori
916 1207 1143 1252 coqufflariae,
1174 1220 1303 1253 paucos
1338 1208 1535 1242 nummulos
1563 1207 1608 1241 ad
1643 1206 1824 1241 macellum
1851 1206 1990 1247 ferenti,

364 1276 481 1316 atque,
499 1269 581 1315 quid
592 1268 659 1303 cibi
674 1268 784 1303 Sociis
799 1268 881 1302 dato
896 1268 1023 1303 triente
1038 1274 1142 1310 emat,
1161 1270 1323 1310 sollicito,
1342 1270 1557 1316 marsupium
1572 1269 1689 1303 aureis
1706 1268 1854 1302 nummis
1866 1280 1988 1314 grave,

360 1336 437 1370 loco
460 1333 604 1368 offendit
630 1332 763 1378 pervio.
783 1332 920 1366 Intacta
934 1344 990 1367 res
1006 1332 1161 1378 praeconi
1183 1345 1191 1373 ;
1214 1333 1272 1378 qui
1292 1332 1470 1366 dominum
1489 1331 1533 1366 ad
1558 1343 1631 1366 rem
1646 1342 1744 1366 suam
1760 1342 1821 1376 per
1836 1330 1957 1364 tubam
1972 1341 1990 1365 e

358 1397 523 1444 praetorio
544 1395 743 1433 advocaret,
782 1395 959 1440 subjecta;
986 1394 1125 1429 nemine
1157 1395 1222 1428 sibi
1259 1406 1335 1429 eam
1375 1394 1586 1433 vindicante,
1622 1392 1748 1433 eidem,
1784 1392 1839 1426 cui
1868 1392 1991 1426 divino

358 1458 526 1493 beneficio
551 1457 585 1491 in
600 1468 684 1491 usus
704 1456 822 1491 oblata
836 1457 911 1496 t'uit,
934 1456 1052 1491 domui
1071 1456 1246 1490 restituta.
1270 1455 1449 1502 Spectavit
1463 1454 1621 1489 dolenter
1636 1455 1732 1489 urbis
1758 1454 1893 1489 cladem
1913 1466 1986 1488 suae

358 1519 561 1556 Constantia
580 1518 705 1564 regina
729 1529 807 1551 cum
834 1517 996 1563 privigno
1016 1530 1078 1553 suo
1108 1518 1264 1564 principe
1282 1517 1464 1552 Vladislao
1487 1529 1492 1551 :
1513 1517 1678 1551 miserata
1706 1516 1867 1562 inprimis
1895 1516 1982 1550 tiro-

356 1596 438 1619 num
456 1586 656 1617 nostrorum
671 1581 836 1626 inopiam,
870 1591 1026 1614 annuum
1059 1591 1077 1613 e
1098 1579 1328 1625 vectigalibus
1343 1579 1416 1614 suis
1442 1579 1589 1613 reditum
1617 1584 1750 1613 certum
1770 1578 1950 1613 constituit
1973 1591 1980 1619 ;

359 1646 418 1693 qui
432 1646 473 1680 ad
492 1655 622 1679 annum
641 1643 745 1683 1631,
764 1654 963 1688 supremum
977 1640 1143 1688 principis
1164 1641 1338 1676 munificae
1358 1648 1508 1688 tempus,
1535 1646 1736 1677 constanter
1752 1642 1982 1688 pendebatur.

358 1708 413 1743 Ad
437 1705 638 1741 sarciendas
672 1704 827 1750 ejusdem
860 1704 983 1738 domus
1018 1703 1138 1737 ruinas
1169 1703 1365 1749 complures
1401 1704 1461 1739 alii
1494 1716 1577 1751 opes
1608 1705 1786 1740 contulere
1815 1716 1897 1739 suas
1921 1718 1927 1739 :
1950 1706 1984 1739 in

360 1769 481 1818 primis
495 1767 656 1802 Andreas
676 1766 825 1805 Bobola,
852 1766 1090 1812 regundorum
1105 1765 1225 1799 finium
1246 1767 1347 1812 regni
1362 1767 1559 1813 praefectus,
1579 1767 1664 1808 sive,
1689 1773 1724 1802 ut
1744 1772 1882 1808 vocant,
1902 1768 1984 1802 Suc-

362 1830 577 1868 camerarius
597 1828 764 1863 Nicolaus
783 1828 980 1868 VVolskius,
1012 1827 1159 1873 polonus
1183 1839 1289 1873 eques
1313 1841 1317 1859 :
1338 1828 1535 1863 Stanislaus
1556 1829 1855 1874 VVilczopolskius
1886 1841 1990 1864 cano-

365 1895 462 1929 nicus
480 1891 672 1926 Vilnensis.
691 1889 1000 1925 Convalescentem
1015 1894 1189 1935 utcunque
1217 1889 1358 1924 domum
1390 1897 1503 1925 rector
1534 1891 1687 1925 Michael
1708 1891 1868 1926 Becanus
1898 1903 1990 1925 anno

368 1959 517 1991 exeunte
542 1953 680 1999 reliquit
707 1951 973 1998 gubernandam
1006 1952 1197 1986 Laurentio
1224 1952 1386 1993 Bartilio,
1426 1953 1499 1998 ipse
1518 1952 1563 1986 ad
1591 1952 1741 1987 officium
1779 1951 1935 1998 theologi
1955 1952 1990 1986 in

368 2018 450 2053 aula
481 2016 578 2062 regia
608 2015 804 2049 faciendum
841 2026 858 2048 a
890 2014 1117 2059 Sigismundo
1153 2019 1310 2049 vocatus.
1346 2014 1374 2047 Ε
1411 2013 1568 2059 Collegio
1598 2014 1816 2049 Pultoviensi
1837 2014 1990 2060 ingressi

369 2079 592 2116 mortalitatis
622 2078 713 2112 iter:
734 2077 911 2111 Martinus
942 2076 1208 2117 Rohalinensis,
1249 2080 1320 2111 tres
1352 2080 1386 2111 et
1413 2076 1557 2122 triginta
1590 2088 1703 2111 annos
1734 2077 1860 2122 partim
1885 2077 1990 2117 domi,

369 2142 495 2190 partim
528 2141 561 2174 in
581 2139 705 2174 castris
725 2138 941 2184 Sigismundi
963 2138 1013 2173 ΙΙΙ
1038 2139 1233 2172 animorum
1263 2142 1481 2184 procurator,
1508 2138 1606 2172 verbi
1641 2138 1750 2172 divini
1786 2150 1900 2184 praeco
1921 2139 1993 2173 exi-

369 2205 458 2240 mius
481 2216 487 2237 ;
507 2215 525 2237 e
549 2201 769 2236 Nesvisiensi
797 2200 973 2235 domicilio
1000 2200 1167 2235 Albertus
1186 2200 1355 2240 Avianus,
1377 2200 1429 2233 vir
1457 2199 1622 2234 salutaris
1641 2199 1727 2234 lucri
1747 2211 1809 2246 per
1823 2200 1992 2245 apostoli-

368 2279 427 2303 cos
445 2266 582 2301 labores
601 2264 835 2310 percupidus:
860 2263 1016 2297 Mathias
1049 2262 1246 2303 Galminus,
1276 2266 1391 2296 rector
1424 2274 1533 2308 nuper
1562 2262 1801 2297 Nesvisiensis
1829 2262 1988 2308 Collegii,

367 2330 576 2378 prudentiae,
598 2329 818 2368 constantim,
845 2341 921 2363 cum
940 2328 1143 2374 integritate
1166 2338 1200 2362 et,
1220 2328 1452 2362 submissione
1467 2328 1574 2362 animi
1594 2330 1802 2374 conjunctae,
1825 2329 1989 2364 laudibus

368 2398 512 2429 ornatus
535 2405 541 2427 z
564 2403 583 2426 e
602 2391 776 2426 domicilio
798 2391 956 2425 Vilnensi
983 2391 1028 2425 ad
1059 2390 1138 2425 Divi
1169 2390 1330 2424 Casimiri
1360 2390 1431 2424 PP.
1456 2390 1630 2436 Georgius
1658 2391 1862 2432 Vondemu,
1884 2396 1990 2437 gente

368 2457 557 2495 Prutenus‚
580 2458 614 2489 et
640 2454 797 2488 Adamus
832 2453 1031 2488 Martianus
1050 2453 1086 2487 in
1106 2452 1271 2487 Lituania
1304 2457 1419 2486 natus.
1451 2452 1589 2487 Primus
1619 2453 1757 2495 horum,
1782 2454 1912 2489 exactis
1927 2454 1989 2489 LV

368 2518 494 2556 aetatis,
518 2516 628 2551 XXX
648 2516 733 2562 ipsis
761 2514 795 2549 in
823 2515 999 2550 Societate
1031 2515 1146 2555 annis,
1168 2514 1251 2548 alibi
1279 2517 1524 2549 veteranorum
1551 2519 1679 2555 rector,
1702 2515 1852 2550 tironum
1873 2516 1989 2552 Socie-
