2184 2953
238 388 301 415 1572

235 1550 381 1577 Varsevicii

233 1598 310 1624 opera
322 1599 380 1617 con-

233 1632 301 1658 versi
329 1632 380 1659 hae-

235 1671 320 1697 retici.

282 2383 309 2408 14
316 2401 320 2406 .

232 2421 319 2448 Caroli

231 2460 250 2486 C
255 2460 360 2487 hodkie-

233 2497 293 2524 vicii
311 2497 377 2524 redi-

407 290 447 322 48
785 290 1056 320 LITUANICARUM
1081 290 1294 320 SOCIETATIS
1317 291 1402 321 JESU
1426 291 1677 320 HISTORIARUM

405 382 484 424 bus,
503 382 694 429 cupiditate
712 383 918 419 insatiabili.
940 383 1033 418 Illud
1052 383 1190 424 mirum,
1209 383 1258 418 sic
1273 383 1334 418 illa
1349 394 1434 418 nece
1451 382 1619 417 attonitos
1640 382 1675 416 in
1694 382 1890 428 frequentia
1907 384 2028 430 populi

405 455 535 490 magna
552 445 661 480 fuisse
680 456 812 486 omnes,
835 449 873 480 ut
891 457 934 480 ne
948 444 1100 480 clamore
1115 445 1254 491 quidem
1274 446 1365 480 ullus
1384 444 1593 479 homicidam
1608 443 1821 489 sacrilegum
1837 446 2025 491 exceperit.

406 506 552 540 Patrata
566 518 663 548 nece,
685 506 776 541 latro
795 507 903 541 tradit
922 518 959 541 se
978 507 1053 553 ipse
1071 507 1266 542 lictoribus.
1290 508 1328 542 ln
1345 506 1537 552 quaestione
1561 506 1688 546 fassus,
1707 505 1850 540 inductu
1865 507 2027 553 aethiopis

404 568 550 604 tartarei
569 573 602 604 et
621 581 764 604 suorum
791 581 828 604 se
848 569 1034 615 impulsum
1062 580 1140 604 esse
1166 568 1411 615 magnitudine
1425 572 1667 614 peccatorum3
1690 567 1815 614 quibus
1845 569 2027 615 expiandis

402 631 559 668 remedia
576 644 698 667 vecors
714 635 845 678 septem
860 632 987 666 abhinc
1002 631 1190 677 decemque
1205 643 1316 666 annos
1336 630 1563 676 neglexisset.
1582 631 1790 677 Compactus
1811 630 1846 664 in
1867 636 2028 677 ergastu-

403 693 489 735 lum,
518 694 593 740 ipse
619 705 755 740 quoque
775 694 946 728 scelerum
965 697 1150 727 accusator
1178 705 1320 727 suorum
1348 697 1381 727 et
1394 692 1516 738 judex,
1547 692 1722 734 monebat,
1753 696 1858 738 atque
1877 693 2028 740 rogabat
2063 740 2068 745 μ

405 756 523 796 etiam,
542 768 585 791 ne
612 756 679 790 sibi
697 760 900 802 parceretur
930 768 936 789 :
963 770 978 784 e<
1001 755 1134 789 nullum
1154 766 1231 789 esse
1258 766 1370 800 genus
1390 754 1561 800 supplicii,
1592 754 1685 800 quod
1703 766 1765 789 suo
1784 755 1910 790 merito
1937 756 2028 791 foret

408 834 423 848 a
444 818 625 860 acerbius;
649 830 755 853 unum
770 829 807 852 se
823 829 937 858 orare,
956 816 1149 851 sacerdotis
1168 817 1344 858 catholici,
1364 828 1430 862 quo
1445 817 1616 862 magistro
1636 821 1671 851 et
1698 822 1845 862 patrono
1873 818 2027 853 divinam

406 881 610 916 conciliaret
628 880 862 920 clementiam,
881 879 995 925 copiat
1010 878 1123 914 fieret.
1141 896 1156 911 υ
1175 879 1283 914 Forte
1298 879 1416 913 nescio
1436 879 1564 918 evenit,
1582 890 1625 913 an
1650 879 1796 914 consilio
1828 880 1970 921 factum,
1992 885 2029 915 ut

407 944 634 978 concionator
647 942 739 977 idem
755 942 893 976 oblatus
908 942 953 975 sit
971 952 1031 975 reo
1051 940 1096 975 ad
1112 952 1231 975 necem
1250 941 1495 987 praeparando.
1515 941 1691 987 Quidquid
1705 941 1870 976 salutaris
1890 943 2027 977 consilii

405 1010 575 1052 praestare
606 1009 744 1051 poterat
774 1005 915 1045 misero,
950 1014 1081 1049 magna
1117 1003 1176 1037 ille
1207 1003 1379 1038 charitate
1411 1003 1567 1037 exhibuit
1601 1003 1647 1037 ad
1682 1015 1881 1050 supremum
1918 1017 2027 1051 usque

404 1071 541 1114 tempus
561 1067 735 1114 supplicii.
753 1067 939 1102 Decretum
967 1065 1089 1100 mortis
1117 1076 1198 1099 reus
1218 1065 1352 1111 excepit
1371 1065 1494 1111 plenus
1522 1065 1651 1107 animi,
1674 1065 1755 1111 quin
1777 1078 1795 1100 e
1808 1066 1908 1101 ferali
1924 1067 2027 1101 etiam

405 1134 569 1176 pegmate
587 1134 751 1165 contenta
765 1141 849 1164 voce
863 1129 1024 1163 hortatus
1045 1131 1097 1162 est
1124 1127 1289 1173 populum
1312 1139 1318 1161 :
1342 1138 1404 1161 suo
1420 1127 1586 1161 mortales
1602 1127 1694 1162 docti
1709 1132 1874 1174 saperent
1889 1129 1994 1163 exitio
2017 1142 2024 1163 2

409 1206 424 1221 κ
446 1192 693 1238 homologeses
722 1202 854 1231 sacras,
873 1190 1062 1225 maximum
1082 1189 1206 1224 salutis
1233 1188 1437 1230 remedium,
1456 1201 1499 1223 ne
1531 1189 1769 1235 imprudentes
1789 1191 2023 1237 negligerent.

408 1268 423 1282 α
447 1254 656 1289 Sacerdotes
687 1266 749 1300 pro
782 1253 848 1288 Dei
874 1252 1044 1286 ministris
1075 1251 1248 1286 haberent
1274 1256 1519 1297 amarentque3
1549 1251 1652 1285 aliter
1688 1252 1872 1298 graviores
1903 1253 2024 1294 multo,

407 1330 423 1344 α
445 1327 545 1361 quam
564 1315 697 1350 subiret
716 1316 803 1361 ipse,
821 1314 965 1348 daturos
993 1325 1115 1359 poenas
1135 1313 1458 1359 divi11aejustitiae.„
1480 1312 1604 1347 Multis
1618 1313 1655 1347 id
1673 1314 1821 1360 exempli
1837 1314 1966 1361 profuit
1982 1316 2027 1350 ad

404 1381 581 1424 receptum
599 1389 621 1412 a
639 1377 741 1412 malis
759 1377 841 1411 vitae
873 1375 1040 1416 consiliis,
1064 1375 1282 1410 diversarum
1301 1375 1405 1409 etiam
1437 1379 1611 1410 sectarum
1629 1376 1843 1411 hominibus.

453 1439 684 1474 Emerserunt
701 1438 783 1473 inde
810 1437 1020 1483 complures,
1043 1442 1076 1471 et
1103 1437 1148 1471 ad
1166 1437 1302 1483 frugem
1329 1448 1366 1471 se
1398 1441 1606 1483 receperunt
1630 1437 1771 1479 bonam,
1794 1438 2024 1473 adlaboraute

404 1501 437 1535 iu
453 1501 574 1547 primis
590 1500 711 1535 eodem
725 1499 943 1535 Varsevicio.
961 1499 1076 1545 Hujus
1092 1510 1199 1545 opera
1213 1498 1360 1534 subinde
1375 1503 1513 1533 centum
1528 1499 1676 1545 amplius
1691 1499 1736 1534 ad
1750 1500 1923 1535 Romana?
1937 1512 2027 1535 com-

403 1563 603 1597 munionem
629 1562 797 1597 Ecclesiae
816 1561 966 1601 rediere,
996 1561 1100 1607 inque
1119 1561 1189 1596 illis
1217 1560 1399 1595 nobilitate
1418 1561 1522 1595 etiam
1542 1562 1684 1607 generis
1699 1561 1870 1608 insignes.
1888 1563 2025 1597 Praeter

402 1625 490 1659 alios
510 1624 652 1659 Ulricus
668 1624 812 1665 Hosius,
831 1624 933 1658 Hosii
948 1623 1145 1658 Cardiualis
1160 1622 1378 1657 Varmiensis
1398 1623 1551 1668 episcopi
1579 1635 1769 1669 germanus
1783 1624 1913 1665 frater;
1935 1624 2028 1670 quod

403 1686 508 1720 nullis
522 1686 637 1721 adhuc
652 1685 739 1720 effici
756 1686 868 1731 potuit
886 1685 1042 1720 consiliis
1061 1698 1067 1719 2
1090 1684 1354 1732 Bystrzycensis
1370 1685 1452 1718 item
1470 1684 1669 1731 praefectus,
1693 1685 1866 1731 dignitate
1886 1686 1938 1719 vir
1956 1686 2028 1732 pol-

401 1747 477 1783 lens
501 1751 535 1783 et
550 1748 687 1794 opibus,
709 1748 758 1782 sic
784 1759 806 1782 a
824 1747 1006 1782 catholicis
1042 1747 1281 1782 sacerdotibus
1308 1747 1486 1793 hucusque
1513 1747 1661 1789 alienus,
1697 1752 1734 1781 ut
1757 1759 1875 1782 eorum
1906 1748 2028 1782 fortui-

400 1814 473 1844 tum
488 1810 593 1845 etiam
613 1821 796 1844 occursum
814 1809 1088 1844 abominandum
1108 1813 1258 1855 putaret.
1291 1808 1417 1843 Incidit
1435 1808 1494 1843 ille
1526 1809 1560 1843 in
1589 1809 1748 1843 morbum
1767 1809 2000 1845 insanabilem
2016 1824 2023 1851 ;

400 1872 557 1918 nihilque
584 1872 726 1918 propius
747 1872 883 1912 aberat,
914 1883 1017 1918 quam
1036 1871 1187 1906 animam
1208 1875 1245 1905 ut
1259 1875 1393 1916 ageret.
1424 1871 1653 1906 Deficientem
1673 1872 1802 1907 excitat
1834 1872 1879 1907 ad
1907 1884 2026 1918 supre-

400 1945 491 1969 mam
519 1934 648 1980 utique,
667 1935 748 1969 dum
774 1934 908 1975 liceret,
939 1934 1063 1968 salutis
1091 1938 1234 1968 aeternae
1261 1944 1379 1967 curam
1406 1933 1687 1968 Varszevickius.
1720 1934 1840 1969 Valuit
1869 1935 2025 1969 suasoris

401 1997 526 2031 oratio.
548 1996 812 2031 Reconciliatur
842 1996 947 2030 homo
976 1996 1049 2030 Deo
1077 2000 1111 2030 et
1137 1995 1320 2030 Ecclesiae.
1352 1996 1427 2033 Quo
1455 2007 1492 2029 se
1519 1995 1565 2029 ad
1592 2000 1752 2035 mortem,
1783 2001 1817 2031 et
1844 1996 2026 2031 dicendam

400 2070 499 2094 suam
529 2059 623 2105 apud
647 2058 803 2105 judicem
834 2069 1034 2104 supremum
1058 2069 1201 2092 causam
1220 2057 1416 2091 accuratius
1443 2065 1673 2104 compararet,
1702 2059 1861 2093 inducias
1890 2059 2025 2093 dierum

400 2119 597 2166 quindecim
628 2119 835 2154 moribundo
867 2119 959 2154 idem
990 2119 1149 2154 hortator
1180 2118 1333 2153 creditur
1373 2130 1393 2153 a
1420 2119 1494 2153 Deo
1527 2120 1746 2165 impetrasse.
1778 2121 1902 2167 Neque
1929 2132 2026 2166 aeger

400 2181 526 2217 deinde
546 2181 611 2216 sibi
639 2181 777 2216 defuit:
800 2186 872 2216 toto
900 2181 959 2215 illo
988 2181 1120 2227 reliquo
1140 2185 1296 2227 tempore
1327 2180 1383 2226 pie
1415 2184 1550 2221 exacto,
1573 2181 1691 2216 multis
1724 2182 1827 2217 rebus
1859 2183 1893 2215 in
1925 2182 2024 2216 fami-

401 2244 467 2279 lias
485 2244 672 2290 religiosas
693 2243 902 2283 distributis,
922 2243 1125 2278 confirmata
1145 2255 1206 2289 spe
1225 2243 1268 2277 de
1296 2243 1408 2277 salute
1431 2254 1494 2277 sua
1521 2247 1668 2286 (eterna,
1691 2244 1805 2279 desiit.
1824 2244 1888 2278 His
1916 2243 2024 2278 multo

401 2307 480 2353 plus
498 2306 646 2346 laetitiae,
663 2305 848 2347 commodi,
880 2308 913 2340 et
941 2306 1136 2340 ornamenti
1156 2304 1358 2351 reipublicae
1377 2305 1494 2339 attulit
1524 2305 1569 2339 ad
1597 2306 1791 2340 Ecclesiam
1818 2306 2025 2341 catholicam

402 2368 535 2403 reditus
554 2368 575 2403 J
580 2368 703 2403 oannis
723 2367 839 2402 Caroli
871 2367 1126 2408 Chodkiewicz‚
1145 2367 1297 2413 supremi
1324 2370 1395 2400 tum
1423 2367 1456 2400 in
1479 2366 1644 2402 Lituania
1674 2367 1909 2408 mareschalli,
1934 2380 2024 2413 prae-

402 2430 482 2465 fecti
498 2429 1021 2476 Samogitiee,administratoris
1036 2429 1206 2464 Livoniae.
1229 2428 1320 2463 Huic
1339 2428 1564 2463 Varsevicius
1584 2441 1651 2463 non
1672 2430 1774 2464 modo
1804 2434 1905 2463 notus
1933 2434 2019 2467 erat.

405 2491 467 2527 sed
486 2492 664 2538 praecipua
679 2492 783 2526 etiam
802 2491 1039 2526 familiaritate
1058 2492 1262 2537 conjunctus
1278 2502 1319 2524 ex
1335 2502 1375 2524 eo
1396 2491 1469 2535 jam
1489 2494 1726 2536 temporequo
1746 2491 1861 2529 ambo,
1873 2492 2022 2537 juvenes
