2184 2953
603 293 708 321 tumr.
733 291 900 326 Quffl'rus
930 288 1145 329 (1590-1600).
1565 283 1567 285 '
1653 287 1709 319 187

97 398 208 432 eoque
232 397 442 432 progressus
466 391 529 427 est,
552 390 587 420 ut
607 386 665 420 vix
692 389 795 420 noctu
820 388 973 419 cessaret
995 383 1050 418 vel
1073 382 1243 417 habendis
1264 382 1488 417 concionibus
1506 382 1562 417 vel
1580 382 1712 417 confes-

98 448 252 482 sionibus
282 447 516 493 excipiendis;
543 447 628 493 vigil
653 447 882 493 cupidusque,
905 446 933 479 si
962 456 1030 491 qua
1049 456 1128 490 spes
1151 444 1240 478 lucri
1269 443 1434 478 salutaris
1454 443 1649 479 offerretur.
1674 445 1713 479 In

98 509 272 544 haereticis
291 510 503 544 insectandis
519 510 567 543 ita
587 509 836 543 moderabatur
855 508 983 547 animo,
1002 511 1038 541 ut
1064 506 1149 552 ipsae
1177 506 1469 552 reprehensiones
1496 518 1582 548 suae,
1609 508 1712 542 vehe-

96 572 283 606 mentiores
313 572 417 606 etiam
447 571 529 611 illae,
552 571 682 605 blanda
704 570 864 617 quaedam
896 569 940 603 ad
967 580 1119 603 amorem
1150 568 1311 603 veritatis
1335 569 1458 615 cuique
1484 569 1712 604 invitamenta

97 644 173 667 esse
191 633 404 668 viderentur.
429 633 595 667 Libenter
615 633 732 678 itaque
748 643 925 667 sermones
940 631 983 665 de
1002 631 1171 676 religione
1187 642 1267 665 suos
1283 630 1534 676 exceptabant;
1556 630 1712 677 plerique

97 695 146 729 eis
166 694 326 735 convicti,
348 695 461 740 posita
488 695 716 735 contumacia,
741 694 908 739 magistro
926 692 1087 728 Veritatis
1115 704 1151 727 se
1171 692 1347 727 dedidere.
1376 693 1645 727 Commendatus
1669 693 1713 727 ab

97 756 289 790 illustribus
320 756 404 790 viris
437 757 513 801 regi
545 756 738 801 Stephano,
766 759 944 800 castraque
975 754 1074 800 regia
1097 758 1251 795 secutus
1273 757 1345 787 tum
1372 754 1521 799 principi
1547 765 1568 788 a
1594 754 1713 788 latinis

96 822 167 853 tuni
184 818 277 852 aulae
296 818 400 852 simul
419 829 439 852 a
458 818 627 864 polonicis
647 818 872 852 concionibus
889 817 964 852 fuit.
983 816 1123 852 Amavit
1142 817 1254 851 virum
1269 816 1449 862 optimum,
1462 828 1585 862 neque,
1601 816 1715 862 quoad

95 880 207 926 potuit
224 884 357 920 tenere,
380 892 401 914 a
420 892 457 914 se
477 880 608 914 dimisit
623 891 696 914 rex.
717 879 855 925 Oppida
868 880 972 925 hujus
996 879 1185 925 provinciae
1204 882 1238 913 et
1256 890 1381 924 pagOS,
1407 878 1531 912 salutis
1551 878 1714 913 humanae

96 942 223 983 studio,
252 941 380 976 docens
403 953 443 976 ac
463 942 662 987 praedicans
682 953 829 986 regnum
854 941 931 982 Dei,
956 941 1169 987 peragravit.
1200 940 1302 986 Rege
1330 940 1519 981 demortuo,
1535 940 1713 976 Cracoviae

96 1004 141 1039 ad
164 1004 200 1038 S.
222 1004 393 1038 Barbarae
411 1015 535 1037 munus
550 1003 787 1049 procuratoris
812 1003 907 1037 obire
919 1003 1055 1048 jussus,
1073 1002 1195 1037 eadem
1215 1014 1283 1048 qua
1302 1003 1406 1048 paulo
1426 1006 1508 1037 ante
1521 1002 1713 1048 gloriosum

98 1066 186 1112 regii
218 1065 369 1100 oratoris
401 1076 539 1105 munus,
563 1064 746 1099 alacritate
779 1065 953 1099 sustinuit.
986 1064 1213 1110 Leopolitano
1238 1064 1419 1100 Sociorum
1446 1064 1594 1110 collegio
1623 1068 1713 1099 totos

97 1131 226 1173 septem
245 1138 356 1160 annos
371 1126 529 1172 praefuit,
552 1126 766 1172 pulchreque
789 1126 963 1160 civitatem
989 1126 1083 1160 illam
1106 1126 1331 1160 concionibus
1362 1126 1434 1160 suis
1464 1126 1714 1172 industriisque

96 1189 274 1235 percoluit.
303 1189 405 1223 Illinc
423 1189 468 1222 ad
488 1192 605 1223 castra
628 1188 844 1233 Sigismundi
866 1188 959 1233 regis
975 1188 1162 1222 abeuntem
1189 1187 1362 1222 desiderio
1390 1192 1424 1222 et
1441 1188 1604 1235 lacrymis
1623 1189 1715 1224 cives

98 1263 173 1285 cum
210 1263 273 1286 suo
309 1251 571 1297 archiepiscopo
597 1251 638 1284 ad
669 1250 805 1285 leucam
836 1250 1027 1296 prosecuti.
1059 1250 1098 1284 In
1128 1250 1287 1284 Sueciam
1319 1249 1467 1290 delatus
1492 1262 1637 1296 corpore
1673 1263 1715 1286 ex

93 1313 286 1360 jactatione
308 1324 370 1358 per
389 1316 495 1347 aestus
514 1312 706 1347 maritimos
728 1312 879 1351 infirmo,
897 1312 977 1357 quia
997 1312 1109 1357 magis
1126 1312 1159 1345 in
1180 1312 1255 1346 dies
1275 1313 1482 1352 tabesceret,
1502 1313 1714 1348 medicorum

97 1376 255 1415 consilio,
282 1375 506 1415 valetudinis,
528 1386 605 1420 quae
632 1374 758 1409 coelum
782 1374 964 1408 Suecicum
991 1386 1056 1407 uon
1085 1374 1202 1414 ferret,
1230 1375 1430 1408 recreandae
1457 1387 1576 1415 causa,
1596 1376 1711 1410 remit-

100 1439 184 1472 titur
203 1438 237 1472 in
256 1437 452 1472 Poloniam.
473 1436 663 1483 Stegburgi
680 1437 730 1470 ΙΙΙ
753 1436 894 1470 kalend.
917 1437 1027 1470 octob.
1056 1437 1147 1471 1598
1167 1437 1368 1471 conscendit
1387 1438 1515 1472 navim,
1539 1439 1714 1475 Postridie

97 1511 117 1534 a
140 1500 261 1546 piratis
281 1499 456 1534 haereticis
484 1499 709 1544 interceptus,
739 1498 912 1543 rebusque
932 1497 1101 1544 spoliatus
1121 1499 1294 1539 omnibus,
1325 1499 1502 1534 crudelem
1521 1500 1557 1534 in
1575 1500 1715 1535 modum

97 1564 261 1596 vexatur.·
273 1560 372 1594 Nihil
392 1564 465 1594 tum
486 1560 642 1594 Martino
662 1560 822 1594 acerbius
838 1564 925 1597 erat.
943 1571 1046 1605 quam
1065 1560 1310 1594 haereticorum
1329 1560 1451 1596 audire
1475 1561 1662 1596 maledicta
1681 1562 1715 1596 in

98 1623 242 1664 coelites,
271 1623 305 1657 in
326 1622 520 1657 Ecclesiam
544 1622 764 1661 catholicam,
786 1623 819 1656 in
853 1623 984 1667 Papam
1008 1622 1204 1656 Romanum
1219 1623 1355 1668 jactata
1386 1623 1595 1669 petulanter.
1621 1625 1716 1660 Inter

98 1687 172 1720 haec
195 1687 302 1720 Pater
320 1696 462 1719 monere
480 1684 671 1719 maledicos
694 1697 700 1717 :
724 1684 904 1729 deprecari
938 1683 1090 1718 offensos
1122 1684 1320 1719 mortalium
1340 1684 1514 1720 dementia
1534 1697 1679 1732 superos
1706 1699 1712 1720 :

99 1747 303 1793 religionem
325 1746 532 1781 catholicam
557 1746 742 1781 defendere
771 1757 810 1779 ac
834 1746 1002 1792 profiteri.
1023 1747 1167 1791 Ignotus
1186 1746 1300 1780 adhuc
1326 1747 1390 1781 fuit
1410 1748 1560 1782 Laterna
1579 1748 1717 1783 Jesuita

100 1810 285 1845 haereticis.
304 1809 370 1843 Hic
392 1810 466 1855 J'am
491 1809 682 1854 cognitum,
706 1820 810 1842 uuum
834 1819 953 1842 omnes
974 1808 1133 1842 omnibus
1152 1807 1305 1843 lacerant
1328 1809 1465 1854 injuriis
1484 1821 1490 1843 1
1514 1809 1570 1844 hic
1589 1810 1717 1844 mucidi

100 1872 198 1918 panis
216 1872 328 1906 frusta
347 1872 410 1911 ori,
433 1871 559 1906 fustem
583 1871 640 1905 ille
664 1875 777 1916 tergo,
796 1869 961 1915 colaphos
982 1869 1141 1915 impingit
1159 1869 1266 1909 alius;
1290 1870 1379 1904 alius
1396 1871 1562 1904 cavillans
1583 1876 1712 1911 monet,

100 1935 282 1969 devoraret
300 1934 376 1968 hzec
400 1925 528 1971 omnia,
552 1945 628 1978 qua>
650 1934 683 1966 in
704 1944 740 1966 se
761 1933 973 1977 ingererent,
991 1931 1127 1966 abunde
1147 1944 1225 1966 mox
1245 1933 1436 1972 habiturus,
1458 1933 1548 1978 quod
1565 1934 1710 1969 biberet.

101 1994 292 2040 spoliatum
308 1995 455 2040 denique
473 1994 733 2040 laceratumque
751 1994 785 2027 in
800 1993 964 2039 scapham
980 1993 1180 2038 conjiciunt,
1199 1994 1422 2039 provectique
1442 1994 1476 2028 in
1495 1994 1602 2028 altum
1619 2007 1714 2041 spar-

100 2057 392 2101 gunt.Demersus
408 2059 460 2090 est
474 2068 564 2090 anno
575 2056 690 2091 aetatis
701 2056 813 2095 XLV,
826 2056 868 2090 ab
885 2056 970 2089 inita
982 2055 1157 2090 Societate
1169 2056 1325 2090 XXVII.
1337 2056 1489 2102 Accepto
1507 2059 1612 2093 caedis
1627 2071 1714 2094 nun-

103 2119 162 2159 tio,
181 2118 430 2164 Leopolitanus
445 2119 727 2164 archiepiscopus
747 2118 946 2153 Demetrius
963 2117 1206 2152 Solikovskius
1222 2117 1468 2163 interemptum
1479 2119 1522 2153 ab
1542 2120 1715 2156 haereticis

101 2181 178 2215 odio
193 2181 374 2226 religionis
392 2181 574 2215 catholicae
595 2181 737 2215 Patrem
760 2180 899 2226 publica
919 2181 954 2214 in
972 2179 1127 2225 exequiis
1150 2179 1307 2214 oratione
1334 2180 1540 2216 dilaudavit.
1559 2183 1714 2217 Laudem

103 2243 167 2277 viri
186 2244 351 2278 miraculo
370 2243 531 2290 probavit
551 2244 657 2278 Deus.
685 2244 835 2282 Quartus
855 2242 898 2276 ab
925 2254 966 2276 ea
985 2241 1080 2276 caede
1099 2241 1358 2287 circumagebat
1377 2253 1414 2276 se
1442 2254 1554 2278 annus
1582 2245 1712 2290 (1602),

103 2317 178 2340 cum
197 2306 322 2340 nobilis
344 2305 499 2340 Polonus
518 2305 730 2340 Laurentius
758 2303 1042 2341 Bien‹-·zovskius,
1072 2303 1233 2338 Suedicae
1262 2303 1344 2337 olim
1363 2305 1598 2351 navigationis
1619 2308 1713 2342 Patri

103 2379 228 2407 comes,
249 2371 282 2401 et
299 2379 439 2413 compos
455 2367 592 2402 interim
610 2378 857 2406 aerumnarum,
877 2378 897 2400 a
912 2366 1070 2400 Tartaris
1096 2365 1277 2401 Podoliam
1295 2367 1515 2402 vastantibus
1533 2369 1709 2415 abreptus.

102 2430 184 2464 Post
203 2430 349 2465 verbera
375 2433 409 2465 et
439 2430 611 2464 cruciatus
631 2430 759 2469 varies,
782 2430 847 2463 VII
865 2429 941 2463 idus
955 2427 1058 2473 junii,
1080 2428 1243 2462 revinctis
1259 2433 1337 2474 post
1353 2432 1491 2475 tergum
1510 2430 1555 2464 ad
1574 2431 1712 2476 plantas

104 2491 274 2532 manibus,
296 2495 368 2526 toto
396 2502 540 2536 corpore
571 2492 606 2526 in
641 2491 782 2537 globum
814 2493 985 2529 contorte,
1008 2500 1026 2523 e
1054 2488 1215 2534 longurio
1248 2501 1309 2535 per
1341 2490 1477 2524 foveam
1507 2491 1712 2526 transmisso

1774 386 1838 412 1598

1735 425 1800 459 Ejus
1831 433 1872 451 res

1742 466 1833 499 gestae.
