2184 2953
262 418 323 444 1657

305 456 337 482 26

256 495 392 522 Varmien-

256 535 325 561 sium
342 535 392 561 Re-

255 574 385 607 giomonti

255 613 384 641 illiberale

254 653 344 687 hospi-

254 692 332 719 tium.

251 1031 371 1059 Catholi-

251 1079 338 1098 corum
348 1073 396 1100 mi-

251 1119 293 1137 ser
316 1111 386 1139 inter

432 307 492 339 382
822 310 1094 341 LITUANICARUM
1118 312 1330 343 SOCIETATIS
1351 313 1437 343 JESU
1460 313 1711 344 HISTORIARUM

433 400 541 448 giosis
559 399 701 436 familiae
715 402 957 449 confugerant.
982 404 1080 440 Nulli
1098 404 1298 440 mortalium
1315 403 1413 439 locus
1432 404 1658 450 Regiomonti
1673 403 1855 450 angustior
1869 403 1933 438 fuit
1947 414 2049 450 quam

435 463 550 499 Sociis
572 477 578 499 :
600 464 637 500 in
651 464 792 501 civitate
816 466 979 502 videlicet
998 471 1102 502 sectae
1135 467 1209 513 jam
1230 467 1289 502 diu
1320 466 1469 502 atldictae
1490 467 1720 502 lutheranicae
1742 479 1749 501 1
1767 466 1858 501 inter
1871 466 2049 501 ministros

430 525 508 561 illos
528 526 763 573 praedicantes
785 532 819 563 et
837 529 1055 564 academicos
1077 530 1280 576 magistros,
1306 530 1435 576 scripto
1450 541 1561 576 nuper
1574 541 1596 564 a
1614 529 1744 564 nostris
1764 528 2044 575 commonitos(1).

431 588 470 625 In
500 593 655 635 egestate
674 589 722 625 ibi
743 590 884 626 exulum
901 591 1047 627 istorum
1067 596 1100 628 et
1121 593 1287 627 {erumnis
1304 593 1483 628 miseratio
1503 592 1612 633 nulla,
1645 592 1727 638 quin
1746 590 1929 626 acerbiora
1945 592 2049 626 etiam

429 651 533 686 exilio
554 651 714 696 dicteria,
733 652 819 695 ludi,
849 654 1001 700 injuriae.
1033 654 1085 689 Ibi
1111 655 1185 701 jam
1210 654 1321 690 nostri
1336 666 1403 689 non
1438 655 1587 701 papistae
1619 653 1734 694 modo,
1763 653 1907 699 aliisque
1932 653 2046 699 magis

428 713 632 760 vulgaribus
653 727 695 750 ex
715 716 927 751 contumelia
962 717 1241 763 cognominibus,
1273 718 1333 752 sed
1366 717 1529 763 Pagodes
1556 717 1661 752 etiam
1697 716 1864 762 Tssignei,
1896 715 2047 750 Lindani

429 775 582 812 cultores
601 777 686 812 idoli
705 777 838 823 (Beatae
853 778 984 814 scilicet
1014 779 1183 825 Virginis)
1215 779 1322 825 vulgo
1342 779 1498 815 vocitati.
1532 780 1622 814 Tum
1648 790 1731 814 vero
1751 778 1937 814 vexatione
1952 777 2045 812 omni

426 838 586 873 acerbius
610 843 697 882 erat,
729 839 847 875 videre
873 840 1012 882 multos,
1047 841 1211 876 incolumi
1242 853 1353 888 nuper
1393 842 1607 876 Polonorum
1642 841 1822 888 republica
1857 840 2046 876 catholicos

427 899 519 942 illos,
536 904 642 947 atque
661 901 749 936 adeo
769 902 988 948 professione
1001 904 1179 950 praecipua
1196 904 1374 939 ministros
1392 904 1470 945 Dei,
1493 904 1652 939 homines
1668 902 1837 943 initiatos,
1851 903 1926 949 jam
1944 901 2049 937 hodie

427 962 474 997 ad
496 967 627 998 sectam
640 964 808 1010 perfugas
826 964 1090 1007 lutheranicam,
1110 966 1146 1000 in
1159 966 1378 1001 contumeliis
1397 966 1525 1001 nostris
1540 970 1574 1001 et
1593 965 1729 1011 injuriis
1749 964 1923 1000 assentari
1936 964 2048 1000 haere-

427 1024 505 1060 ticis
520 1025 707 1061 serviliter.
737 1026 826 1062 Haec
840 1027 978 1074 aliaque
997 1027 1204 1063 detestanda
1224 1040 1331 1075 agere
1350 1040 1420 1064 non
1440 1028 1653 1063 verebantur
1672 1038 1748 1069 sua,
1772 1027 1955 1062 effraenata
1973 1027 2046 1072 qui-

427 1086 508 1121 dam
522 1099 584 1133 per
598 1088 829 1131 occasionem,
846 1089 992 1125 lascivia
1009 1103 1015 1125 2
1039 1089 1177 1136 quidam
1187 1102 1250 1137 per
1258 1090 1531 1126 imbecillitatem
1546 1090 1662 1133 animi3
1678 1094 1771 1125 metu
1785 1089 2044 1129 haereticorum,

251 1151 384 1179 haereticos
421 1149 634 1196 jactantium
660 1162 697 1185 se
711 1154 785 1186 tum
798 1152 1008 1198 protervius,
1026 1152 1229 1195 catholicos,
1251 1165 1336 1199 quos
1351 1153 1512 1188 fortiores
1537 1152 1671 1199 experti
1690 1155 1819 1192 essent,
1843 1151 2047 1186 vexantium

251 1191 345 1218 status

308 1580 339 1607 27

249 1621 347 1648 Suecus

248 1660 316 1688 bello
327 1661 378 1688 Da-

247 1703 305 1729 nico
322 1702 375 1729 dis-

247 1742 371 1771 trahitur.

246 2073 363 2102 chmiel-

246 2116 328 2142 nickii

246 2156 380 2185 intentus.

426 1212 613 1248 hostiliter.
636 1214 769 1260 Itaque,
789 1215 923 1250 subacti
940 1215 990 1257 hi,
1011 1215 1234 1251 lascivientes
1248 1216 1312 1257 illi,
1334 1216 1444 1258 ibant,
1466 1227 1533 1262 quo
1553 1227 1591 1251 se
1610 1227 1679 1251 non
1707 1214 1760 1250 sui
1776 1214 1856 1249 boni
1871 1217 2042 1260 pastores,

429 1275 493 1311 sed
511 1276 693 1312 abactores
712 1281 746 1312 et
764 1276 950 1312 victimarii
973 1282 1151 1324 cogerent,
1169 1279 1214 1313 ad
1237 1279 1319 1314 fana
1336 1278 1566 1320 lutheranica,
1588 1278 1634 1313 ad
1652 1278 1812 1325 popinas,
1839 1277 1885 1311 ad
1899 1288 2045 1323 ganeas.

424 1339 572 1375 Frustra
587 1341 722 1376 miseris
740 1341 867 1377 fuimus
885 1342 1076 1377 monitores
1095 1355 1101 1377 :
1124 1343 1393 1390 contemptiores
1411 1343 1487 1388 jam
1505 1342 1599 1389 plebi
1618 1343 1723 1378 etiam
1747 1341 1931 1377 catholicae
1951 1340 1988 1376 in
2004 1351 2046 1376 ea

424 1401 618 1438 humilitate
652 1407 785 1445 nostra,
824 1416 927 1451 quam
961 1417 1114 1451 unquam
1149 1405 1238 1440 alias
1257 1418 1263 1440 z
1284 1405 1449 1452 prohibiti
1476 1405 1573 1440 aditu
1599 1405 1704 1440 etiam
1734 1404 1826 1439 aulae
1859 1403 2041 1450 principis,

425 1469 585 1500 amanter
604 1465 763 1513 Collegia
792 1471 912 1502 nostra
931 1468 1097 1503 Varmica
1127 1480 1238 1515 nuper
1257 1467 1448 1514 dignantis.
1488 1469 1597 1503 Pauci
1621 1468 1713 1503 inter
1739 1467 1818 1502 haec
1847 1466 2044 1501 hortatibus

425 1527 619 1574 studiisque
636 1529 779 1570 nostris,
797 1530 942 1575 triginta
960 1542 1029 1565 non
1051 1530 1168 1577 plures
1187 1542 1208 1565 a
1222 1530 1402 1565 catholicis
1420 1530 1626 1577 transfugae,
1653 1530 1698 1564 ad
1713 1528 1955 1576 poenitentiam
1973 1532 2044 1563 tra-

423 1588 518 1624 ducti
540 1602 547 1624 :
564 1590 709 1625 totidem
720 1591 794 1626 fere
812 1591 856 1626 ab
875 1592 1054 1638 impietate
1073 1593 1294 1628 lutheranica
1312 1592 1358 1628 ad
1375 1592 1582 1638 religionem
1601 1591 1766 1627 revocati.
1797 1590 2045 1637 Respectanti-

424 1650 489 1686 bus
504 1653 608 1687 anxie
623 1664 665 1688 ex
682 1653 742 1688 illo
757 1653 951 1689 diversorio
962 1655 1139 1701 inhospito
1155 1666 1254 1690 suam
1272 1655 1383 1690 Sociis
1397 1655 1625 1701 provinciam,
1643 1665 1870 1700 rumoresque
1888 1653 2041 1694 interim,

425 1713 484 1759 qui
502 1713 546 1748 ab
564 1714 634 1749 illis
652 1715 857 1761 regionibus
876 1716 1048 1759 afflarent,
1071 1718 1303 1764 captantibus,
1339 1722 1483 1764 repente
1498 1718 1676 1753 Danorum
1706 1716 1813 1751 armis
1836 1715 2047 1751 Pomerania

424 1777 565 1813 Suetica
583 1781 809 1826 constrepuit.
839 1780 895 1816 Ad
925 1786 1126 1817 vexatorem
1146 1782 1262 1829 gentis
1293 1782 1472 1817 Polonicae
1491 1781 1653 1817 Carolum
1673 1781 1866 1816 Gustavum
1885 1785 2044 1816 averten-

424 1839 505 1875 dum
523 1841 552 1876 F
555 1842 724 1878 ridericus
743 1855 805 1879 rex
823 1844 948 1880 Daniae
966 1845 1032 1880 hoc
1051 1845 1191 1880 nomine
1209 1845 1346 1886 tertius,
1367 1845 1438 1880 ibat
1456 1845 1492 1880 in
1508 1845 1626 1887 armis,
1644 1845 1814 1880 adversus
1826 1855 2042 1879 communem

422 1902 558 1939 hostem
573 1916 635 1950 per
648 1905 786 1952 legatos
805 1911 980 1943 nostrates
1011 1908 1192 1943 excitatus.
1216 1908 1268 1943 De
1292 1908 1409 1943 causis
1429 1908 1581 1954 suscepti
1608 1919 1629 1942 a
1652 1919 1688 1942 se
1704 1907 1786 1943 belli
1805 1907 1972 1942 monitum
1989 1908 2041 1953 (2),

423 1977 492 2011 qua
511 1967 666 2014 propius,
687 1969 824 2004 hostem
855 1969 892 2005 in
910 1970 1121 2006 Pomerania
1139 1971 1310 2005 adoritur.
1333 1971 1534 2017 Pugnatum
1556 1974 1653 2004 terra
1686 1970 1859 2016 marique,
1882 1970 2044 2015 utrinque

422 2027 561 2064 fortuna
590 2030 685 2066 vices
711 2031 881 2068 variante.
909 2032 1147 2068 Perduellium
1185 2033 1394 2080 coryphaeus
1421 2033 1628 2068 Cosacorum
1654 2032 1926 2068 Chmielnickius
1960 2032 2043 2067 anni

422 2089 525 2137 hujus
543 2096 692 2129 exeunte
712 2094 813 2140 junio
829 2094 988 2141 disperiit
1003 2095 1205 2142 Czechryni,
1227 2096 1263 2130 in
1278 2096 1449 2131 cineribus
1464 2095 1590 2141 perditi
1606 2095 1659 2130 sui
1670 2095 1801 2130 tribuni
1817 2094 2039 2130 Zlotorenka.

424 2152 514 2191 Quid
532 2157 605 2189 tum
618 2155 706 2191 ille?
741 2169 785 2192 ne
801 2162 958 2193 mortuus
989 2158 1128 2204 quidem
1158 2158 1344 2204 acquievit,
1361 2158 1419 2192 diu
1438 2161 1615 2203 superstes
1642 2158 1679 2191 in
1708 2157 1780 2192 suis
1799 2168 1820 2191 a
1850 2156 2044 2203 Zaporovia

423 2213 631 2253 latronibus.
654 2218 904 2256 Deficientibus
922 2220 1014 2261 aliis,
1046 2221 1104 2267 qui
1124 2221 1234 2256 serius
1265 2221 1369 2255 etiam
1395 2231 1431 2255 se
1456 2219 1739 2260 commovissent,
1770 2219 1866 2254 furor
1897 2219 2043 2254 istorum

425 2280 604 2325 comprimi
620 2292 690 2316 non
708 2283 831 2330 potuit.
856 2282 1114 2319 Praedabantur
1146 2283 1374 2319 communiter
1403 2294 1480 2318 cum
1499 2282 1677 2318 Vallachis
1697 2282 1762 2318 hoc
1781 2293 1873 2318 anno
1893 2282 2042 2318 maxime

428 2340 466 2376 in
485 2340 656 2378 Polessia.

461 2414 508 2456 (1)
530 2416 638 2446 Libello
651 2418 692 2446 sic
704 2419 838 2455 inscripto
857 2429 863 2450 :
882 2420 990 2456 Didymi
1004 2420 1241 2449 llermanovillani
1258 2420 1449 2453 Aristarchus,
1478 2420 1511 2448 ad
1529 2418 1651 2448 illustres
1669 2420 1848 2448 academicos
1874 2418 2046 2455 Regioinon-

421 2474 514 2505 tanos,
535 2479 607 2500 anno
622 2472 710 2501 1643.
783 2472 826 2512 (Q)
839 2473 901 2504 Vid.
914 2474 1053 2511 Scriptum
1067 2475 1200 2504 Danicum
1220 2488 1225 2504 z
1242 2475 1291 2504 Jus
1305 2475 1421 2504 Fri-ciale
1438 2478 1549 2503 armatae
1565 2474 1658 2503 Daniae
1685 2475 1711 2503 in
1734 2476 1837 2504 bellum
1861 2479 1958 2505 contra
1972 2474 2045 2503 Sue-

421 2533 470 2554 cos
489 2523 593 2556 invicto
606 2527 783 2556 necessitatis
800 2528 994 2565 teloimpulsae
1007 2538 1080 2558 anno
1099 2531 1185 2559 1657.
