2184 2953
672 287 777 315 LIBER
801 286 964 316 OCTAVUS
987 288 1197 324 (1630-1640).
1726 289 1785 321 315

205 383 476 420 Casinnrianum
502 384 690 421 oratorem,
712 384 850 426 poetam
870 380 968 415 illum
999 381 1179 427 inclytum,
1201 380 1369 415 Mathiani
1403 380 1611 417 Casimirum
1636 382 1782 418 Sarbie-

161 448 269 487 vium,
285 446 359 491 jam
391 447 473 478 ante
500 442 607 488 probe
638 442 828 487 cognitum,
866 446 899 477 et
929 454 950 477 a
980 443 1182 488 proceribus
1215 442 1280 477 sibi
1314 444 1605 485 commendatum,
1641 445 1780 480 Vladis-

157 508 233 542 laus
252 507 436 541 adamarat
459 518 464 540 :
488 516 566 540 eum
586 516 660 544 rex,
683 504 719 538 in
738 503 847 538 aulam
867 503 1002 549 accepit
1028 515 1145 545 suam;
1168 504 1226 549 qui
1253 505 1509 539 concionatoris
1540 507 1629 552 regii
1653 517 1779 540 munus

152 573 186 604 et
211 568 368 614 theologi
389 570 571 613 praestaret
600 578 661 611 pro
682 566 721 600 P.
746 565 953 600 Sebastiano
981 565 1256 607 Laiszczevskio,
1279 577 1390 611 nuper
1417 567 1610 602 demortuo.
1634 568 1778 602 Menses

151 631 284 677 aliquot
311 630 346 664 in
380 629 459 663 aula
493 631 666 668 versatus,
702 627 991 662 existimationem
1022 627 1163 673 pietatis
1199 639 1273 662 suae
1300 631 1334 662 et
1361 627 1530 662 doctrinae
1562 629 1778 664 confirmavit

151 692 309 737 adeoque
330 690 440 730 auxit,
463 693 500 724 ut
517 690 591 735 jam
610 689 784 735 princeps,
806 700 874 734 qua
891 689 1004 723 virum
1024 689 1172 723 maxime
1199 693 1341 723 ornaret
1366 689 1485 729 laude,
1508 690 1692 735 cogitaret.
1717 691 1774 725 Di-

150 766 230 788 vum
257 765 357 787 suum
398 752 548 786 abavum
576 751 814 786 celebraturus
838 762 910 791 rex,
932 751 1100 797 postridie
1119 762 1222 796 quam
1241 751 1381 785 Vilnam
1400 752 1507 792 venit,
1525 751 1568 785 ad
1590 752 1777 797 collegium

149 814 400 854 academicum,
424 812 540 847 multis
565 812 747 847 comitatus
775 812 989 858 proceribus,
1012 813 1201 847 descendit.
1226 812 1366 847 Mature
1402 817 1573 847 rectorem
1601 815 1773 849 academi-

149 888 226 911 cum
245 879 441 915 monuerat,
465 875 547 921 quid
566 874 671 910 vellet
693 887 700 909 z
727 886 840 915 suum,
863 879 991 920 praeter
1005 875 1088 915 alia,
1111 879 1261 921 poetam,
1285 875 1488 920 theologum
1525 879 1559 910 et
1590 877 1774 912 conciona-

147 941 259 972 torem
295 937 515 972 Sarbievium
551 937 602 971 ire
641 940 803 972 ornatum
842 936 962 971 laurea
997 937 1041 971 ad
1082 937 1131 971 ΙΙΙ
1166 948 1275 971 nonas
1309 936 1429 982 julias.
1466 937 1542 971 Hoc
1570 938 1687 983 itaque
1719 939 1774 974 die

147 998 385 1034 academicum
418 998 587 1043 templum
620 998 717 1043 regia
745 999 946 1043 praesentia,
984 999 1180 1045 frequentia
1211 1000 1359 1033 maxima
1395 999 1533 1040 civium,
1565 1011 1605 1034 ac
1642 1012 1775 1036 summo

147 1060 335 1106 splendore
354 1059 581 1094 celebratum.
598 1059 733 1094 Aderat
752 1073 828 1094 cum
849 1061 1029 1095 Vladislao
1049 1065 1083 1096 et
1102 1061 1200 1107 regia
1228 1073 1348 1096 sorore
1374 1063 1478 1097 Anna
1498 1067 1627 1108 praeter
1646 1064 1773 1100 multos

145 1122 283 1168 legatus
308 1122 460 1156 Romani
481 1121 672 1156 Pontificis.
698 1122 767 1156 Ubi
795 1122 1037 1158 consedissent
1056 1123 1243 1169 principes,
1265 1124 1425 1170 interque
1450 1135 1510 1159 eos
1530 1136 1591 1159 rex
1610 1125 1644 1159 in
1666 1126 1768 1167 solio,

148 1188 228 1231 post
251 1188 373 1219 cantus
393 1184 556 1223 musicos,
574 1184 610 1218 in
632 1184 735 1230 plura
750 1185 838 1219 odea
863 1190 897 1219 et
920 1196 1042 1219 vocum
1062 1187 1254 1221 certamina
1277 1186 1493 1228 distributos,
1516 1199 1577 1233 per
1599 1189 1772 1223 academi-

148 1259 224 1282 cum
242 1246 365 1281 laurea
384 1250 545 1280 ornatum
564 1246 609 1280 ad
628 1257 747 1291 regem
763 1250 797 1281 et
816 1258 977 1292 proceres
996 1247 1115 1282 habita
1135 1249 1247 1282 oratio
1270 1261 1276 1283 2
1299 1249 1494 1295 depositum
1513 1250 1547 1283 in
1567 1250 1710 1296 pulvillo
1731 1252 1772 1286 ad

147 1308 255 1355 pedes
282 1308 462 1355 principis,
493 1308 671 1354 proprium
703 1309 777 1354 ejus
810 1309 999 1343 academiae
1029 1309 1180 1355 insigne,
1204 1314 1391 1356 sceptrum.
1420 1311 1547 1347 Jacere
1574 1312 1609 1346 id
1635 1313 1684 1347 ita
1711 1325 1771 1348 rex

147 1371 252 1406 decus
275 1369 484 1405 litterarium
507 1381 577 1404 non
604 1381 740 1415 passus.
764 1370 901 1416 Excipit
929 1371 1092 1405 continuo
1119 1371 1326 1417 depositum,
1353 1373 1520 1419 vultuque
1547 1377 1581 1408 et
1613 1375 1772 1410 oratione

145 1436 285 1479 gratum
308 1432 486 1479 professus
504 1432 669 1473 animum,
693 1433 824 1466 oratori
844 1432 1009 1473 restituit,
1030 1433 1230 1479 pariterque
1252 1434 1334 1480 jura
1351 1436 1543 1471 academiae
1560 1441 1594 1471 et
1612 1437 1771 1472 immuni-

142 1498 233 1530 tates
251 1494 461 1529 auctoritate
480 1494 619 1540 publica
639 1494 833 1528 confirmat.
858 1494 1024 1540 Assurgit
1042 1495 1085 1529 ad
1104 1496 1181 1530 haec
1198 1496 1388 1531 Doctorum
1408 1501 1564 1533 senatus.
1587 1499 1689 1539 Tum,
1713 1501 1770 1546 qui

142 1568 204 1603 pro
223 1556 432 1591 cancellario
452 1556 652 1591 academico
676 1556 813 1596 aderat,
840 1557 1050 1602 praepositus
1071 1558 1262 1603 provinciae
1289 1559 1310 1593 J
1314 1560 1444 1594 acobus
1464 1560 1707 1596 Lachovskius
1726 1562 1768 1597 de

142 1619 264 1654 officiis
296 1618 471 1659 Doctoris,
498 1618 609 1664 deque
641 1617 849 1663 sapientium
881 1619 1073 1664 principum
1105 1619 1264 1655 laudibus
1293 1622 1473 1667 praefatus,
1501 1624 1651 1669 primum
1678 1624 1764 1670 ipse,

142 1680 267 1716 deinde
292 1680 351 1715 alii
372 1681 453 1721 duo,
476 1680 666 1724 theologi-ae
696 1679 869 1725 magistri,
893 1680 1052 1721 Mathiae,
1075 1681 1246 1717 doctrinae
1277 1694 1351 1718 suae
1383 1684 1623 1730 periclitandae
1642 1697 1761 1727 causa,

141 1754 183 1778 ex
202 1742 426 1777 interioribus
457 1742 660 1787 theologice,
684 1742 829 1776 seclusis
856 1742 926 1776 illis
960 1743 1080 1783 sacris,
1103 1744 1327 1779 dissolvenda
1355 1746 1540 1792 objectant.
1565 1747 1763 1783 Secundum

140 1805 229 1845 haec,
252 1816 294 1839 ex
309 1804 512 1850 praescripto
533 1803 678 1838 Concilii
698 1803 894 1838 Tridentini
913 1804 1109 1850 profitenda
1136 1807 1328 1852 magistris,
1352 1808 1530 1842 ornandus
1557 1809 1758 1854 profitetur;

140 1866 334 1912 excipiente
362 1869 619 1900 sacramentum
648 1865 893 1899 scholasticum
924 1866 1044 1902 nuntio
1071 1868 1272 1913 apostolico.
1298 1869 1452 1904 Ornatur
1475 1870 1684 1906 academicis
1711 1873 1760 1906 in-

139 1927 310 1973 signibus,
329 1930 362 1962 et
382 1927 472 1962 inter
498 1927 573 1961 haec
604 1927 702 1972 regio
728 1927 873 1968 annulo,
896 1939 957 1972 per
980 1928 1153 1963 Joannem
1182 1930 1435 1971 Gembickium,
1458 1932 1557 1977 regni
1585 1933 1760 1969 tabulario

137 1989 352 2035 praefectum,
376 1988 492 2023 oblato
519 2000 540 2023 a
563 1988 732 2034 principe.
755 1989 1002 2024 Munusculum
1033 1990 1099 2025 hoc
1130 1992 1321 2026 academici
1340 1992 1431 2027 inter
1463 1999 1670 2029 ornamenta
1697 2008 1760 2031 sua

138 2051 324 2096 diligenter
338 2050 511 2096 hodieque
530 2054 748 2085 conservant.
775 2051 896 2096 Itaque
919 2056 1062 2086 ornatus
1082 2052 1214 2094 doctor,
1238 2057 1274 2088 ut
1293 2058 1369 2089 erat
1387 2055 1472 2089 satis
1487 2056 1655 2091 doctrinae
1673 2069 1761 2104 prae—

138 2114 235 2148 sidiis
259 2114 303 2148 ad
317 2113 501 2148 dicendum
519 2117 675 2159 paratus,
698 2114 827 2148 diserte
843 2114 1005 2149 munifico
1024 2116 1171 2162 principi
1187 2117 1260 2162 agit
1279 2118 1427 2163 gratias,
1446 2122 1517 2153 tum
1536 2132 1598 2154 suo
1618 2124 1691 2155 tum
1706 2122 1759 2156 sui

138 2175 298 2222 Collegii,
316 2178 387 2210 tum
415 2176 587 2210 universae
606 2176 791 2211 Societatis
820 2177 969 2211 nomine.
998 2177 1201 2213 Orationem
1229 2179 1381 2215 doctoris
1412 2182 1547 2227 excepit
1574 2194 1758 2228 procerum

136 2237 324 2284 gratulatio
343 2250 350 2272 ;
376 2237 467 2272 hanc
487 2238 631 2278 musica,
651 2238 767 2273 choris
788 2238 917 2273 circum
936 2239 1184 2285 complaudens
1204 2241 1378 2276 omnibus.
1401 2243 1496 2278 Inter
1518 2244 1604 2279 istos
1623 2244 1757 2281 laetitiae

135 2298 292 2333 fremitus
312 2309 373 2333 rex
391 2297 530 2333 domum
557 2299 637 2333 visit
656 2299 805 2345 Collegii
829 2314 834 2335 ;
858 2301 1117 2342 bibliothecam,
1141 2303 1447 2349 exprimendarum
1477 2305 1650 2341 officinam
1667 2307 1758 2343 litte-

136 2371 266 2400 rarum,
288 2359 523 2406 gymnasium,
546 2365 704 2396 amanter
719 2362 838 2396 Socios
858 2362 912 2397 vel
940 2363 1100 2405 laudans,
1119 2364 1186 2403 vel,
1209 2365 1292 2410 quid
1311 2366 1526 2402 desideraret
1541 2368 1582 2402 ad
1606 2380 1756 2404 commo-

135 2422 229 2462 dum,
252 2420 456 2463 admonens,
487 2422 715 2457 collustravit.
739 2423 874 2457 Visonti
908 2424 1018 2458 oratio
1050 2424 1165 2459 soluta
1196 2426 1335 2461 nomine
1358 2427 1515 2474 religiosi
1545 2429 1704 2476 Collegii,
1736 2413 1771 2465 a¹

138 2483 372 2530 typographio
392 2484 531 2518 nomine
551 2484 749 2519 scholarum
770 2496 893 2531 poema
913 2486 954 2520 de
975 2486 1046 2520 suis
1063 2486 1244 2522 Vladislao
1267 2488 1440 2530 laudibus,
1459 2491 1631 2526 dedicata.

1813 388 1876 414 1036

1877 428 1908 452 253

1812 466 1929 492 Sarbiev—

1812 505 1887 531 skins
1899 505 1957 532 doc-

1809 546 1849 571 tor
1857 546 1955 573 inAea-

1810 582 1896 608 demia

1810 622 1894 649 Vilnae
1916 631 1954 649 re-

1808 662 1851 694 gio
1870 670 1954 688 orna-

1807 705 1852 728 tur
1860 712 1906 729 an-

1807 743 1876 768 nulo.
