2184 2953
654 298 759 328 LIBER
785 297 922 327 SEXTUS
948 298 1156 334 (1610-16020).
1521 281 1524 284 ’
1678 305 1734 336 231

122 393 190 428 illis
203 393 404 439 jucunditas
424 404 499 427 cum
528 392 678 427 utilitato
697 390 875 436 multiplex
893 393 945 425 est
963 401 1003 424 ac
1026 390 1135 424 varia.
1159 389 1359 434 Complures
1382 392 1443 425 tibi
1469 404 1659 436 numerem,
1677 397 1735 442 qui

122 455 187 489 hac
205 455 308 489 etiam
327 458 431 488 aetate
452 457 583 491 nostra,
605 453 703 487 lectis
724 453 817 487 Petri
836 451 1072 490 concionibus,
1090 463 1170 497 pars
1191 463 1211 485 a
1235 452 1405 497 pravitate
1425 454 1529 488 animi
1549 456 1593 489 ad
1615 468 1733 492 assen-

124 521 199 550 sum
218 515 298 549 boni
319 515 466 555 consilii,
492 526 573 560 pars
592 526 613 548 a
631 514 741 547 turbis
761 513 1003 547 haereticorum
1033 513 1077 547 ad
1104 514 1389 559 tranquillitatem
1416 521 1450 550 et
1481 517 1652 554 Romanae
1670 520 1733 555 Ec-

122 577 236 612 clesiae
255 577 497 611 auctoritatem
523 576 673 610 traducti
701 575 781 609 sint.
808 575 977 609 Collectas
1009 575 1044 608 in
1076 587 1181 609 unum
1205 576 1340 621 justum
1371 577 1530 613 volumen
1561 581 1733 617 dedicavit

122 639 266 684 principi
285 651 347 673 suo
367 637 603 684 Sigismundo‚
617 649 684 682 qua
703 637 736 670 in
756 636 912 670 oratione
931 636 984 670 sui
1003 635 1156 671 rationes
1176 637 1277 671 officii
1293 638 1341 672 sic
1355 639 1480 674 refert:
1502 655 1516 668 α
1541 641 1731 678 Defunctus

125 716 139 730 ει
156 702 232 747 jam
259 713 400 737 munere
428 713 516 741 meo,
549 701 626 735 Rex
659 700 889 740 serenissime,
923 700 1070 735 Domine
1101 699 1145 733 mi
1172 699 1452 740 clementissime,
1481 705 1560 746 post
1587 703 1674 738 duos
1701 709 1734 739 et

125 778 140 793 κ
162 764 306 810 triginta
323 775 433 798 annos
452 763 664 798 concionalis
693 763 759 797 mei
778 763 919 808 opificii,
940 763 1006 798 hoc
1024 763 1159 798 modico
1178 762 1307 797 laboris
1334 764 1400 798 mei
1427 765 1462 798 in
1489 766 1735 810 perscribenda

124 840 140 854 ει
162 825 332 866 doctrina,
355 837 456 871 quam
478 825 617 858 nomine
637 824 763 858 Christi
783 825 1009 865 disserebam,
1031 825 1173 860 absolvo
1202 826 1373 872 reliquum
1391 827 1472 861 vitm
1490 827 1633 873 diesque
1651 829 1735 865 istos

124 901 139 915 a
161 898 290 933 paucos
322 890 356 920 et
386 885 494 920 malos
527 886 821 931 peregrinationis
850 898 949 921 meae.
973 887 1192 926 Delassatus‚
1215 891 1248 922 et
1270 889 1561 934 quemadmodum
1593 891 1734 926 Samuel

124 963 139 977 α
161 948 331 994 propheta
349 949 390 982 de
410 959 446 982 se
469 948 530 987 ait,
558 952 735 982 senectute
754 948 931 982 confectus
966 952 1069 994 atque
1087 949 1244 989 incanus,
1266 950 1363 984 brevi
1390 950 1558 986 deficiam.
1582 952 1733 999 Tempus

124 1024 140 1039 α
163 1013 215 1045 est
239 1009 450 1055 quiescendi.
475 1010 662 1055 Exspectat
682 1021 735 1042 me
767 1009 893 1044 cellula
919 1010 953 1043 in
981 1010 1153 1045 domicilio
1172 1022 1363 1056 pauperum
1384 1013 1527 1047 Patrum
1554 1025 1731 1057 meorum3

124 1088 139 1102 α
162 1074 259 1119 cujus
290 1073 381 1107 fores
402 1073 497 1107 brevi
526 1073 652 1118 hospes
672 1072 742 1111 1110,
773 1084 849 1105 cum
882 1083 945 1105 sua
974 1072 1118 1111 familia,
1140 1072 1268 1106 morbis
1288 1072 1420 1108 scilicet
1438 1074 1598 1120 vitiisque
1628 1088 1735 1121 aegrae

123 1149 138 1164 κ
161 1135 381 1175 valetudinis,
404 1134 568 1180 pulsabit.
592 1134 692 1168 Faxit
712 1134 818 1173 Deus,
840 1133 961 1168 fidenti
980 1134 1094 1168 animo
1113 1133 1157 1167 ad
1172 1144 1298 1167 nomen
1317 1138 1354 1168 ut
1372 1136 1611 1180 respondeam,
1626 1137 1732 1173 fores-

121 1210 137 1226 «
160 1208 226 1242 que
253 1197 416 1242 aperiam,
437 1200 470 1229 et
498 1195 605 1229 alacri
624 1198 851 1240 promptoque
879 1205 938 1228 ore
958 1194 1071 1228 dicam
1096 1207 1101 1228 :
1125 1194 1222 1230 salve
1236 1195 1376 1241 hospes,
1397 1201 1617 1242 exspectatus
1635 1199 1733 1235 ades,

122 1273 138 1289 «ε
159 1260 217 1294 (1111
240 1264 274 1294 10
301 1259 544 1306 praestolabar,
568 1262 737 1304 pert-<esus
766 1256 869 1289 vitam
889 1256 979 1291 hanc
1010 1260 1113 1302 atque
1132 1256 1235 1302 hujus
1267 1269 1452 1293 aerumnas.
1476 1260 1641 1295 AEdicula
1659 1262 1735 1296 haec

123 1335 138 1351 a
161 1322 314 1361 ruinosa,
349 1332 450 1366 quam
484 1319 709 1357 disturbabis,
735 1322 955 1353 convertetur
982 1318 1065 1351 mihi
1097 1318 1132 1352 in
1159 1318 1297 1352 domum
1325 1323 1505 1360 aeternam,
1536 1333 1605 1356 non
1632 1335 1733 1357 manu

123 1395 138 1410 α
159 1383 296 1418 factam.
322 1382 491 1427 Migranti
516 1382 652 1427 quidem
682 1381 796 1415 animo
829 1381 919 1415 fores
951 1381 994 1415 ad
1023 1381 1176 1426 requiem
1203 1382 1363 1427 aperies:
1387 1395 1531 1429 corpore
1559 1397 1640 1420 vero
1671 1387 1733 1421 tibi

124 1458 139 1472 a
161 1442 325 1478 derelicto
350 1454 419 1477 non
438 1441 559 1488 perdiu
590 1441 634 1475 ad
662 1440 875 1486 voluptatem
902 1446 997 1476 tuam
1025 1444 1189 1488 pasceris.
1208 1444 1301 1479 Deus
1314 1445 1363 1480 ita
1380 1446 1416 1480 in
1435 1458 1475 1481 00
1494 1449 1641 1484 articulo
1660 1451 1733 1485 ani-

124 1521 139 1535 «
161 1517 253 1540 mum
281 1517 406 1544 meum,
435 1508 469 1539 et
496 1505 662 1550 cujusque
694 1504 874 1538 christiani
909 1505 1058 1540 hominis
1086 1506 1264 1541 confirmet
1282 1506 1553 1554 iuflammetque.
1577 1511 1615 1544 Id
1634 1511 1736 1548 hodie

125 1582 140 1596 a
157 1568 231 1613 jam
261 1578 395 1601 mecum
414 1570 550 1611 reputo,
573 1566 629 1611 qui
659 1565 858 1600 redditurus
892 1566 956 1600 sim
984 1568 1155 1602 rationem
1175 1567 1312 1602 Christo
1340 1568 1486 1604 Domino
1505 1582 1580 1605 meo
1604 1576 1638 1606 et
1664 1573 1737 1607 Deo

126 1644 141 1658 u
163 1640 238 1664 meo
253 1642 260 1670 ;
277 1629 335 1674 qui
362 1640 415 1663 me
431 1628 598 1662 conduxit
613 1627 822 1674 operarium,
843 1630 876 1661 et
891 1628 984 1662 misit
1000 1629 1034 1663 in
1049 1629 1188 1663 vineam
1207 1639 1305 1663 suam
1323 1641 1330 1663 ς
1348 1630 1405 1674 qui
1424 1641 1487 1664 sua
1505 1632 1586 1666 1111111
1606 1633 1737 1668 talenta

128 1706 142 1720 u
166 1691 209 1725 ad
235 1691 368 1725 lucrum
396 1690 540 1724 tradidit
566 1689 818 1733 commisitque.
838 1689 871 1722 Is
890 1689 948 1723 ubi
970 1690 1147 1735 quzesierit
1170 1703 1176 1724 z
1203 1690 1324 1736 ecquid
1351 1691 1462 1726 adhuc
1482 1693 1583 1738 egisti
1612 1694 1736 1729 11011102

128 1766 143 1780 κ
165 1750 402 1797 nunquidnam
433 1751 517 1785 mihi
536 1750 730 1797 compendii
764 1750 798 1782 in
827 1761 930 1795 opere
958 1753 1042 1786 tuo?
1062 1753 1119 1787 hic
1138 1764 1202 1798 ego
1222 1753 1303 1799 quid
1322 1754 1514 1799 proferam?
1542 1769 1608 1802 quo
1639 1759 1737 1794 indu-

128 1826 143 1841 «
167 1813 287 1847 striam
302 1813 455 1847 exactori
470 1824 579 1847 meam
595 1811 796 1858 approbabo
810 1812 822 1845 2
838 1811 1018 1849 Adductus
1036 1815 1070 1849 in
1084 1816 1328 1850 verecundiam
1343 1818 1589 1865 perculsusque
1604 1821 1715 1857 dicam
1730 1836 1736 1858 :

128 1889 143 1903 α
166 1875 324 1915 Domine,
342 1874 464 1908 misisti
486 1886 539 1909 me
558 1875 593 1908 in
620 1874 800 1919 negotium
827 1873 870 1907 ad
895 1874 1011 1909 aulam
1040 1877 1185 1921 regiam,
1215 1878 1259 1912 ad
1296 1878 1558 1924 Sigismundum
1579 1882 1639 1922 ΙΙΙ,
1656 1885 1738 1919 duo-

129 1949 144 1963 ⁶⁴
166 1947 240 1970 rum
268 1935 556 1981 amplissimorum
596 1948 783 1982 regnorum
814 1937 1018 1984 principem,
1044 1939 1088 1973 ad
1106 1940 1270 1974 familiam
1292 1945 1325 1975 et
1344 1946 1502 1977 senatum
1523 1949 1556 1979 et
1583 1946 1739 1982 ordinem

130 2011 145 2025 u
167 2001 361 2042 equestrem
379 2001 412 2031 et
432 2008 550 2031 servos
570 2001 784 2045 caeterosque
800 1999 864 2033 sibi
879 1998 1058 2033 obnoxios.
1082 2001 1269 2042 Docebam,
1289 2004 1540 2050 monebamque
1556 2007 1739 2044 Dominum

131 2073 147 2087 κ
168 2071 294 2101 meum,
314 2060 487 2094 Christum
503 2063 598 2093 tuum
615 2060 724 2106 (cujus
740 2062 925 2107 plurimum
940 2061 1118 2108 intererat)
1132 2064 1300 2109 tuojussu
1315 2068 1443 2111 tuoque
1458 2069 1595 2103 nomine
1610 2070 1738 2114 divino,

135 2136 150 2151 α
173 2125 210 2156 111
235 2126 268 2157 10
287 2125 408 2156 noscat
435 2122 545 2156 Deum
566 2132 687 2164 suum,
717 2123 773 2169 qui
792 2123 883 2156 hunc
910 2122 1087 2163 extuleris,
1117 2135 1303 2170 regemque
1321 2130 1372 2161 tot
1389 2131 1560 2164 tantarum
1580 2134 1651 2166 tam
1669 2145 1741 2168 am-

135 2196 151 2210 «
172 2182 308 2228 plarum
327 2183 481 2229 gentium
509 2184 694 2224 creaveris,
718 2184 817 2229 eique
848 2188 898 2219 tot
925 2185 1132 2230 provincia&
1155 2190 1189 2221 et
1210 2187 1479 2225 innumerabiles
1506 2193 1665 2238 populos,
1683 2199 1741 2230 tuo

136 2259 152 2274 α
172 2244 369 2291 redemptos
397 2246 581 2291 sanguine,
603 2246 816 2291 subjeceris;
852 2252 889 2282 ut
916 2248 1122 2293 sapientiam
1150 2260 1166 2282 a
1190 2252 1224 2283 te
1249 2250 1416 2295 rogitare,
1438 2255 1472 2286 et
1490 2264 1552 2288 suo
1572 2254 1646 2300 ipse
1666 2256 1743 2291 dili-

136 2319 152 2334 «
173 2306 269 2351 genti
300 2318 500 2352 comparare
534 2307 658 2347 studio,
691 2307 744 2342 sui
772 2309 1035 2344 moderatricem
1065 2310 1212 2355 imperii,
1243 2310 1348 2351 sciat;
1383 2316 1421 2346 ut
1451 2317 1644 2351 reverentia
1674 2322 1743 2353 tuae

136 2384 151 2398 a
173 2369 369 2415 Majestatis
383 2370 517 2404 animos
532 2372 613 2405 suos
637 2371 825 2411 contineat,
849 2381 1053 2415 omnemque
1080 2374 1172 2405 amet
1206 2370 1368 2416 pietatem
1392 2385 1398 2406 :
1421 2377 1458 2408 ut
1477 2374 1742 2413 dominationem

138 2446 153 2460 α
174 2434 267 2466 tuam
287 2435 321 2466 et
339 2432 486 2477 gloriam
505 2432 705 2478 amplificet,
729 2432 929 2467 sanctuaria
947 2436 1008 2466 tua
1026 2432 1282 2477 religionesque
1300 2437 1392 2469 sarta
1410 2438 1569 2482 tectaque
1583 2444 1739 2484 praestet,

140 2504 155 2519 κ
176 2501 218 2525 ex
245 2491 382 2537 legibus
412 2493 480 2527 tuis
510 2493 695 2539 imperitet,
720 2493 891 2539 justitiam
922 2497 957 2527 01
987 2493 1205 2539 disciplinam
1234 2497 1386 2536 tueatur,
1416 2497 1508 2532 cives
1536 2510 1616 2535 suos
1636 2506 1741 2544 amet,

1763 405 1823 430 1612

1762 718 1860 744 Harum

1761 759 1901 786 dedicatio.

1762 1248 1872 1282 Exspec-

1762 1291 1802 1315 tat
1825 1298 1891 1315 mor-

1765 1332 1818 1356 10111

1766 1940 1889 1965 Rationes

1765 1978 1880 2004 muneris

1766 2019 1806 2045 sui
1825 2026 1910 2045 secum

1768 2065 1828 2091 init.

1771 2397 1837 2429 Quid
1870 2396 1912 2423 do-

1771 2437 1854 2462 cuerit
1866 2436 1912 2462 Re-

1769 2484 1823 2510 ges.
