<?xml version="1.0" encoding="UTF-8"?>
<!DOCTYPE html PUBLIC "-//W3C//DTD XHTML 1.0 Transitional//EN"
    "http://www.w3.org/TR/xhtml1/DTD/xhtml1-transitional.dtd">
<html xmlns="http://www.w3.org/1999/xhtml" xml:lang="en" lang="en">
 <head>
  <title>
</title>
<meta http-equiv="Content-Type" content="text/html;charset=utf-8" />
  <meta name='ocr-system' content='tesseract 3.04.00' />
  <meta name='ocr-capabilities' content='ocr_page ocr_carea ocr_par ocr_line ocrx_word'/>
</head>
<body>
  <div class='ocr_page' id='page_1' title='image "./lituanicarumsoci00rost_0064.png"; bbox 0 0 2184 2953; ppageno 0'>
   <div class='ocr_carea' id='block_1_1' title="bbox 253 374 402 564">
    <p class='ocr_par' dir='ltr' id='par_1_1' title="bbox 253 374 402 564">
     <span class='ocr_line' id='line_1_1' title="bbox 256 374 320 400; baseline -0.016 0"><span class='ocrx_word' id='word_1_1' title='bbox 256 374 320 400; x_wconf 80' lang='lat'>1570</span> 
     </span>
     <span class='ocr_line' id='line_1_2' title="bbox 255 412 377 440; baseline 0.008 -3"><span class='ocrx_word' id='word_1_2' title='bbox 255 412 377 440; x_wconf 80' lang='lat' dir='ltr'>Gratula-</span> 
     </span>
     <span class='ocr_line' id='line_1_3' title="bbox 253 452 384 478; baseline 0 0"><span class='ocrx_word' id='word_1_3' title='bbox 253 456 296 478; x_wconf 83' lang='lat' dir='ltr'>tur</span> <span class='ocrx_word' id='word_1_4' title='bbox 309 452 384 478; x_wconf 85' lang='lat' dir='ltr'>Vale-</span> 
     </span>
     <span class='ocr_line' id='line_1_4' title="bbox 253 492 401 518; baseline 0 0"><span class='ocrx_word' id='word_1_5' title='bbox 253 492 342 518; x_wconf 87' lang='lat' dir='ltr'>rianus</span> <span class='ocrx_word' id='word_1_6' title='bbox 370 492 401 518; x_wconf 89' lang='lat' dir='ltr'>de</span> 
     </span>
     <span class='ocr_line' id='line_1_5' title="bbox 255 531 402 564; baseline 0.007 -8"><span class='ocrx_word' id='word_1_7' title='bbox 255 531 402 564; x_wconf 84' lang='lat' dir='ltr'>hospitibus</span> 
     </span>
    </p>
   </div>
   <div class='ocr_carea' id='block_1_2' title="bbox 245 1548 395 1728">
    <p class='ocr_par' dir='ltr' id='par_1_2' title="bbox 245 1548 395 1728">
     <span class='ocr_line' id='line_1_6' title="bbox 246 1548 395 1574; baseline 0.007 -1"><span class='ocrx_word' id='word_1_8' title='bbox 246 1548 301 1574; x_wconf 76' lang='lat' dir='ltr'>Deo</span> <span class='ocrx_word' id='word_1_9' title='bbox 329 1556 395 1574; x_wconf 85' lang='lat' dir='ltr'>com-</span> 
     </span>
     <span class='ocr_line' id='line_1_7' title="bbox 247 1586 354 1612; baseline 0 0"><span class='ocrx_word' id='word_1_10' title='bbox 247 1586 354 1612; x_wconf 83' lang='lat' dir='ltr'>mendat</span> 
     </span>
     <span class='ocr_line' id='line_1_8' title="bbox 247 1626 393 1651; baseline 0.007 -1"><span class='ocrx_word' id='word_1_11' title='bbox 247 1633 321 1651; x_wconf 88' lang='lat' dir='ltr'>suam</span> <span class='ocrx_word' id='word_1_12' title='bbox 330 1626 393 1651; x_wconf 78' lang='lat' dir='ltr'>Pon-</span> 
     </span>
     <span class='ocr_line' id='line_1_9' title="bbox 247 1663 392 1690; baseline 0.007 -1"><span class='ocrx_word' id='word_1_13' title='bbox 247 1663 312 1689; x_wconf 80' lang='lat' dir='ltr'><strong>tifex</strong></span> <span class='ocrx_word' id='word_1_14' title='bbox 328 1664 392 1690; x_wconf 83' lang='lat' dir='ltr'>colo·</span> 
     </span>
     <span class='ocr_line' id='line_1_10' title="bbox 245 1702 326 1728; baseline 0.012 -1"><span class='ocrx_word' id='word_1_15' title='bbox 245 1702 326 1728; x_wconf 83' lang='lat' dir='ltr'>niam.</span> 
     </span>
    </p>
   </div>
   <div class='ocr_carea' id='block_1_3' title="bbox 244 1785 393 1972">
    <p class='ocr_par' dir='ltr' id='par_1_3' title="bbox 244 1785 393 1972">
     <span class='ocr_line' id='line_1_11' title="bbox 244 1785 393 1811; baseline 0 0"><span class='ocrx_word' id='word_1_16' title='bbox 244 1785 267 1811; x_wconf 93' lang='lat' dir='ltr'>A</span> <span class='ocrx_word' id='word_1_17' title='bbox 279 1785 393 1811; x_wconf 85' lang='lat' dir='ltr'>scholas-</span> 
     </span>
     <span class='ocr_line' id='line_1_12' title="bbox 245 1826 392 1852; baseline -0.007 0"><span class='ocrx_word' id='word_1_18' title='bbox 245 1826 305 1852; x_wconf 84' lang='lat' dir='ltr'>ticis</span> <span class='ocrx_word' id='word_1_19' title='bbox 315 1826 341 1851; x_wconf 91' lang='lat' dir='ltr'>in</span> <span class='ocrx_word' id='word_1_20' title='bbox 349 1826 392 1851; x_wconf 82' lang='lat' dir='ltr'>do-</span> 
     </span>
     <span class='ocr_line' id='line_1_13' title="bbox 245 1864 391 1891; baseline 0 -1"><span class='ocrx_word' id='word_1_21' title='bbox 245 1864 391 1891; x_wconf 86' lang='lat' dir='ltr'>micilionc-</span> 
     </span>
     <span class='ocr_line' id='line_1_14' title="bbox 247 1906 393 1933; baseline 0.007 -2"><span class='ocrx_word' id='word_1_22' title='bbox 247 1915 278 1932; x_wconf 81' lang='lat' dir='ltr'>vo</span> <span class='ocrx_word' id='word_1_23' title='bbox 294 1906 393 1933; x_wconf 77' lang='lat' dir='ltr'>saluta—</span> 
     </span>
     <span class='ocr_line' id='line_1_15' title="bbox 245 1948 296 1972; baseline 0 0"><span class='ocrx_word' id='word_1_24' title='bbox 245 1948 296 1972; x_wconf 82' lang='lat' dir='ltr'>tur.</span> 
     </span>
    </p>
   </div>
   <div class='ocr_carea' id='block_1_4' title="bbox 241 2080 369 2182">
    <p class='ocr_par' dir='ltr' id='par_1_4' title="bbox 241 2080 369 2182">
     <span class='ocr_line' id='line_1_16' title="bbox 243 2080 369 2112; baseline 0.008 -8"><span class='ocrx_word' id='word_1_25' title='bbox 243 2080 369 2112; x_wconf 79' lang='lat' dir='ltr'>Apertum</span> 
     </span>
     <span class='ocr_line' id='line_1_17' title="bbox 241 2126 355 2160; baseline 0.009 -17"><span class='ocrx_word' id='word_1_26' title='bbox 241 2126 355 2160; x_wconf 75' lang='lat' dir='ltr'>gymna-</span> 
     </span>
     <span class='ocr_line' id='line_1_18' title="bbox 241 2163 319 2182; baseline 0.013 -1"><span class='ocrx_word' id='word_1_27' title='bbox 241 2163 319 2182; x_wconf 86' lang='lat' dir='ltr'>sium.</span> 
     </span>
    </p>
   </div>
   <div class='ocr_carea' id='block_1_5' title="bbox 241 2387 390 2535">
    <p class='ocr_par' dir='ltr' id='par_1_5' title="bbox 241 2387 390 2535">
     <span class='ocr_line' id='line_1_19' title="bbox 242 2387 390 2414; baseline 0.007 -1"><span class='ocrx_word' id='word_1_28' title='bbox 242 2387 304 2413; x_wconf 83' lang='lat' dir='ltr'>Dies</span> <span class='ocrx_word' id='word_1_29' title='bbox 315 2390 390 2414; x_wconf 82' lang='lat' dir='ltr'>nata-</span> 
     </span>
     <span class='ocr_line' id='line_1_20' title="bbox 241 2426 389 2454; baseline 0.02 -3"><span class='ocrx_word' id='word_1_30' title='bbox 241 2426 273 2452; x_wconf 90' lang='lat' dir='ltr'>lis</span> <span class='ocrx_word' id='word_1_31' title='bbox 307 2427 389 2454; x_wconf 82' lang='lat' dir='ltr'>Colle-</span> 
     </span>
     <span class='ocr_line' id='line_1_21' title="bbox 241 2467 388 2504; baseline 0 -11"><span class='ocrx_word' id='word_1_32' title='bbox 241 2467 280 2500; x_wconf 82' lang='lat' dir='ltr'>gii</span> <span class='ocrx_word' id='word_1_33' title='bbox 296 2468 324 2493; x_wconf 81' lang='lat' dir='ltr'>et</span> <span class='ocrx_word' id='word_1_34' title='bbox 342 2477 388 2504; x_wconf 80' lang='lat' dir='ltr'>gy-</span> 
     </span>
     <span class='ocr_line' id='line_1_22' title="bbox 242 2515 347 2535; baseline 0.029 -3"><span class='ocrx_word' id='word_1_35' title='bbox 242 2515 347 2535; x_wconf 85' lang='lat' dir='ltr'>mnasu.</span> 
     </span>
    </p>
   </div>
   <div class='ocr_carea' id='block_1_6' title="bbox 427 289 1693 327">
    <p class='ocr_par' dir='ltr' id='par_1_6' title="bbox 427 289 1693 327">
     <span class='ocr_line' id='line_1_23' title="bbox 427 289 1693 327; baseline 0.005 -8"><span class='ocrx_word' id='word_1_36' title='bbox 427 289 466 320; x_wconf 88' lang='grc'>40</span> <span class='ocrx_word' id='word_1_37' title='bbox 797 292 1073 321; x_wconf 71' lang='lat' dir='ltr'>LlTUANICARUM</span> <span class='ocrx_word' id='word_1_38' title='bbox 1098 294 1311 322; x_wconf 74' lang='lat' dir='ltr'>SOCIETATIS</span> <span class='ocrx_word' id='word_1_39' title='bbox 1333 295 1418 323; x_wconf 82' lang='lat' dir='ltr'>JESU</span> <span class='ocrx_word' id='word_1_40' title='bbox 1443 296 1693 327; x_wconf 76' lang='lat' dir='ltr'>IlISTORlARUM</span> 
     </span>
    </p>
   </div>
   <div class='ocr_carea' id='block_1_7' title="bbox 418 379 2050 2546">
    <p class='ocr_par' dir='ltr' id='par_1_7' title="bbox 418 379 2050 2546">
     <span class='ocr_line' id='line_1_24' title="bbox 474 379 2046 437; baseline 0.006 -22"><span class='ocrx_word' id='word_1_41' title='bbox 474 379 530 415; x_wconf 89' lang='lat' dir='ltr'>Ad</span> <span class='ocrx_word' id='word_1_42' title='bbox 548 380 740 416; x_wconf 87' lang='lat' dir='ltr'>orationem</span> <span class='ocrx_word' id='word_1_43' title='bbox 758 382 871 428; x_wconf 88' lang='lat' dir='ltr'>Magii</span> <span class='ocrx_word' id='word_1_44' title='bbox 903 382 1046 417; x_wconf 87' lang='lat' dir='ltr'>antistes</span> <span class='ocrx_word' id='word_1_45' title='bbox 1074 387 1108 418; x_wconf 91' lang='lat' dir='ltr'>et</span> <span class='ocrx_word' id='word_1_46' title='bbox 1140 384 1208 419; x_wconf 92' lang='lat' dir='ltr'>oris</span> <span class='ocrx_word' id='word_1_47' title='bbox 1235 384 1355 419; x_wconf 87' lang='lat' dir='ltr'>habitu</span> <span class='ocrx_word' id='word_1_48' title='bbox 1383 385 1427 419; x_wconf 90' lang='lat' dir='ltr'>ad</span> <span class='ocrx_word' id='word_1_49' title='bbox 1458 386 1710 432; x_wconf 77' lang='lat' dir='ltr'>benignitatem</span> <span class='ocrx_word' id='word_1_50' title='bbox 1739 389 1824 423; x_wconf 89' lang='lat' dir='ltr'>mire</span> <span class='ocrx_word' id='word_1_51' title='bbox 1851 391 2046 437; x_wconf 77' lang='lat' dir='ltr'>compositi,</span> 
     </span>
     <span class='ocr_line' id='line_1_25' title="bbox 431 433 2050 495; baseline 0.006 -18"><span class='ocrx_word' id='word_1_52' title='bbox 431 446 466 477; x_wconf 91' lang='lat' dir='ltr'>et</span> <span class='ocrx_word' id='word_1_53' title='bbox 483 433 647 489; x_wconf 82' lang='lat' dir='ltr'>lacrymis</span> <span class='ocrx_word' id='word_1_54' title='bbox 679 444 808 489; x_wconf 87' lang='lat' dir='ltr'>gaudio</span> <span class='ocrx_word' id='word_1_55' title='bbox 833 445 1057 480; x_wconf 78' lang='lat' dir='ltr'>manantibus</span> <span class='ocrx_word' id='word_1_56' title='bbox 1078 446 1233 492; x_wconf 87' lang='lat' dir='ltr'>graviter</span> <span class='ocrx_word' id='word_1_57' title='bbox 1265 446 1509 494; x_wconf 87' lang='lat' dir='ltr'>luculenteque</span> <span class='ocrx_word' id='word_1_58' title='bbox 1539 450 1743 495; x_wconf 88' lang='lat' dir='ltr'>respondit;</span> <span class='ocrx_word' id='word_1_59' title='bbox 1778 451 1925 491; x_wconf 80' lang='lat' dir='ltr'>addidit,</span> <span class='ocrx_word' id='word_1_60' title='bbox 1957 465 2050 488; x_wconf 91' lang='lat' dir='ltr'>nunc</span> 
     </span>
     <span class='ocr_line' id='line_1_26' title="bbox 429 503 2046 553; baseline 0.007 -16"><span class='ocrx_word' id='word_1_61' title='bbox 429 515 466 538; x_wconf 83' lang='lat' dir='ltr'>se</span> <span class='ocrx_word' id='word_1_62' title='bbox 503 503 643 538; x_wconf 90' lang='lat' dir='ltr'>demum</span> <span class='ocrx_word' id='word_1_63' title='bbox 681 504 717 539; x_wconf 91' lang='lat' dir='ltr'>in</span> <span class='ocrx_word' id='word_1_64' title='bbox 761 517 857 551; x_wconf 89' lang='lat' dir='ltr'>spem</span> <span class='ocrx_word' id='word_1_65' title='bbox 893 506 1058 551; x_wconf 82' lang='lat' dir='ltr'>optimam</span> <span class='ocrx_word' id='word_1_66' title='bbox 1095 507 1276 553; x_wconf 90' lang='lat' dir='ltr'>religionis</span> <span class='ocrx_word' id='word_1_67' title='bbox 1307 509 1440 543; x_wconf 86' lang='lat' dir='ltr'>civibus</span> <span class='ocrx_word' id='word_1_68' title='bbox 1476 511 1548 545; x_wconf 90' lang='lat' dir='ltr'>suis</span> <span class='ocrx_word' id='word_1_69' title='bbox 1580 512 1807 547; x_wconf 69' lang='lat' dir='ltr'>restituendae</span> <span class='ocrx_word' id='word_1_70' title='bbox 1850 514 2046 550; x_wconf 82' lang='lat' dir='ltr'>revixisse:</span> 
     </span>
     <span class='ocr_line' id='line_1_27' title="bbox 427 567 2047 610; baseline 0.006 -10"><span class='ocrx_word' id='word_1_71' title='bbox 427 578 519 602; x_wconf 91' lang='lat' dir='ltr'>nunc</span> <span class='ocrx_word' id='word_1_72' title='bbox 549 578 599 608; x_wconf 89' lang='lat' dir='ltr'>se,</span> <span class='ocrx_word' id='word_1_73' title='bbox 634 567 746 602; x_wconf 87' lang='lat' dir='ltr'>virum</span> <span class='ocrx_word' id='word_1_74' title='bbox 778 568 1044 610; x_wconf 77' lang='lat' dir='ltr'>desideriorum,</span> <span class='ocrx_word' id='word_1_75' title='bbox 1080 581 1101 604; x_wconf 89' lang='lat' dir='ltr'>a</span> <span class='ocrx_word' id='word_1_76' title='bbox 1131 570 1204 605; x_wconf 93' lang='lat' dir='ltr'>Deo</span> <span class='ocrx_word' id='word_1_77' title='bbox 1233 571 1502 606; x_wconf 85' lang='lat' dir='ltr'>clementissimo</span> <span class='ocrx_word' id='word_1_78' title='bbox 1526 573 1727 607; x_wconf 79' lang='lat' dir='ltr'>exauditum</span> <span class='ocrx_word' id='word_1_79' title='bbox 1754 585 1842 609; x_wconf 89' lang='lat' dir='ltr'>esse.</span> <span class='ocrx_word' id='word_1_80' title='bbox 1869 590 1884 603; x_wconf 66' lang='lat' dir='ltr'>a</span> <span class='ocrx_word' id='word_1_81' title='bbox 1917 576 2047 610; x_wconf 89' lang='lat' dir='ltr'>Videre</span> 
     </span>
     <span class='ocr_line' id='line_1_28' title="bbox 430 631 2048 683; baseline 0.004 -18"><span class='ocrx_word' id='word_1_82' title='bbox 430 646 445 660; x_wconf 72' lang='grc' dir='ltr'><em>α</em></span> <span class='ocrx_word' id='word_1_83' title='bbox 461 631 537 677; x_wconf 68' lang='lat' dir='ltr'>Jam</span> <span class='ocrx_word' id='word_1_84' title='bbox 556 631 653 671; x_wconf 90' lang='lat' dir='ltr'>mihi,</span> <span class='ocrx_word' id='word_1_85' title='bbox 688 631 811 677; x_wconf 87' lang='lat' dir='ltr'>inquit,</span> <span class='ocrx_word' id='word_1_86' title='bbox 842 632 975 671; x_wconf 86' lang='lat' dir='ltr'>videor,</span> <span class='ocrx_word' id='word_1_87' title='bbox 1006 636 1173 680; x_wconf 80' lang='lat' dir='ltr'>tanquam</span> <span class='ocrx_word' id='word_1_88' title='bbox 1193 646 1271 669; x_wconf 92' lang='lat' dir='ltr'>cum</span> <span class='ocrx_word' id='word_1_89' title='bbox 1290 639 1368 680; x_wconf 89' lang='lat' dir='ltr'>post</span> <span class='ocrx_word' id='word_1_90' title='bbox 1393 634 1607 676; x_wconf 71' lang='lat' dir='ltr'>diuturnam,</span> <span class='ocrx_word' id='word_1_91' title='bbox 1636 639 1758 675; x_wconf 87' lang='lat' dir='ltr'>atram,</span> <span class='ocrx_word' id='word_1_92' title='bbox 1786 635 2048 683; x_wconf 78' lang='lat' dir='ltr'>luctuosamque</span> 
     </span>
     <span class='ocr_line' id='line_1_29' title="bbox 429 694 2044 742; baseline 0.003 -14"><span class='ocrx_word' id='word_1_93' title='bbox 429 709 444 723; x_wconf 70' lang='grc' dir='ltr'><em>α</em></span> <span class='ocrx_word' id='word_1_94' title='bbox 466 697 617 734; x_wconf 88' lang='lat' dir='ltr'>noctem,</span> <span class='ocrx_word' id='word_1_95' title='bbox 652 698 772 729; x_wconf 81' lang='lat' dir='ltr'>exorto</span> <span class='ocrx_word' id='word_1_96' title='bbox 805 694 891 735; x_wconf 90' lang='lat' dir='ltr'>sole,</span> <span class='ocrx_word' id='word_1_97' title='bbox 925 700 1150 735; x_wconf 87' lang='lat' dir='ltr'>evanescunt,</span> <span class='ocrx_word' id='word_1_98' title='bbox 1186 707 1271 742; x_wconf 89' lang='lat' dir='ltr'>quos</span> <span class='ocrx_word' id='word_1_99' title='bbox 1308 696 1449 742; x_wconf 84' lang='lat' dir='ltr'>aliquis,</span> <span class='ocrx_word' id='word_1_100' title='bbox 1487 695 1609 730; x_wconf 87' lang='lat' dir='ltr'>febrim</span> <span class='ocrx_word' id='word_1_101' title='bbox 1645 708 1783 742; x_wconf 88' lang='lat' dir='ltr'>passus,</span> <span class='ocrx_word' id='word_1_102' title='bbox 1822 698 2044 739; x_wconf 80' lang='lat' dir='ltr'>formidabat,</span> 
     </span>
     <span class='ocr_line' id='line_1_30' title="bbox 428 756 2048 808; baseline 0.004 -17"><span class='ocrx_word' id='word_1_103' title='bbox 428 771 443 785; x_wconf 69' lang='grc' dir='ltr'><em>α</em></span> <span class='ocrx_word' id='word_1_104' title='bbox 465 756 629 798; x_wconf 89' lang='lat' dir='ltr'>lemures,</span> <span class='ocrx_word' id='word_1_105' title='bbox 651 760 755 802; x_wconf 89' lang='lat' dir='ltr'>atque</span> <span class='ocrx_word' id='word_1_106' title='bbox 774 756 844 791; x_wconf 89' lang='lat' dir='ltr'>alia</span> <span class='ocrx_word' id='word_1_107' title='bbox 863 769 942 803; x_wconf 52' lang='lat' dir='ltr'>quae</span> <span class='ocrx_word' id='word_1_108' title='bbox 960 758 1079 793; x_wconf 90' lang='lat' dir='ltr'>nescio</span> <span class='ocrx_word' id='word_1_109' title='bbox 1098 758 1225 793; x_wconf 89' lang='lat' dir='ltr'>mentis</span> <span class='ocrx_word' id='word_1_110' title='bbox 1245 770 1352 803; x_wconf 72' lang='lat' dir='ltr'>aegrae</span> <span class='ocrx_word' id='word_1_111' title='bbox 1383 757 1551 793; x_wconf 87' lang='lat' dir='ltr'>terricula</span> <span class='ocrx_word' id='word_1_112' title='bbox 1569 770 1607 793; x_wconf 87' lang='lat' dir='ltr'>ac</span> <span class='ocrx_word' id='word_1_113' title='bbox 1625 759 1732 794; x_wconf 82' lang='lat' dir='ltr'>taedia</span> <span class='ocrx_word' id='word_1_114' title='bbox 1750 772 1757 800; x_wconf 90' lang='grc'><strong>;</strong></span> <span class='ocrx_word' id='word_1_115' title='bbox 1780 761 1873 795; x_wconf 91' lang='lat' dir='ltr'>omni</span> <span class='ocrx_word' id='word_1_116' title='bbox 1904 766 2048 808; x_wconf 87' lang='lat' dir='ltr'>repente</span> 
     </span>
     <span class='ocr_line' id='line_1_31' title="bbox 428 818 2046 868; baseline 0.003 -15"><span class='ocrx_word' id='word_1_117' title='bbox 428 834 443 848; x_wconf 71' lang='lat' dir='ltr'>a</span> <span class='ocrx_word' id='word_1_118' title='bbox 465 818 510 853; x_wconf 88' lang='lat' dir='ltr'>ad</span> <span class='ocrx_word' id='word_1_119' title='bbox 526 819 674 865; x_wconf 91' lang='lat' dir='ltr'>primum</span> <span class='ocrx_word' id='word_1_120' title='bbox 692 819 867 864; x_wconf 89' lang='lat' dir='ltr'>hospitum</span> <span class='ocrx_word' id='word_1_121' title='bbox 886 824 1109 866; x_wconf 87' lang='lat' dir='ltr'>conspectum</span> <span class='ocrx_word' id='word_1_122' title='bbox 1127 820 1284 855; x_wconf 85' lang='lat' dir='ltr'>discussa</span> <span class='ocrx_word' id='word_1_123' title='bbox 1297 820 1371 861; x_wconf 84' lang='lat' dir='ltr'>illa,</span> <span class='ocrx_word' id='word_1_124' title='bbox 1389 820 1494 866; x_wconf 89' lang='lat' dir='ltr'>plena</span> <span class='ocrx_word' id='word_1_125' title='bbox 1508 824 1736 866; x_wconf 89' lang='lat' dir='ltr'>spectrorum,</span> <span class='ocrx_word' id='word_1_126' title='bbox 1754 822 1916 868; x_wconf 89' lang='lat' dir='ltr'>caligine,</span> <span class='ocrx_word' id='word_1_127' title='bbox 1934 823 2046 858; x_wconf 90' lang='lat' dir='ltr'>lucem</span> 
     </span>
     <span class='ocr_line' id='line_1_32' title="bbox 428 881 2044 930; baseline 0.002 -15"><span class='ocrx_word' id='word_1_128' title='bbox 428 895 443 910; x_wconf 70' lang='grc' dir='ltr'>κ</span> <span class='ocrx_word' id='word_1_129' title='bbox 465 881 640 927; x_wconf 91' lang='lat' dir='ltr'>quandam</span> <span class='ocrx_word' id='word_1_130' title='bbox 659 892 785 916; x_wconf 87' lang='lat' dir='ltr'>novam</span> <span class='ocrx_word' id='word_1_131' title='bbox 801 881 885 916; x_wconf 90' lang='lat' dir='ltr'>mihi</span> <span class='ocrx_word' id='word_1_132' title='bbox 904 882 1050 928; x_wconf 88' lang='lat' dir='ltr'>urbique</span> <span class='ocrx_word' id='word_1_133' title='bbox 1067 882 1148 917; x_wconf 90' lang='lat' dir='ltr'>huic</span> <span class='ocrx_word' id='word_1_134' title='bbox 1166 882 1355 917; x_wconf 79' lang='lat' dir='ltr'>affulsisse.</span> <span class='ocrx_word' id='word_1_135' title='bbox 1376 882 1397 916; x_wconf 85' lang='lat' dir='ltr'>J</span> <span class='ocrx_word' id='word_1_136' title='bbox 1404 893 1472 924; x_wconf 90' lang='lat' dir='ltr'>am,</span> <span class='ocrx_word' id='word_1_137' title='bbox 1494 882 1586 928; x_wconf 88' lang='lat' dir='ltr'>quod</span> <span class='ocrx_word' id='word_1_138' title='bbox 1605 882 1721 917; x_wconf 88' lang='lat' dir='ltr'>animo</span> <span class='ocrx_word' id='word_1_139' title='bbox 1739 883 1841 918; x_wconf 63' lang='lat' dir='ltr'>laetus</span> <span class='ocrx_word' id='word_1_140' title='bbox 1866 884 2044 930; x_wconf 75' lang='lat' dir='ltr'>praecipio,</span> 
     </span>
     <span class='ocr_line' id='line_1_33' title="bbox 429 943 2047 991; baseline 0.001 -13"><span class='ocrx_word' id='word_1_141' title='bbox 429 958 444 973; x_wconf 70' lang='grc' dir='ltr'>ιι</span> <span class='ocrx_word' id='word_1_142' title='bbox 466 947 596 983; x_wconf 86' lang='lat' dir='ltr'>vestra,</span> <span class='ocrx_word' id='word_1_143' title='bbox 634 943 740 984; x_wconf 86' lang='lat' dir='ltr'>Socii,</span> <span class='ocrx_word' id='word_1_144' title='bbox 779 943 905 978; x_wconf 90' lang='lat' dir='ltr'>heroes</span> <span class='ocrx_word' id='word_1_145' title='bbox 939 943 1080 985; x_wconf 76' lang='lat' dir='ltr'>Christi,</span> <span class='ocrx_word' id='word_1_146' title='bbox 1116 956 1223 991; x_wconf 88' lang='lat' dir='ltr'>opera</span> <span class='ocrx_word' id='word_1_147' title='bbox 1254 948 1289 979; x_wconf 87' lang='lat' dir='ltr'>et</span> <span class='ocrx_word' id='word_1_148' title='bbox 1317 956 1413 978; x_wconf 87' lang='lat' dir='ltr'>suam</span> <span class='ocrx_word' id='word_1_149' title='bbox 1443 943 1581 989; x_wconf 88' lang='lat' dir='ltr'>templis</span> <span class='ocrx_word' id='word_1_150' title='bbox 1607 943 1824 989; x_wconf 83' lang='lat' dir='ltr'>religionem,</span> <span class='ocrx_word' id='word_1_151' title='bbox 1856 952 1890 980; x_wconf 88' lang='lat' dir='ltr'>et</span> <span class='ocrx_word' id='word_1_152' title='bbox 1915 945 2047 980; x_wconf 90' lang='lat' dir='ltr'>civibus</span> 
     </span>
     <span class='ocr_line' id='line_1_34' title="bbox 427 1006 2044 1055; baseline 0.001 -13"><span class='ocrx_word' id='word_1_153' title='bbox 427 1023 443 1038; x_wconf 67' lang='lat' dir='ltr'><em>a</em></span> <span class='ocrx_word' id='word_1_154' title='bbox 464 1008 649 1055; x_wconf 87' lang='lat' dir='ltr'>pietatem,</span> <span class='ocrx_word' id='word_1_155' title='bbox 684 1011 718 1042; x_wconf 89' lang='lat' dir='ltr'>et</span> <span class='ocrx_word' id='word_1_156' title='bbox 752 1007 880 1053; x_wconf 89' lang='lat' dir='ltr'>populo</span> <span class='ocrx_word' id='word_1_157' title='bbox 928 1007 1044 1053; x_wconf 89' lang='lat' dir='ltr'>legum</span> <span class='ocrx_word' id='word_1_158' title='bbox 1087 1006 1285 1041; x_wconf 87' lang='lat' dir='ltr'>divinarum</span> <span class='ocrx_word' id='word_1_159' title='bbox 1320 1006 1572 1047; x_wconf 83' lang='lat' dir='ltr'>reverentiam,</span> <span class='ocrx_word' id='word_1_160' title='bbox 1612 1006 1715 1042; x_wconf 90' lang='lat' dir='ltr'>hodie</span> <span class='ocrx_word' id='word_1_161' title='bbox 1750 1007 1914 1043; x_wconf 86' lang='lat' dir='ltr'>restituta</span> <span class='ocrx_word' id='word_1_162' title='bbox 1945 1020 2044 1048; x_wconf 88' lang='lat' dir='ltr'>esse,</span> 
     </span>
     <span class='ocr_line' id='line_1_35' title="bbox 425 1068 2043 1119; baseline -0.001 -13"><span class='ocrx_word' id='word_1_163' title='bbox 425 1088 440 1102; x_wconf 69' lang='lat' dir='ltr'>a</span> <span class='ocrx_word' id='word_1_164' title='bbox 464 1072 679 1119; x_wconf 81' lang='lat' dir='ltr'>gaudeamus</span> <span class='ocrx_word' id='word_1_165' title='bbox 706 1071 961 1106; x_wconf 90' lang='lat' dir='ltr'>immortaliter.</span> <span class='ocrx_word' id='word_1_166' title='bbox 992 1071 1122 1106; x_wconf 84' lang='lat' dir='ltr'>Adeste</span> <span class='ocrx_word' id='word_1_167' title='bbox 1149 1069 1246 1109; x_wconf 90' lang='lat' dir='ltr'>mihi,</span> <span class='ocrx_word' id='word_1_168' title='bbox 1282 1068 1439 1107; x_wconf 84' lang='lat' dir='ltr'>obsecro,</span> <span class='ocrx_word' id='word_1_169' title='bbox 1473 1068 1603 1102; x_wconf 84' lang='lat' dir='ltr'>homini</span> <span class='ocrx_word' id='word_1_170' title='bbox 1623 1080 1685 1114; x_wconf 88' lang='lat' dir='ltr'>per</span> <span class='ocrx_word' id='word_1_171' title='bbox 1711 1073 1850 1104; x_wconf 67' lang='lat' dir='ltr'>aetatem</span> <span class='ocrx_word' id='word_1_172' title='bbox 1878 1070 2043 1111; x_wconf 85' lang='lat' dir='ltr'>invalido,</span> 
     </span>
     <span class='ocr_line' id='line_1_36' title="bbox 425 1130 2043 1182; baseline -0.002 -12"><span class='ocrx_word' id='word_1_173' title='bbox 425 1150 440 1164; x_wconf 67' lang='lat' dir='ltr'>a</span> <span class='ocrx_word' id='word_1_174' title='bbox 463 1135 639 1182; x_wconf 86' lang='lat' dir='ltr'>adjutores</span> <span class='ocrx_word' id='word_1_175' title='bbox 659 1146 665 1168; x_wconf 88' lang='lat'><strong>:</strong></span> <span class='ocrx_word' id='word_1_176' title='bbox 689 1134 809 1169; x_wconf 84' lang='lat' dir='ltr'>adeste</span> <span class='ocrx_word' id='word_1_177' title='bbox 829 1133 926 1180; x_wconf 90' lang='lat' dir='ltr'>genti</span> <span class='ocrx_word' id='word_1_178' title='bbox 941 1134 1036 1174; x_wconf 90' lang='lat' dir='ltr'>huic,</span> <span class='ocrx_word' id='word_1_179' title='bbox 1061 1136 1184 1179; x_wconf 90' lang='lat' dir='ltr'>suopte</span> <span class='ocrx_word' id='word_1_180' title='bbox 1202 1131 1343 1177; x_wconf 86' lang='lat' dir='ltr'>ingenio</span> <span class='ocrx_word' id='word_1_181' title='bbox 1359 1130 1529 1171; x_wconf 75' lang='lat' dir='ltr'>candidae,</span> <span class='ocrx_word' id='word_1_182' title='bbox 1552 1134 1586 1165; x_wconf 90' lang='lat' dir='ltr'>et</span> <span class='ocrx_word' id='word_1_183' title='bbox 1603 1131 1647 1165; x_wconf 90' lang='lat' dir='ltr'>ad</span> <span class='ocrx_word' id='word_1_184' title='bbox 1663 1131 1827 1176; x_wconf 88' lang='lat' dir='ltr'>pietatem</span> <span class='ocrx_word' id='word_1_185' title='bbox 1846 1143 2043 1178; x_wconf 78' lang='lat' dir='ltr'>propensae.</span> 
     </span>
     <span class='ocr_line' id='line_1_37' title="bbox 424 1192 2043 1243; baseline -0.002 -11"><span class='ocrx_word' id='word_1_186' title='bbox 424 1213 439 1227; x_wconf 68' lang='grc' dir='ltr'>κ</span> <span class='ocrx_word' id='word_1_187' title='bbox 462 1198 587 1243; x_wconf 87' lang='lat' dir='ltr'>Neque</span> <span class='ocrx_word' id='word_1_188' title='bbox 616 1208 680 1231; x_wconf 91' lang='lat' dir='ltr'>nos</span> <span class='ocrx_word' id='word_1_189' title='bbox 702 1196 839 1231; x_wconf 86' lang='lat' dir='ltr'>interim</span> <span class='ocrx_word' id='word_1_190' title='bbox 865 1195 1091 1230; x_wconf 84' lang='lat' dir='ltr'>cessabimus.</span> <span class='ocrx_word' id='word_1_191' title='bbox 1127 1194 1252 1229; x_wconf 88' lang='lat' dir='ltr'>Enitar</span> <span class='ocrx_word' id='word_1_192' title='bbox 1279 1192 1467 1232; x_wconf 85' lang='lat' dir='ltr'>enimvero,</span> <span class='ocrx_word' id='word_1_193' title='bbox 1503 1196 1541 1226; x_wconf 90' lang='lat' dir='ltr'>ut</span> <span class='ocrx_word' id='word_1_194' title='bbox 1577 1204 1621 1227; x_wconf 90' lang='lat' dir='ltr'>ne</span> <span class='ocrx_word' id='word_1_195' title='bbox 1650 1193 1734 1227; x_wconf 89' lang='lat' dir='ltr'>mihi</span> <span class='ocrx_word' id='word_1_196' title='bbox 1762 1194 1892 1229; x_wconf 87' lang='lat' dir='ltr'>meisve</span> <span class='ocrx_word' id='word_1_197' title='bbox 1924 1206 2043 1240; x_wconf 86' lang='lat' dir='ltr'>opera,</span> 
     </span>
     <span class='ocr_line' id='line_1_38' title="bbox 426 1253 2045 1304; baseline -0.002 -10"><span class='ocrx_word' id='word_1_198' title='bbox 426 1275 441 1289; x_wconf 68' lang='grc' dir='ltr'>α</span> <span class='ocrx_word' id='word_1_199' title='bbox 463 1259 622 1299; x_wconf 90' lang='lat' dir='ltr'>consilio,</span> <span class='ocrx_word' id='word_1_200' title='bbox 656 1262 690 1293; x_wconf 87' lang='lat' dir='ltr'>et</span> <span class='ocrx_word' id='word_1_201' title='bbox 715 1269 851 1304; x_wconf 87' lang='lat' dir='ltr'>quoque</span> <span class='ocrx_word' id='word_1_202' title='bbox 876 1262 998 1304; x_wconf 85' lang='lat' dir='ltr'>potero</span> <span class='ocrx_word' id='word_1_203' title='bbox 1029 1257 1145 1296; x_wconf 78' lang='lat' dir='ltr'>modo,</span> <span class='ocrx_word' id='word_1_204' title='bbox 1173 1255 1294 1290; x_wconf 89' lang='lat' dir='ltr'>desim.</span> <span class='ocrx_word' id='word_1_205' title='bbox 1320 1271 1336 1284; x_wconf 64' lang='lat' dir='ltr'><em>n</em></span> <span class='ocrx_word' id='word_1_206' title='bbox 1363 1253 1527 1299; x_wconf 84' lang='lat' dir='ltr'>Singulos</span> <span class='ocrx_word' id='word_1_207' title='bbox 1555 1254 1681 1289; x_wconf 86' lang='lat' dir='ltr'>deinde</span> <span class='ocrx_word' id='word_1_208' title='bbox 1705 1258 1852 1301; x_wconf 89' lang='lat' dir='ltr'>paterno</span> <span class='ocrx_word' id='word_1_209' title='bbox 1881 1256 2045 1302; x_wconf 87' lang='lat' dir='ltr'>dignatus</span> 
     </span>
     <span class='ocr_line' id='line_1_39' title="bbox 423 1316 2047 1368; baseline -0.002 -11"><span class='ocrx_word' id='word_1_210' title='bbox 423 1321 616 1368; x_wconf 82' lang='lat' dir='ltr'>complexu,</span> <span class='ocrx_word' id='word_1_211' title='bbox 638 1321 704 1356; x_wconf 91' lang='lat' dir='ltr'>hoc</span> <span class='ocrx_word' id='word_1_212' title='bbox 724 1321 780 1355; x_wconf 88' lang='lat' dir='ltr'>die</span> <span class='ocrx_word' id='word_1_213' title='bbox 799 1321 843 1355; x_wconf 92' lang='lat' dir='ltr'>ad</span> <span class='ocrx_word' id='word_1_214' title='bbox 863 1332 1021 1356; x_wconf 88' lang='lat' dir='ltr'>mensam</span> <span class='ocrx_word' id='word_1_215' title='bbox 1053 1330 1151 1354; x_wconf 90' lang='lat' dir='ltr'>suam</span> <span class='ocrx_word' id='word_1_216' title='bbox 1176 1317 1283 1363; x_wconf 85' lang='lat' dir='ltr'>jussit</span> <span class='ocrx_word' id='word_1_217' title='bbox 1315 1327 1391 1351; x_wconf 87' lang='lat' dir='ltr'>esse</span> <span class='ocrx_word' id='word_1_218' title='bbox 1410 1316 1588 1351; x_wconf 78' lang='lat' dir='ltr'>convivas.</span> <span class='ocrx_word' id='word_1_219' title='bbox 1622 1317 1888 1352; x_wconf 88' lang='lat' dir='ltr'>Discumbentes</span> <span class='ocrx_word' id='word_1_220' title='bbox 1916 1318 1965 1353; x_wconf 87' lang='lat' dir='ltr'>sic</span> <span class='ocrx_word' id='word_1_221' title='bbox 1987 1318 2047 1354; x_wconf 91' lang='lat' dir='ltr'>ille</span> 
     </span>
     <span class='ocr_line' id='line_1_40' title="bbox 424 1379 2046 1427; baseline -0.003 -7"><span class='ocrx_word' id='word_1_222' title='bbox 424 1384 666 1424; x_wconf 84' lang='lat' dir='ltr'>contuebatur,</span> <span class='ocrx_word' id='word_1_223' title='bbox 694 1386 763 1418; x_wconf 87' lang='lat' dir='ltr'>tam</span> <span class='ocrx_word' id='word_1_224' title='bbox 781 1386 941 1418; x_wconf 87' lang='lat' dir='ltr'>amanter</span> <span class='ocrx_word' id='word_1_225' title='bbox 972 1381 1218 1427; x_wconf 82' lang='lat' dir='ltr'>compellabat,</span> <span class='ocrx_word' id='word_1_226' title='bbox 1252 1379 1500 1426; x_wconf 89' lang='lat' dir='ltr'>poscebatque,</span> <span class='ocrx_word' id='word_1_227' title='bbox 1531 1382 1569 1413; x_wconf 90' lang='lat' dir='ltr'>ut</span> <span class='ocrx_word' id='word_1_228' title='bbox 1596 1389 1639 1412; x_wconf 76' lang='lat' dir='ltr'>ex</span> <span class='ocrx_word' id='word_1_229' title='bbox 1657 1390 1730 1418; x_wconf 86' lang='lat' dir='ltr'>ore,</span> <span class='ocrx_word' id='word_1_230' title='bbox 1757 1390 1799 1414; x_wconf 83' lang='lat' dir='ltr'>ex</span> <span class='ocrx_word' id='word_1_231' title='bbox 1830 1380 1925 1414; x_wconf 91' lang='lat' dir='ltr'>omni</span> <span class='ocrx_word' id='word_1_232' title='bbox 1943 1385 2046 1426; x_wconf 91' lang='lat' dir='ltr'>gestu</span> 
     </span>
     <span class='ocr_line' id='line_1_41' title="bbox 422 1441 2040 1490; baseline 0 -10"><span class='ocrx_word' id='word_1_233' title='bbox 422 1445 576 1481; x_wconf 77' lang='lat' dir='ltr'>hilaritas</span> <span class='ocrx_word' id='word_1_234' title='bbox 607 1449 640 1480; x_wconf 89' lang='lat' dir='ltr'>et</span> <span class='ocrx_word' id='word_1_235' title='bbox 671 1444 914 1480; x_wconf 86' lang='lat' dir='ltr'>benevolentia</span> <span class='ocrx_word' id='word_1_236' title='bbox 944 1444 1122 1490; x_wconf 61' lang='lat' dir='ltr'>praecipua</span> <span class='ocrx_word' id='word_1_237' title='bbox 1158 1442 1338 1477; x_wconf 87' lang='lat' dir='ltr'>emineret.</span> <span class='ocrx_word' id='word_1_238' title='bbox 1377 1441 1482 1477; x_wconf 77' lang='lat' dir='ltr'>Sexto</span> <span class='ocrx_word' id='word_1_239' title='bbox 1521 1447 1601 1488; x_wconf 86' lang='lat' dir='ltr'>post</span> <span class='ocrx_word' id='word_1_240' title='bbox 1631 1443 1686 1478; x_wconf 88' lang='lat' dir='ltr'>die</span> <span class='ocrx_word' id='word_1_241' title='bbox 1722 1444 1802 1477; x_wconf 89' lang='lat' dir='ltr'>visit</span> <span class='ocrx_word' id='word_1_242' title='bbox 1834 1444 2040 1490; x_wconf 80' lang='lat' dir='ltr'>Collegium,</span> 
     </span>
     <span class='ocr_line' id='line_1_42' title="bbox 424 1504 2047 1554; baseline -0.001 -11"><span class='ocrx_word' id='word_1_243' title='bbox 424 1509 590 1544; x_wconf 86' lang='lat' dir='ltr'>comitatu</span> <span class='ocrx_word' id='word_1_244' title='bbox 610 1508 758 1554; x_wconf 88' lang='lat' dir='ltr'>stipatus</span> <span class='ocrx_word' id='word_1_245' title='bbox 777 1507 1014 1542; x_wconf 86' lang='lat' dir='ltr'>ornatissimo.</span> <span class='ocrx_word' id='word_1_246' title='bbox 1038 1506 1152 1541; x_wconf 85' lang='lat' dir='ltr'>Recta</span> <span class='ocrx_word' id='word_1_247' title='bbox 1172 1516 1208 1539; x_wconf 93' lang='lat' dir='ltr'>se</span> <span class='ocrx_word' id='word_1_248' title='bbox 1226 1516 1303 1538; x_wconf 90' lang='lat' dir='ltr'>cum</span> <span class='ocrx_word' id='word_1_249' title='bbox 1329 1504 1441 1539; x_wconf 86' lang='lat' dir='ltr'>Sociis</span> <span class='ocrx_word' id='word_1_250' title='bbox 1460 1504 1496 1538; x_wconf 89' lang='lat' dir='ltr'>in</span> <span class='ocrx_word' id='word_1_251' title='bbox 1521 1504 1687 1539; x_wconf 89' lang='lat' dir='ltr'>sacellum</span> <span class='ocrx_word' id='word_1_252' title='bbox 1715 1506 1861 1541; x_wconf 89' lang='lat' dir='ltr'>contulit</span> <span class='ocrx_word' id='word_1_253' title='bbox 1883 1507 2047 1542; x_wconf 88' lang='lat' dir='ltr'>domesti-</span> 
     </span>
     <span class='ocr_line' id='line_1_43' title="bbox 424 1566 2048 1615; baseline 0.001 -12"><span class='ocrx_word' id='word_1_254' title='bbox 424 1580 514 1607; x_wconf 89' lang='lat' dir='ltr'>cum,</span> <span class='ocrx_word' id='word_1_255' title='bbox 547 1572 620 1602; x_wconf 91' lang='lat' dir='ltr'>tum</span> <span class='ocrx_word' id='word_1_256' title='bbox 640 1567 846 1613; x_wconf 69' lang='lat' dir='ltr'>profitenda&gt;</span> <span class='ocrx_word' id='word_1_257' title='bbox 865 1578 940 1601; x_wconf 59' lang='lat' dir='ltr'>suae</span> <span class='ocrx_word' id='word_1_258' title='bbox 958 1567 1051 1612; x_wconf 87' lang='lat' dir='ltr'>apud</span> <span class='ocrx_word' id='word_1_259' title='bbox 1069 1568 1180 1602; x_wconf 90' lang='lat' dir='ltr'>Deum</span> <span class='ocrx_word' id='word_1_260' title='bbox 1194 1566 1398 1607; x_wconf 80' lang='lat' dir='ltr'>voluntatis,</span> <span class='ocrx_word' id='word_1_261' title='bbox 1420 1569 1493 1600; x_wconf 86' lang='lat' dir='ltr'>tum</span> <span class='ocrx_word' id='word_1_262' title='bbox 1512 1567 1638 1611; x_wconf 79' lang='lat' dir='ltr'>gratiae</span> <span class='ocrx_word' id='word_1_263' title='bbox 1656 1571 1690 1602; x_wconf 89' lang='lat' dir='ltr'>et</span> <span class='ocrx_word' id='word_1_264' title='bbox 1716 1568 1791 1613; x_wconf 91' lang='lat' dir='ltr'>opis</span> <span class='ocrx_word' id='word_1_265' title='bbox 1818 1569 2048 1615; x_wconf 63' lang='lat' dir='ltr'>implorandae</span> 
     </span>
     <span class='ocr_line' id='line_1_44' title="bbox 424 1628 2049 1675; baseline 0.001 -10"><span class='ocrx_word' id='word_1_266' title='bbox 424 1642 554 1665; x_wconf 88' lang='lat' dir='ltr'>causa:</span> <span class='ocrx_word' id='word_1_267' title='bbox 590 1630 641 1664; x_wconf 89' lang='lat' dir='ltr'>uti</span> <span class='ocrx_word' id='word_1_268' title='bbox 675 1641 711 1664; x_wconf 90' lang='lat' dir='ltr'>se</span> <span class='ocrx_word' id='word_1_269' title='bbox 745 1634 791 1671; x_wconf 85' lang='lat' dir='ltr'>et,</span> <span class='ocrx_word' id='word_1_270' title='bbox 826 1641 928 1675; x_wconf 88' lang='lat' dir='ltr'>quam</span> <span class='ocrx_word' id='word_1_271' title='bbox 964 1629 1182 1669; x_wconf 84' lang='lat' dir='ltr'>adduxisset,</span> <span class='ocrx_word' id='word_1_272' title='bbox 1220 1628 1387 1663; x_wconf 83' lang='lat' dir='ltr'>familiam</span> <span class='ocrx_word' id='word_1_273' title='bbox 1418 1633 1596 1675; x_wconf 83' lang='lat' dir='ltr'>acceptam</span> <span class='ocrx_word' id='word_1_274' title='bbox 1628 1630 1722 1665; x_wconf 91' lang='lat' dir='ltr'>Deus</span> <span class='ocrx_word' id='word_1_275' title='bbox 1755 1631 1797 1665; x_wconf 86' lang='lat' dir='ltr'>O.</span> <span class='ocrx_word' id='word_1_276' title='bbox 1832 1632 1883 1666; x_wconf 92' lang='lat' dir='ltr'>M.</span> <span class='ocrx_word' id='word_1_277' title='bbox 1918 1636 2049 1667; x_wconf 85' lang='lat' dir='ltr'>sartam</span> 
     </span>
     <span class='ocr_line' id='line_1_45' title="bbox 423 1691 2049 1739; baseline -0.001 -10"><span class='ocrx_word' id='word_1_278' title='bbox 423 1698 619 1739; x_wconf 87' lang='lat' dir='ltr'>tectamque</span> <span class='ocrx_word' id='word_1_279' title='bbox 658 1693 828 1727; x_wconf 87' lang='lat' dir='ltr'>adversus</span> <span class='ocrx_word' id='word_1_280' title='bbox 869 1692 989 1727; x_wconf 88' lang='lat' dir='ltr'>hostes</span> <span class='ocrx_word' id='word_1_281' title='bbox 1025 1703 1102 1727; x_wconf 91' lang='lat' dir='ltr'>esse</span> <span class='ocrx_word' id='word_1_282' title='bbox 1141 1691 1259 1726; x_wconf 80' lang='lat' dir='ltr'>vellet.</span> <span class='ocrx_word' id='word_1_283' title='bbox 1299 1691 1530 1725; x_wconf 87' lang='lat' dir='ltr'>Decantatum</span> <span class='ocrx_word' id='word_1_284' title='bbox 1566 1691 1712 1726; x_wconf 88' lang='lat' dir='ltr'>subinde</span> <span class='ocrx_word' id='word_1_285' title='bbox 1749 1703 1886 1727; x_wconf 85' lang='lat' dir='ltr'>sacrum</span> <span class='ocrx_word' id='word_1_286' title='bbox 1921 1693 2049 1728; x_wconf 65' lang='lat' dir='ltr'>divinae</span> 
     </span>
     <span class='ocr_line' id='line_1_46' title="bbox 423 1754 2048 1799; baseline 0.001 -8"><span class='ocrx_word' id='word_1_287' title='bbox 423 1756 586 1791; x_wconf 87' lang='lat' dir='ltr'>Trinitati</span> <span class='ocrx_word' id='word_1_288' title='bbox 618 1756 786 1790; x_wconf 86' lang='lat' dir='ltr'>votivum.</span> <span class='ocrx_word' id='word_1_289' title='bbox 825 1755 1022 1790; x_wconf 85' lang='lat' dir='ltr'>Secundum</span> <span class='ocrx_word' id='word_1_290' title='bbox 1050 1755 1085 1789; x_wconf 90' lang='lat' dir='ltr'>id</span> <span class='ocrx_word' id='word_1_291' title='bbox 1115 1767 1136 1789; x_wconf 90' lang='lat' dir='ltr'>a</span> <span class='ocrx_word' id='word_1_292' title='bbox 1168 1754 1279 1789; x_wconf 88' lang='lat' dir='ltr'>Sociis</span> <span class='ocrx_word' id='word_1_293' title='bbox 1311 1757 1344 1789; x_wconf 86' lang='lat' dir='ltr'>et</span> <span class='ocrx_word' id='word_1_294' title='bbox 1376 1765 1397 1787; x_wconf 88' lang='lat' dir='ltr'>a</span> <span class='ocrx_word' id='word_1_295' title='bbox 1423 1754 1611 1799; x_wconf 82' lang='lat' dir='ltr'>juvenibus</span> <span class='ocrx_word' id='word_1_296' title='bbox 1643 1754 1858 1790; x_wconf 78' lang='lat' dir='ltr'>scholasticis</span> <span class='ocrx_word' id='word_1_297' title='bbox 1890 1756 2048 1792; x_wconf 88' lang='lat' dir='ltr'>oratione</span> 
     </span>
     <span class='ocr_line' id='line_1_47' title="bbox 422 1815 2047 1863; baseline 0 -11"><span class='ocrx_word' id='word_1_298' title='bbox 422 1818 542 1857; x_wconf 84' lang='lat' dir='ltr'>latina,</span> <span class='ocrx_word' id='word_1_299' title='bbox 564 1822 637 1853; x_wconf 90' lang='lat' dir='ltr'>tum</span> <span class='ocrx_word' id='word_1_300' title='bbox 656 1818 753 1863; x_wconf 89' lang='lat' dir='ltr'>poesi</span> <span class='ocrx_word' id='word_1_301' title='bbox 773 1817 939 1852; x_wconf 88' lang='lat' dir='ltr'>hebraica</span> <span class='ocrx_word' id='word_1_302' title='bbox 954 1822 988 1852; x_wconf 92' lang='lat' dir='ltr'>et</span> <span class='ocrx_word' id='word_1_303' title='bbox 1006 1829 1124 1863; x_wconf 56' lang='lat' dir='ltr'>graeca</span> <span class='ocrx_word' id='word_1_304' title='bbox 1153 1816 1313 1851; x_wconf 88' lang='lat' dir='ltr'>Pontifici</span> <span class='ocrx_word' id='word_1_305' title='bbox 1341 1815 1510 1855; x_wconf 88' lang='lat' dir='ltr'>benefico,</span> <span class='ocrx_word' id='word_1_306' title='bbox 1535 1815 1682 1861; x_wconf 86' lang='lat' dir='ltr'>Collegii</span> <span class='ocrx_word' id='word_1_307' title='bbox 1706 1817 1882 1851; x_wconf 84' lang='lat' dir='ltr'>nascentis</span> <span class='ocrx_word' id='word_1_308' title='bbox 1908 1817 2047 1853; x_wconf 85' lang='lat' dir='ltr'>nomine</span> 
     </span>
     <span class='ocr_line' id='line_1_48' title="bbox 424 1877 2047 1926; baseline -0.001 -11"><span class='ocrx_word' id='word_1_309' title='bbox 424 1884 459 1916; x_wconf 89' lang='lat' dir='ltr'>et</span> <span class='ocrx_word' id='word_1_310' title='bbox 491 1879 680 1926; x_wconf 82' lang='lat' dir='ltr'>gymnasii,</span> <span class='ocrx_word' id='word_1_311' title='bbox 703 1883 788 1914; x_wconf 61' lang='lat' dir='ltr'>acta}</span> <span class='ocrx_word' id='word_1_312' title='bbox 819 1879 955 1925; x_wconf 53' lang='lat' dir='ltr'>gratiae.</span> <span class='ocrx_word' id='word_1_313' title='bbox 991 1879 1145 1914; x_wconf 87' lang='lat' dir='ltr'>Subinde</span> <span class='ocrx_word' id='word_1_314' title='bbox 1176 1879 1211 1912; x_wconf 93' lang='lat' dir='ltr'>in</span> <span class='ocrx_word' id='word_1_315' title='bbox 1240 1879 1366 1924; x_wconf 49' lang='lat' dir='ltr'>Lycaeo</span> <span class='ocrx_word' id='word_1_316' title='bbox 1397 1889 1417 1911; x_wconf 88' lang='lat' dir='ltr'>a</span> <span class='ocrx_word' id='word_1_317' title='bbox 1448 1877 1617 1922; x_wconf 84' lang='lat' dir='ltr'>magistro</span> <span class='ocrx_word' id='word_1_318' title='bbox 1649 1877 1858 1923; x_wconf 82' lang='lat' dir='ltr'>eloquentiae</span> <span class='ocrx_word' id='word_1_319' title='bbox 1887 1878 1930 1913; x_wconf 90' lang='lat' dir='ltr'>de</span> <span class='ocrx_word' id='word_1_320' title='bbox 1970 1879 2047 1914; x_wconf 87' lang='lat' dir='ltr'>utili</span> 
     </span>
     <span class='ocr_line' id='line_1_49' title="bbox 422 1941 2044 1988; baseline 0.002 -12"><span class='ocrx_word' id='word_1_321' title='bbox 422 1942 550 1976; x_wconf 86' lang='lat' dir='ltr'>artium</span> <span class='ocrx_word' id='word_1_322' title='bbox 587 1942 756 1976; x_wconf 87' lang='lat' dir='ltr'>bonarum</span> <span class='ocrx_word' id='word_1_323' title='bbox 788 1942 917 1983; x_wconf 88' lang='lat' dir='ltr'>studio,</span> <span class='ocrx_word' id='word_1_324' title='bbox 957 1941 1099 1987; x_wconf 80' lang='lat' dir='ltr'>ejusque</span> <span class='ocrx_word' id='word_1_325' title='bbox 1134 1941 1337 1981; x_wconf 82' lang='lat' dir='ltr'>honestate,</span> <span class='ocrx_word' id='word_1_326' title='bbox 1371 1941 1416 1975; x_wconf 88' lang='lat' dir='ltr'>ad</span> <span class='ocrx_word' id='word_1_327' title='bbox 1446 1942 1666 1987; x_wconf 80' lang='lat' dir='ltr'>juventutem</span> <span class='ocrx_word' id='word_1_328' title='bbox 1702 1943 1838 1988; x_wconf 88' lang='lat' dir='ltr'>publice</span> <span class='ocrx_word' id='word_1_329' title='bbox 1882 1944 2044 1980; x_wconf 81' lang='lat' dir='ltr'>instituta</span> 
     </span>
     <span class='ocr_line' id='line_1_50' title="bbox 420 2002 2044 2050; baseline 0.002 -12"><span class='ocrx_word' id='word_1_330' title='bbox 420 2004 531 2038; x_wconf 89' lang='lat' dir='ltr'>oratio</span> <span class='ocrx_word' id='word_1_331' title='bbox 546 2016 552 2038; x_wconf 91' lang='grc'>;</span> <span class='ocrx_word' id='word_1_332' title='bbox 570 2003 694 2049; x_wconf 86' lang='lat' dir='ltr'>reliqui</span> <span class='ocrx_word' id='word_1_333' title='bbox 712 2008 886 2050; x_wconf 90' lang='lat' dir='ltr'>postremo</span> <span class='ocrx_word' id='word_1_334' title='bbox 901 2003 1049 2038; x_wconf 88' lang='lat' dir='ltr'>aliarum</span> <span class='ocrx_word' id='word_1_335' title='bbox 1064 2007 1298 2049; x_wconf 73' lang='lat' dir='ltr'>praeceptores</span> <span class='ocrx_word' id='word_1_336' title='bbox 1313 2002 1516 2037; x_wconf 81' lang='lat' dir='ltr'>facultatum</span> <span class='ocrx_word' id='word_1_337' title='bbox 1532 2016 1614 2039; x_wconf 85' lang='lat' dir='ltr'>suas</span> <span class='ocrx_word' id='word_1_338' title='bbox 1629 2005 1773 2050; x_wconf 85' lang='lat' dir='ltr'>quisque</span> <span class='ocrx_word' id='word_1_339' title='bbox 1789 2016 1906 2040; x_wconf 90' lang='lat' dir='ltr'>musas</span> <span class='ocrx_word' id='word_1_340' title='bbox 1922 2007 2044 2042; x_wconf 89' lang='lat' dir='ltr'>ordine</span> 
     </span>
     <span class='ocr_line' id='line_1_51' title="bbox 421 2065 2042 2111; baseline 0.001 -10"><span class='ocrx_word' id='word_1_341' title='bbox 421 2067 725 2102; x_wconf 88' lang='lat' dir='ltr'>commendabant.</span> <span class='ocrx_word' id='word_1_342' title='bbox 749 2067 855 2102; x_wconf 83' lang='lat' dir='ltr'>Pauci</span> <span class='ocrx_word' id='word_1_343' title='bbox 874 2067 971 2101; x_wconf 86' lang='lat' dir='ltr'>initio</span> <span class='ocrx_word' id='word_1_344' title='bbox 990 2067 1026 2101; x_wconf 90' lang='lat' dir='ltr'>in</span> <span class='ocrx_word' id='word_1_345' title='bbox 1041 2066 1181 2105; x_wconf 89' lang='lat' dir='ltr'>scholis,</span> <span class='ocrx_word' id='word_1_346' title='bbox 1200 2070 1305 2111; x_wconf 87' lang='lat' dir='ltr'>atque</span> <span class='ocrx_word' id='word_1_347' title='bbox 1327 2076 1345 2099; x_wconf 89' lang='lat' dir='ltr'>e</span> <span class='ocrx_word' id='word_1_348' title='bbox 1369 2065 1509 2099; x_wconf 83' lang='lat' dir='ltr'>civitate</span> <span class='ocrx_word' id='word_1_349' title='bbox 1528 2065 1604 2111; x_wconf 85' lang='lat' dir='ltr'>ipsa</span> <span class='ocrx_word' id='word_1_350' title='bbox 1632 2066 1888 2108; x_wconf 89' lang='lat' dir='ltr'>censebantur;</span> <span class='ocrx_word' id='word_1_351' title='bbox 1916 2067 2042 2103; x_wconf 90' lang='lat' dir='ltr'>litteris</span> 
     </span>
     <span class='ocr_line' id='line_1_52' title="bbox 419 2127 2043 2175; baseline 0.002 -13"><span class='ocrx_word' id='word_1_352' title='bbox 419 2140 498 2162; x_wconf 86' lang='lat' dir='ltr'>mox</span> <span class='ocrx_word' id='word_1_353' title='bbox 525 2140 587 2174; x_wconf 91' lang='lat' dir='ltr'>per</span> <span class='ocrx_word' id='word_1_354' title='bbox 617 2129 831 2174; x_wconf 82' lang='lat' dir='ltr'>provinciam</span> <span class='ocrx_word' id='word_1_355' title='bbox 859 2129 1010 2163; x_wconf 89' lang='lat' dir='ltr'>dimissis</span> <span class='ocrx_word' id='word_1_356' title='bbox 1042 2128 1202 2163; x_wconf 77' lang='lat' dir='ltr'>Pontifex</span> <span class='ocrx_word' id='word_1_357' title='bbox 1226 2127 1377 2162; x_wconf 85' lang='lat' dir='ltr'>familias</span> <span class='ocrx_word' id='word_1_358' title='bbox 1409 2128 1601 2169; x_wconf 84' lang='lat' dir='ltr'>admonuit,</span> <span class='ocrx_word' id='word_1_359' title='bbox 1630 2133 1789 2175; x_wconf 87' lang='lat' dir='ltr'>apertum</span> <span class='ocrx_word' id='word_1_360' title='bbox 1817 2141 1894 2164; x_wconf 89' lang='lat' dir='ltr'>esse</span> <span class='ocrx_word' id='word_1_361' title='bbox 1927 2130 2043 2166; x_wconf 82' lang='lat' dir='ltr'>Vilnae</span> 
     </span>
     <span class='ocr_line' id='line_1_53' title="bbox 421 2188 2038 2235; baseline 0.004 -13"><span class='ocrx_word' id='word_1_362' title='bbox 421 2188 642 2235; x_wconf 88' lang='lat' dir='ltr'>gymnasium</span> <span class='ocrx_word' id='word_1_363' title='bbox 686 2189 827 2223; x_wconf 89' lang='lat' dir='ltr'>utilitati</span> <span class='ocrx_word' id='word_1_364' title='bbox 866 2189 1040 2234; x_wconf 58' lang='lat' dir='ltr'>publicae:</span> <span class='ocrx_word' id='word_1_365' title='bbox 1088 2206 1103 2218; x_wconf 68' lang='lat' dir='ltr'>a</span> <span class='ocrx_word' id='word_1_366' title='bbox 1142 2190 1322 2224; x_wconf 87' lang='lat' dir='ltr'>mitterent</span> <span class='ocrx_word' id='word_1_367' title='bbox 1352 2189 1455 2230; x_wconf 89' lang='lat' dir='ltr'>filios,</span> <span class='ocrx_word' id='word_1_368' title='bbox 1495 2190 1729 2225; x_wconf 84' lang='lat' dir='ltr'>instituendos</span> <span class='ocrx_word' id='word_1_369' title='bbox 1767 2191 2038 2228; x_wconf 85' lang='lat' dir='ltr'>honestissime:</span> 
     </span>
     <span class='ocr_line' id='line_1_54' title="bbox 423 2250 2038 2298; baseline 0.004 -15"><span class='ocrx_word' id='word_1_370' title='bbox 423 2265 438 2279; x_wconf 68' lang='lat' dir='ltr'><strong><em>a</em></strong></span> <span class='ocrx_word' id='word_1_371' title='bbox 461 2254 695 2296; x_wconf 63' lang='lat' dir='ltr'>praeceptores</span> <span class='ocrx_word' id='word_1_372' title='bbox 723 2262 800 2285; x_wconf 88' lang='lat' dir='ltr'>esse</span> <span class='ocrx_word' id='word_1_373' title='bbox 826 2250 1046 2291; x_wconf 89' lang='lat' dir='ltr'>lectissimos,</span> <span class='ocrx_word' id='word_1_374' title='bbox 1077 2251 1172 2286; x_wconf 87' lang='lat' dir='ltr'>viros</span> <span class='ocrx_word' id='word_1_375' title='bbox 1199 2263 1275 2285; x_wconf 86' lang='lat' dir='ltr'>cum</span> <span class='ocrx_word' id='word_1_376' title='bbox 1304 2251 1461 2285; x_wconf 87' lang='lat' dir='ltr'>doctrina</span> <span class='ocrx_word' id='word_1_377' title='bbox 1493 2255 1565 2286; x_wconf 91' lang='lat' dir='ltr'>tum</span> <span class='ocrx_word' id='word_1_378' title='bbox 1597 2252 1726 2298; x_wconf 89' lang='lat' dir='ltr'>pietate</span> <span class='ocrx_word' id='word_1_379' title='bbox 1756 2254 2038 2290; x_wconf 87' lang='lat' dir='ltr'>commendabili.</span> 
     </span>
     <span class='ocr_line' id='line_1_55' title="bbox 423 2312 2040 2362; baseline 0.003 -16"><span class='ocrx_word' id='word_1_380' title='bbox 423 2328 438 2341; x_wconf 71' lang='grc' dir='ltr'>κ</span> <span class='ocrx_word' id='word_1_381' title='bbox 460 2312 635 2358; x_wconf 88' lang='lat' dir='ltr'>Appetere</span> <span class='ocrx_word' id='word_1_382' title='bbox 669 2313 692 2347; x_wconf 73' lang='lat'>8</span> <span class='ocrx_word' id='word_1_383' title='bbox 721 2313 803 2347; x_wconf 92' lang='lat' dir='ltr'>Idus</span> <span class='ocrx_word' id='word_1_384' title='bbox 835 2314 959 2359; x_wconf 84' lang='lat' dir='ltr'>majas,</span> <span class='ocrx_word' id='word_1_385' title='bbox 994 2314 1086 2349; x_wconf 89' lang='lat' dir='ltr'>diem</span> <span class='ocrx_word' id='word_1_386' title='bbox 1113 2314 1223 2348; x_wconf 86' lang='lat' dir='ltr'>Beato</span> <span class='ocrx_word' id='word_1_387' title='bbox 1261 2313 1437 2347; x_wconf 84' lang='lat' dir='ltr'>Stanislao</span> <span class='ocrx_word' id='word_1_388' title='bbox 1471 2313 1616 2360; x_wconf 82' lang='lat' dir='ltr'>martyri</span> <span class='ocrx_word' id='word_1_389' title='bbox 1656 2325 1819 2355; x_wconf 89' lang='lat' dir='ltr'>sacrum;</span> <span class='ocrx_word' id='word_1_390' title='bbox 1858 2315 1901 2349; x_wconf 90' lang='lat' dir='ltr'>ad</span> <span class='ocrx_word' id='word_1_391' title='bbox 1940 2328 2040 2362; x_wconf 91' lang='lat' dir='ltr'>quem</span> 
     </span>
     <span class='ocr_line' id='line_1_56' title="bbox 422 2374 2039 2423; baseline 0.003 -15"><span class='ocrx_word' id='word_1_392' title='bbox 422 2390 437 2404; x_wconf 71' lang='grc' dir='ltr'><em>α</em></span> <span class='ocrx_word' id='word_1_393' title='bbox 460 2378 603 2419; x_wconf 87' lang='lat' dir='ltr'>cuperet</span> <span class='ocrx_word' id='word_1_394' title='bbox 637 2374 757 2410; x_wconf 87' lang='lat' dir='ltr'>videre</span> <span class='ocrx_word' id='word_1_395' title='bbox 788 2376 936 2421; x_wconf 83' lang='lat' dir='ltr'>juvenes</span> <span class='ocrx_word' id='word_1_396' title='bbox 979 2376 1014 2410; x_wconf 89' lang='lat' dir='ltr'>in</span> <span class='ocrx_word' id='word_1_397' title='bbox 1051 2376 1178 2410; x_wconf 89' lang='lat' dir='ltr'>scholis</span> <span class='ocrx_word' id='word_1_398' title='bbox 1218 2386 1321 2420; x_wconf 86' lang='lat' dir='ltr'>quam</span> <span class='ocrx_word' id='word_1_399' title='bbox 1354 2375 1666 2421; x_wconf 84' lang='lat' dir='ltr'>frequentissimos.</span> <span class='ocrx_word' id='word_1_400' title='bbox 1707 2394 1722 2409; x_wconf 63' lang='lat' dir='ltr'>n</span> <span class='ocrx_word' id='word_1_401' title='bbox 1759 2377 1862 2411; x_wconf 90' lang='lat' dir='ltr'>Hunc</span> <span class='ocrx_word' id='word_1_402' title='bbox 1901 2378 2039 2423; x_wconf 88' lang='lat' dir='ltr'>quidem</span> 
     </span>
     <span class='ocr_line' id='line_1_57' title="bbox 418 2437 2040 2486; baseline 0.002 -15"><span class='ocrx_word' id='word_1_403' title='bbox 418 2437 628 2477; x_wconf 87' lang='lat' dir='ltr'>scholarum,</span> <span class='ocrx_word' id='word_1_404' title='bbox 649 2437 793 2483; x_wconf 86' lang='lat' dir='ltr'>Collegii</span> <span class='ocrx_word' id='word_1_405' title='bbox 813 2442 928 2473; x_wconf 82' lang='lat' dir='ltr'>autem</span> <span class='ocrx_word' id='word_1_406' title='bbox 949 2438 1254 2484; x_wconf 85' lang='lat' dir='ltr'>quitumdecimum</span> <span class='ocrx_word' id='word_1_407' title='bbox 1274 2441 1355 2471; x_wconf 85' lang='lat' dir='ltr'>ante</span> <span class='ocrx_word' id='word_1_408' title='bbox 1375 2437 1516 2472; x_wconf 78' lang='lat' dir='ltr'>sextiles</span> <span class='ocrx_word' id='word_1_409' title='bbox 1534 2438 1705 2473; x_wconf 87' lang='lat' dir='ltr'>kalendas</span> <span class='ocrx_word' id='word_1_410' title='bbox 1731 2450 1793 2485; x_wconf 91' lang='lat' dir='ltr'>pro</span> <span class='ocrx_word' id='word_1_411' title='bbox 1821 2439 1930 2474; x_wconf 88' lang='lat' dir='ltr'>natali</span> <span class='ocrx_word' id='word_1_412' title='bbox 1957 2445 2040 2486; x_wconf 85' lang='lat' dir='ltr'>quot</span> 
     </span>
     <span class='ocr_line' id='line_1_58' title="bbox 419 2498 2037 2546; baseline 0.004 -13"><span class='ocrx_word' id='word_1_413' title='bbox 419 2499 517 2533; x_wconf 86' lang='lat' dir='ltr'>annis</span> <span class='ocrx_word' id='word_1_414' title='bbox 537 2498 627 2533; x_wconf 86' lang='lat' dir='ltr'>diem</span> <span class='ocrx_word' id='word_1_415' title='bbox 652 2499 761 2534; x_wconf 81' lang='lat' dir='ltr'>voluit</span> <span class='ocrx_word' id='word_1_416' title='bbox 783 2501 984 2535; x_wconf 88' lang='lat' dir='ltr'>observari:</span> <span class='ocrx_word' id='word_1_417' title='bbox 1010 2502 1101 2546; x_wconf 89' lang='lat' dir='ltr'>quod</span> <span class='ocrx_word' id='word_1_418' title='bbox 1130 2513 1170 2536; x_wconf 88' lang='lat' dir='ltr'>eo</span> <span class='ocrx_word' id='word_1_419' title='bbox 1193 2501 1250 2535; x_wconf 89' lang='lat' dir='ltr'>die</span> <span class='ocrx_word' id='word_1_420' title='bbox 1273 2513 1294 2535; x_wconf 86' lang='lat' dir='ltr'>a</span> <span class='ocrx_word' id='word_1_421' title='bbox 1313 2501 1536 2536; x_wconf 88' lang='lat' dir='ltr'>Luceoriensi</span> <span class='ocrx_word' id='word_1_422' title='bbox 1556 2502 1591 2536; x_wconf 89' lang='lat' dir='ltr'>in</span> <span class='ocrx_word' id='word_1_423' title='bbox 1614 2502 1816 2538; x_wconf 87' lang='lat' dir='ltr'>Vilnensem</span> <span class='ocrx_word' id='word_1_424' title='bbox 1842 2504 2037 2539; x_wconf 86' lang='lat' dir='ltr'>cathedram</span> 
     </span>
    </p>
   </div>
  </div>
 </body>
</html>
