<?xml version="1.0" encoding="UTF-8"?>
<!DOCTYPE html PUBLIC "-//W3C//DTD XHTML 1.0 Transitional//EN"
    "http://www.w3.org/TR/xhtml1/DTD/xhtml1-transitional.dtd">
<html xmlns="http://www.w3.org/1999/xhtml" xml:lang="en" lang="en">
 <head>
  <title>
</title>
<meta http-equiv="Content-Type" content="text/html;charset=utf-8" />
  <meta name='ocr-system' content='tesseract 3.04.00' />
  <meta name='ocr-capabilities' content='ocr_page ocr_carea ocr_par ocr_line ocrx_word'/>
</head>
<body>
  <div class='ocr_page' id='page_1' title='image "./lituanicarumsoci00rost_0347.png"; bbox 0 0 2184 2953; ppageno 0'>
   <div class='ocr_carea' id='block_1_1' title="bbox 591 288 1703 329">
    <p class='ocr_par' dir='ltr' id='par_1_1' title="bbox 591 288 1703 329">
     <span class='ocr_line' id='line_1_1' title="bbox 591 288 1703 329; baseline -0.004 -6"><span class='ocrx_word' id='word_1_1' title='bbox 591 295 698 324; x_wconf 85' lang='lat' dir='ltr'>LIBER</span> <span class='ocrx_word' id='word_1_2' title='bbox 722 293 884 323; x_wconf 77' lang='lat' dir='ltr'>OCTAVUS</span> <span class='ocrx_word' id='word_1_3' title='bbox 904 291 1115 329; x_wconf 69' lang='lat'>(1630-1640).</span> <span class='ocrx_word' id='word_1_4' title='bbox 1643 288 1703 318; x_wconf 84' lang='lat'>323</span> 
     </span>
    </p>
   </div>
   <div class='ocr_carea' id='block_1_2' title="bbox 84 381 1707 2529">
    <p class='ocr_par' dir='ltr' id='par_1_2' title="bbox 85 381 1707 1171">
     <span class='ocr_line' id='line_1_2' title="bbox 86 381 1703 431; baseline -0.002 -12"><span class='ocrx_word' id='word_1_5' title='bbox 86 383 212 425; x_wconf 88' lang='lat' dir='ltr'>skium,</span> <span class='ocrx_word' id='word_1_6' title='bbox 229 384 341 419; x_wconf 90' lang='lat' dir='ltr'>virum</span> <span class='ocrx_word' id='word_1_7' title='bbox 355 384 520 425; x_wconf 87' lang='lat' dir='ltr'>nobilem,</span> <span class='ocrx_word' id='word_1_8' title='bbox 538 385 649 431; x_wconf 79' lang='lat' dir='ltr'>pridie</span> <span class='ocrx_word' id='word_1_9' title='bbox 664 386 802 420; x_wconf 77' lang='lat' dir='ltr'>kalend.</span> <span class='ocrx_word' id='word_1_10' title='bbox 817 385 903 420; x_wconf 85' lang='lat' dir='ltr'>febr.</span> <span class='ocrx_word' id='word_1_11' title='bbox 918 387 952 418; x_wconf 89' lang='lat' dir='ltr'>et</span> <span class='ocrx_word' id='word_1_12' title='bbox 967 381 1179 418; x_wconf 79' lang='lat' dir='ltr'>Stanislauni</span> <span class='ocrx_word' id='word_1_13' title='bbox 1194 381 1513 421; x_wconf 83' lang='lat' dir='ltr'>Radzieiovskium,</span> <span class='ocrx_word' id='word_1_14' title='bbox 1530 381 1703 416; x_wconf 83' lang='lat' dir='ltr'>Lenciciae</span> 
     </span>
     <span class='ocr_line' id='line_1_3' title="bbox 86 442 1702 493; baseline -0.002 -13"><span class='ocrx_word' id='word_1_15' title='bbox 86 446 287 492; x_wconf 87' lang='lat' dir='ltr'>palatinum,</span> <span class='ocrx_word' id='word_1_16' title='bbox 321 447 546 492; x_wconf 77' lang='lat' dir='ltr'>provinciolae</span> <span class='ocrx_word' id='word_1_17' title='bbox 584 448 767 482; x_wconf 89' lang='lat' dir='ltr'>Lomsensi</span> <span class='ocrx_word' id='word_1_18' title='bbox 803 446 1018 493; x_wconf 74' lang='lat' dir='ltr'>praefectum,</span> <span class='ocrx_word' id='word_1_19' title='bbox 1049 444 1115 478; x_wconf 88' lang='lat' dir='ltr'>VII</span> <span class='ocrx_word' id='word_1_20' title='bbox 1148 442 1317 477; x_wconf 75' lang='lat' dir='ltr'>kalendas</span> <span class='ocrx_word' id='word_1_21' title='bbox 1345 443 1544 488; x_wconf 81' lang='lat' dir='ltr'>januarias,</span> <span class='ocrx_word' id='word_1_22' title='bbox 1574 443 1610 477; x_wconf 90' lang='lat' dir='ltr'>in</span> <span class='ocrx_word' id='word_1_23' title='bbox 1640 455 1702 477; x_wconf 90' lang='lat' dir='ltr'>suo</span> 
     </span>
     <span class='ocr_line' id='line_1_4' title="bbox 86 504 1702 555; baseline -0.002 -13"><span class='ocrx_word' id='word_1_24' title='bbox 86 507 213 554; x_wconf 89' lang='lat' dir='ltr'>templo</span> <span class='ocrx_word' id='word_1_25' title='bbox 237 508 452 543; x_wconf 83' lang='lat' dir='ltr'>funerarunt.</span> <span class='ocrx_word' id='word_1_26' title='bbox 476 508 592 543; x_wconf 74' lang='lat' dir='ltr'>Vilnae</span> <span class='ocrx_word' id='word_1_27' title='bbox 610 509 774 555; x_wconf 73' lang='lat' dir='ltr'>exequias</span> <span class='ocrx_word' id='word_1_28' title='bbox 801 509 886 543; x_wconf 90' lang='lat' dir='ltr'>itum</span> <span class='ocrx_word' id='word_1_29' title='bbox 918 506 1049 550; x_wconf 87' lang='lat' dir='ltr'>amanti</span> <span class='ocrx_word' id='word_1_30' title='bbox 1077 504 1263 540; x_wconf 78' lang='lat' dir='ltr'>Societatis</span> <span class='ocrx_word' id='word_1_31' title='bbox 1291 504 1453 544; x_wconf 77' lang='lat' dir='ltr'>antistiti,</span> <span class='ocrx_word' id='word_1_32' title='bbox 1480 504 1631 549; x_wconf 71' lang='lat' dir='ltr'>Kijoviae</span> <span class='ocrx_word' id='word_1_33' title='bbox 1669 508 1702 538; x_wconf 88' lang='lat' dir='ltr'>et</span> 
     </span>
     <span class='ocr_line' id='line_1_5' title="bbox 86 565 1701 616; baseline -0.003 -13"><span class='ocrx_word' id='word_1_34' title='bbox 86 569 257 604; x_wconf 81' lang='lat' dir='ltr'>universae</span> <span class='ocrx_word' id='word_1_35' title='bbox 292 569 434 604; x_wconf 62' lang='lat' dir='ltr'>Russiz‘e</span> <span class='ocrx_word' id='word_1_36' title='bbox 470 571 748 616; x_wconf 85' lang='lat' dir='ltr'>metropolitano,</span> <span class='ocrx_word' id='word_1_37' title='bbox 781 569 937 615; x_wconf 81' lang='lat' dir='ltr'>Josepho</span> <span class='ocrx_word' id='word_1_38' title='bbox 974 567 1158 602; x_wconf 90' lang='lat' dir='ltr'>Velamino</span> <span class='ocrx_word' id='word_1_39' title='bbox 1196 566 1371 605; x_wconf 84' lang='lat' dir='ltr'>Rudzkio,</span> <span class='ocrx_word' id='word_1_40' title='bbox 1407 565 1588 599; x_wconf 89' lang='lat' dir='ltr'>carissimo</span> <span class='ocrx_word' id='word_1_41' title='bbox 1619 565 1701 599; x_wconf 89' lang='lat' dir='ltr'>olim</span> 
     </span>
     <span class='ocr_line' id='line_1_6' title="bbox 86 627 1698 677; baseline -0.004 -11"><span class='ocrx_word' id='word_1_42' title='bbox 86 631 126 666; x_wconf 90' lang='lat' dir='ltr'>P.</span> <span class='ocrx_word' id='word_1_43' title='bbox 148 631 327 666; x_wconf 84' lang='lat' dir='ltr'>Valentini</span> <span class='ocrx_word' id='word_1_44' title='bbox 342 631 508 673; x_wconf 78' lang='lat' dir='ltr'>Fabricii,</span> <span class='ocrx_word' id='word_1_45' title='bbox 531 643 640 667; x_wconf 70' lang='lat' dir='ltr'>sacrae</span> <span class='ocrx_word' id='word_1_46' title='bbox 664 631 853 677; x_wconf 77' lang='lat' dir='ltr'>theologiae</span> <span class='ocrx_word' id='word_1_47' title='bbox 879 631 913 665; x_wconf 89' lang='lat' dir='ltr'>in</span> <span class='ocrx_word' id='word_1_48' title='bbox 938 628 1118 665; x_wconf 73' lang='lat' dir='ltr'>academia</span> <span class='ocrx_word' id='word_1_49' title='bbox 1141 628 1301 662; x_wconf 82' lang='lat' dir='ltr'>Vilnensi</span> <span class='ocrx_word' id='word_1_50' title='bbox 1333 627 1496 667; x_wconf 86' lang='lat' dir='ltr'>doctoris,</span> <span class='ocrx_word' id='word_1_51' title='bbox 1515 627 1698 672; x_wconf 87' lang='lat' dir='ltr'>discipulo,</span> 
     </span>
     <span class='ocr_line' id='line_1_7' title="bbox 85 689 1699 739; baseline -0.004 -12"><span class='ocrx_word' id='word_1_52' title='bbox 85 691 170 728; x_wconf 90' lang='lat' dir='ltr'>XVI</span> <span class='ocrx_word' id='word_1_53' title='bbox 190 693 360 728; x_wconf 81' lang='lat' dir='ltr'>kalendas</span> <span class='ocrx_word' id='word_1_54' title='bbox 380 693 509 739; x_wconf 77' lang='lat' dir='ltr'>apriles</span> <span class='ocrx_word' id='word_1_55' title='bbox 530 698 678 734; x_wconf 87' lang='lat' dir='ltr'>mortuo,</span> <span class='ocrx_word' id='word_1_56' title='bbox 696 697 830 728; x_wconf 88' lang='lat' dir='ltr'>mature</span> <span class='ocrx_word' id='word_1_57' title='bbox 849 692 894 727; x_wconf 89' lang='lat' dir='ltr'>ad</span> <span class='ocrx_word' id='word_1_58' title='bbox 908 692 1039 726; x_wconf 86' lang='lat' dir='ltr'>obitum</span> <span class='ocrx_word' id='word_1_59' title='bbox 1058 690 1192 725; x_wconf 85' lang='lat' dir='ltr'>felicem</span> <span class='ocrx_word' id='word_1_60' title='bbox 1212 701 1275 724; x_wconf 88' lang='lat' dir='ltr'>sua</span> <span class='ocrx_word' id='word_1_61' title='bbox 1290 689 1431 735; x_wconf 87' lang='lat' dir='ltr'>pietate,</span> <span class='ocrx_word' id='word_1_62' title='bbox 1454 692 1488 723; x_wconf 91' lang='lat' dir='ltr'>et</span> <span class='ocrx_word' id='word_1_63' title='bbox 1507 689 1699 728; x_wconf 81' lang='lat' dir='ltr'>Sociorum,</span> 
     </span>
     <span class='ocr_line' id='line_1_8' title="bbox 88 750 1704 801; baseline -0.004 -11"><span class='ocrx_word' id='word_1_64' title='bbox 88 766 109 789; x_wconf 95' lang='lat' dir='ltr'>a</span> <span class='ocrx_word' id='word_1_65' title='bbox 127 766 164 790; x_wconf 85' lang='lat' dir='ltr'>se</span> <span class='ocrx_word' id='word_1_66' title='bbox 179 755 328 801; x_wconf 82' lang='lat' dir='ltr'>collegio</span> <span class='ocrx_word' id='word_1_67' title='bbox 344 756 543 790; x_wconf 85' lang='lat' dir='ltr'>academico</span> <span class='ocrx_word' id='word_1_68' title='bbox 563 756 763 796; x_wconf 77' lang='lat' dir='ltr'>accitorum,</span> <span class='ocrx_word' id='word_1_69' title='bbox 787 766 851 801; x_wconf 92' lang='lat' dir='ltr'>ope</span> <span class='ocrx_word' id='word_1_70' title='bbox 870 757 1084 799; x_wconf 81' lang='lat' dir='ltr'>comparato.</span> <span class='ocrx_word' id='word_1_71' title='bbox 1101 752 1303 787; x_wconf 86' lang='lat' dir='ltr'>Antistitem</span> <span class='ocrx_word' id='word_1_72' title='bbox 1322 751 1414 785; x_wconf 87' lang='lat' dir='ltr'>hunc</span> <span class='ocrx_word' id='word_1_73' title='bbox 1431 750 1585 784; x_wconf 82' lang='lat' dir='ltr'>laudavit</span> <span class='ocrx_word' id='word_1_74' title='bbox 1603 750 1704 784; x_wconf 88' lang='lat' dir='ltr'>etiam</span> 
     </span>
     <span class='ocr_line' id='line_1_9' title="bbox 87 812 1703 863; baseline -0.004 -11"><span class='ocrx_word' id='word_1_75' title='bbox 87 817 268 852; x_wconf 87' lang='lat' dir='ltr'>Romanus</span> <span class='ocrx_word' id='word_1_76' title='bbox 289 818 453 852; x_wconf 74' lang='lat' dir='ltr'>Pontifex</span> <span class='ocrx_word' id='word_1_77' title='bbox 472 818 637 852; x_wconf 84' lang='lat' dir='ltr'>Urbanus</span> <span class='ocrx_word' id='word_1_78' title='bbox 656 818 742 852; x_wconf 87' lang='lat' dir='ltr'>VIII</span> <span class='ocrx_word' id='word_1_79' title='bbox 760 831 767 859; x_wconf 76' lang='lat'><em>3</em></span> <span class='ocrx_word' id='word_1_80' title='bbox 789 828 891 863; x_wconf 89' lang='lat' dir='ltr'>quem</span> <span class='ocrx_word' id='word_1_81' title='bbox 918 817 953 850; x_wconf 87' lang='lat' dir='ltr'>in</span> <span class='ocrx_word' id='word_1_82' title='bbox 973 815 1063 850; x_wconf 88' lang='lat' dir='ltr'>datis</span> <span class='ocrx_word' id='word_1_83' title='bbox 1095 814 1165 849; x_wconf 88' lang='lat' dir='ltr'>suis</span> <span class='ocrx_word' id='word_1_84' title='bbox 1198 814 1243 848; x_wconf 86' lang='lat' dir='ltr'>ad</span> <span class='ocrx_word' id='word_1_85' title='bbox 1270 824 1349 848; x_wconf 92' lang='lat' dir='ltr'>eum</span> <span class='ocrx_word' id='word_1_86' title='bbox 1380 812 1506 847; x_wconf 89' lang='lat' dir='ltr'>litteris</span> <span class='ocrx_word' id='word_1_87' title='bbox 1526 812 1703 847; x_wconf 79' lang='lat' dir='ltr'>Atlantem</span> 
     </span>
     <span class='ocr_line' id='line_1_10' title="bbox 88 873 1700 925; baseline -0.004 -11"><span class='ocrx_word' id='word_1_88' title='bbox 88 878 222 914; x_wconf 81' lang='lat' dir='ltr'>Graecae</span> <span class='ocrx_word' id='word_1_89' title='bbox 242 891 319 914; x_wconf 89' lang='lat' dir='ltr'>cum</span> <span class='ocrx_word' id='word_1_90' title='bbox 333 880 443 914; x_wconf 86' lang='lat' dir='ltr'>latina</span> <span class='ocrx_word' id='word_1_91' title='bbox 461 879 620 914; x_wconf 80' lang='lat' dir='ltr'>Ecclesia</span> <span class='ocrx_word' id='word_1_92' title='bbox 638 880 834 925; x_wconf 77' lang='lat' dir='ltr'>conjunctae</span> <span class='ocrx_word' id='word_1_93' title='bbox 855 891 861 913; x_wconf 72' lang='grc' dir='ltr'>ι</span> <span class='ocrx_word' id='word_1_94' title='bbox 884 878 1079 913; x_wconf 88' lang='lat' dir='ltr'>columnam</span> <span class='ocrx_word' id='word_1_95' title='bbox 1093 877 1129 911; x_wconf 90' lang='lat' dir='ltr'>in</span> <span class='ocrx_word' id='word_1_96' title='bbox 1148 876 1269 911; x_wconf 89' lang='lat' dir='ltr'>eadem</span> <span class='ocrx_word' id='word_1_97' title='bbox 1289 874 1470 921; x_wconf 80' lang='lat' dir='ltr'>religionis</span> <span class='ocrx_word' id='word_1_98' title='bbox 1490 873 1671 909; x_wconf 84' lang='lat' dir='ltr'>catholicae</span> <span class='ocrx_word' id='word_1_99' title='bbox 1694 886 1700 908; x_wconf 91' lang='lat'><strong>:</strong></span> 
     </span>
     <span class='ocr_line' id='line_1_11' title="bbox 87 935 1704 987; baseline -0.004 -11"><span class='ocrx_word' id='word_1_100' title='bbox 87 941 228 976; x_wconf 87' lang='lat' dir='ltr'>Russiae</span> <span class='ocrx_word' id='word_1_101' title='bbox 246 941 476 975; x_wconf 79' lang='lat' dir='ltr'>Athanasium</span> <span class='ocrx_word' id='word_1_102' title='bbox 494 940 659 987; x_wconf 84' lang='lat' dir='ltr'>appellat.</span> <span class='ocrx_word' id='word_1_103' title='bbox 678 940 793 974; x_wconf 85' lang='lat' dir='ltr'>Multa</span> <span class='ocrx_word' id='word_1_104' title='bbox 807 940 983 985; x_wconf 78' lang='lat' dir='ltr'>sapienter</span> <span class='ocrx_word' id='word_1_105' title='bbox 998 939 1083 984; x_wconf 86' lang='lat' dir='ltr'>egit,</span> <span class='ocrx_word' id='word_1_106' title='bbox 1100 937 1209 972; x_wconf 86' lang='lat' dir='ltr'>multa</span> <span class='ocrx_word' id='word_1_107' title='bbox 1223 936 1364 983; x_wconf 87' lang='lat' dir='ltr'>pertulit</span> <span class='ocrx_word' id='word_1_108' title='bbox 1381 935 1530 977; x_wconf 87' lang='lat' dir='ltr'>fortiter,</span> <span class='ocrx_word' id='word_1_109' title='bbox 1544 936 1704 970; x_wconf 77' lang='lat' dir='ltr'>Rutenos</span> 
     </span>
     <span class='ocr_line' id='line_1_12' title="bbox 86 996 1704 1047; baseline -0.004 -10"><span class='ocrx_word' id='word_1_110' title='bbox 86 1003 235 1037; x_wconf 81' lang='lat' dir='ltr'>maxime</span> <span class='ocrx_word' id='word_1_111' title='bbox 254 1002 462 1037; x_wconf 87' lang='lat' dir='ltr'>conciliandi</span> <span class='ocrx_word' id='word_1_112' title='bbox 490 1002 624 1036; x_wconf 88' lang='lat' dir='ltr'>Latinis</span> <span class='ocrx_word' id='word_1_113' title='bbox 655 1002 781 1042; x_wconf 88' lang='lat' dir='ltr'>studio,</span> <span class='ocrx_word' id='word_1_114' title='bbox 803 1001 941 1047; x_wconf 77' lang='lat' dir='ltr'>adjutor</span> <span class='ocrx_word' id='word_1_115' title='bbox 959 1012 1105 1046; x_wconf 86' lang='lat' dir='ltr'>operum</span> <span class='ocrx_word' id='word_1_116' title='bbox 1131 1000 1232 1034; x_wconf 89' lang='lat' dir='ltr'>beato</span> <span class='ocrx_word' id='word_1_117' title='bbox 1251 998 1439 1044; x_wconf 81' lang='lat' dir='ltr'>Josaphat,</span> <span class='ocrx_word' id='word_1_118' title='bbox 1461 996 1704 1032; x_wconf 86' lang='lat' dir='ltr'>Polocensium</span> 
     </span>
     <span class='ocr_line' id='line_1_13' title="bbox 87 1058 1707 1110; baseline -0.004 -12"><span class='ocrx_word' id='word_1_119' title='bbox 87 1064 362 1110; x_wconf 86' lang='lat' dir='ltr'>archiepiscopo.</span> <span class='ocrx_word' id='word_1_120' title='bbox 380 1063 435 1098; x_wconf 88' lang='lat' dir='ltr'>Ad</span> <span class='ocrx_word' id='word_1_121' title='bbox 454 1063 709 1098; x_wconf 88' lang='lat' dir='ltr'>restituendum</span> <span class='ocrx_word' id='word_1_122' title='bbox 724 1063 758 1097; x_wconf 92' lang='lat' dir='ltr'>in</span> <span class='ocrx_word' id='word_1_123' title='bbox 774 1075 874 1098; x_wconf 86' lang='lat' dir='ltr'>suum</span> <span class='ocrx_word' id='word_1_124' title='bbox 890 1062 1073 1108; x_wconf 75' lang='lat' dir='ltr'>dignitatis</span> <span class='ocrx_word' id='word_1_125' title='bbox 1088 1061 1236 1107; x_wconf 88' lang='lat' dir='ltr'>gradum</span> <span class='ocrx_word' id='word_1_126' title='bbox 1252 1060 1321 1094; x_wconf 85' lang='lat' dir='ltr'>divi</span> <span class='ocrx_word' id='word_1_127' title='bbox 1335 1059 1459 1095; x_wconf 89' lang='lat' dir='ltr'>Basilii</span> <span class='ocrx_word' id='word_1_128' title='bbox 1474 1058 1524 1093; x_wconf 93' lang='lat' dir='ltr'>M.</span> <span class='ocrx_word' id='word_1_129' title='bbox 1540 1058 1707 1093; x_wconf 84' lang='lat' dir='ltr'>Ordinem</span> 
     </span>
     <span class='ocr_line' id='line_1_14' title="bbox 86 1125 780 1171; baseline -0.001 -11"><span class='ocrx_word' id='word_1_130' title='bbox 86 1125 261 1161; x_wconf 85' lang='lat' dir='ltr'>industria</span> <span class='ocrx_word' id='word_1_131' title='bbox 285 1137 348 1161; x_wconf 88' lang='lat' dir='ltr'>sua</span> <span class='ocrx_word' id='word_1_132' title='bbox 371 1137 440 1160; x_wconf 90' lang='lat' dir='ltr'>non</span> <span class='ocrx_word' id='word_1_133' title='bbox 471 1138 595 1171; x_wconf 85' lang='lat' dir='ltr'>parum</span> <span class='ocrx_word' id='word_1_134' title='bbox 621 1125 780 1160; x_wconf 88' lang='lat' dir='ltr'>contulit.</span> 
     </span>
    </p>

    <p class='ocr_par' dir='ltr' id='par_1_3' title="bbox 84 1181 1707 2090">
     <span class='ocr_line' id='line_1_15' title="bbox 137 1181 1707 1229; baseline -0.004 -6"><span class='ocrx_word' id='word_1_135' title='bbox 137 1188 201 1223; x_wconf 88' lang='lat' dir='ltr'>His</span> <span class='ocrx_word' id='word_1_136' title='bbox 221 1187 310 1223; x_wconf 89' lang='lat' dir='ltr'>adde</span> <span class='ocrx_word' id='word_1_137' title='bbox 329 1189 556 1223; x_wconf 88' lang='lat' dir='ltr'>memoranda</span> <span class='ocrx_word' id='word_1_138' title='bbox 574 1188 725 1222; x_wconf 86' lang='lat' dir='ltr'>aliorum</span> <span class='ocrx_word' id='word_1_139' title='bbox 749 1186 854 1221; x_wconf 85' lang='lat' dir='ltr'>etiam</span> <span class='ocrx_word' id='word_1_140' title='bbox 873 1185 955 1220; x_wconf 90' lang='lat' dir='ltr'>alibi</span> <span class='ocrx_word' id='word_1_141' title='bbox 978 1184 1102 1219; x_wconf 87' lang='lat' dir='ltr'>funera</span> <span class='ocrx_word' id='word_1_142' title='bbox 1123 1196 1129 1218; x_wconf 74' lang='grc' dir='ltr'>ε</span> <span class='ocrx_word' id='word_1_143' title='bbox 1152 1182 1345 1218; x_wconf 82' lang='lat' dir='ltr'>Smolensci</span> <span class='ocrx_word' id='word_1_144' title='bbox 1364 1182 1521 1221; x_wconf 80' lang='lat' dir='ltr'>Helenae.</span> <span class='ocrx_word' id='word_1_145' title='bbox 1548 1181 1590 1217; x_wconf 88' lang='lat' dir='ltr'>de</span> <span class='ocrx_word' id='word_1_146' title='bbox 1612 1183 1707 1229; x_wconf 90' lang='lat' dir='ltr'>prin-</span> 
     </span>
     <span class='ocr_line' id='line_1_16' title="bbox 88 1244 1706 1297; baseline -0.004 -12"><span class='ocrx_word' id='word_1_147' title='bbox 88 1250 162 1297; x_wconf 89' lang='lat' dir='ltr'>cipe</span> <span class='ocrx_word' id='word_1_148' title='bbox 182 1250 466 1296; x_wconf 83' lang='lat' dir='ltr'>Sanguszkorum</span> <span class='ocrx_word' id='word_1_149' title='bbox 485 1249 628 1289; x_wconf 82' lang='lat' dir='ltr'>familia,</span> <span class='ocrx_word' id='word_1_150' title='bbox 646 1249 806 1295; x_wconf 81' lang='lat' dir='ltr'>conjugis</span> <span class='ocrx_word' id='word_1_151' title='bbox 824 1248 1012 1282; x_wconf 58' lang='lat' dir='ltr'>fortunatae</span> <span class='ocrx_word' id='word_1_152' title='bbox 1031 1245 1225 1280; x_wconf 83' lang='lat' dir='ltr'>Alexandri</span> <span class='ocrx_word' id='word_1_153' title='bbox 1240 1245 1381 1280; x_wconf 90' lang='lat' dir='ltr'>Corvini</span> <span class='ocrx_word' id='word_1_154' title='bbox 1400 1244 1593 1285; x_wconf 85' lang='lat' dir='ltr'>Gosievski,</span> <span class='ocrx_word' id='word_1_155' title='bbox 1610 1245 1706 1279; x_wconf 85' lang='lat' dir='ltr'>Smo-</span> 
     </span>
     <span class='ocr_line' id='line_1_17' title="bbox 84 1308 1702 1360; baseline -0.004 -11"><span class='ocrx_word' id='word_1_156' title='bbox 84 1314 318 1349; x_wconf 89' lang='lat' dir='ltr'>lenscensium</span> <span class='ocrx_word' id='word_1_157' title='bbox 356 1314 516 1360; x_wconf 87' lang='lat' dir='ltr'>palatini,</span> <span class='ocrx_word' id='word_1_158' title='bbox 551 1312 847 1348; x_wconf 83' lang='lat' dir='ltr'>commemorabili</span> <span class='ocrx_word' id='word_1_159' title='bbox 889 1311 1018 1357; x_wconf 87' lang='lat' dir='ltr'>pietate</span> <span class='ocrx_word' id='word_1_160' title='bbox 1049 1310 1201 1350; x_wconf 73' lang='lat' dir='ltr'>feminae,</span> <span class='ocrx_word' id='word_1_161' title='bbox 1236 1308 1482 1354; x_wconf 87' lang='lat' dir='ltr'>religiosorum</span> <span class='ocrx_word' id='word_1_162' title='bbox 1519 1308 1702 1349; x_wconf 87' lang='lat' dir='ltr'>Ordinum,</span> 
     </span>
     <span class='ocr_line' id='line_1_18' title="bbox 85 1369 1704 1422; baseline -0.005 -11"><span class='ocrx_word' id='word_1_163' title='bbox 85 1376 121 1410; x_wconf 90' lang='lat' dir='ltr'>in</span> <span class='ocrx_word' id='word_1_164' title='bbox 135 1376 255 1422; x_wconf 85' lang='lat' dir='ltr'>primis</span> <span class='ocrx_word' id='word_1_165' title='bbox 274 1376 398 1417; x_wconf 86' lang='lat' dir='ltr'>nostri,</span> <span class='ocrx_word' id='word_1_166' title='bbox 420 1375 671 1410; x_wconf 77' lang='lat' dir='ltr'>amantissimae</span> <span class='ocrx_word' id='word_1_167' title='bbox 691 1387 697 1409; x_wconf 90' lang='lat'>:</span> <span class='ocrx_word' id='word_1_168' title='bbox 715 1374 798 1408; x_wconf 86' lang='lat' dir='ltr'>alibi</span> <span class='ocrx_word' id='word_1_169' title='bbox 822 1373 939 1408; x_wconf 82' lang='lat' dir='ltr'>uxoris</span> <span class='ocrx_word' id='word_1_170' title='bbox 963 1371 1031 1418; x_wconf 58' lang='lat' dir='ltr'>pize</span> <span class='ocrx_word' id='word_1_171' title='bbox 1059 1371 1155 1406; x_wconf 90' lang='lat' dir='ltr'>Petri</span> <span class='ocrx_word' id='word_1_172' title='bbox 1174 1371 1327 1417; x_wconf 72' lang='lat' dir='ltr'>Tryfflia,</span> <span class='ocrx_word' id='word_1_173' title='bbox 1349 1369 1515 1404; x_wconf 90' lang='lat' dir='ltr'>domicilii</span> <span class='ocrx_word' id='word_1_174' title='bbox 1540 1370 1651 1404; x_wconf 91' lang='lat' dir='ltr'>nostri</span> <span class='ocrx_word' id='word_1_175' title='bbox 1669 1370 1704 1404; x_wconf 90' lang='lat' dir='ltr'>in</span> 
     </span>
     <span class='ocr_line' id='line_1_19' title="bbox 87 1431 1703 1484; baseline -0.004 -12"><span class='ocrx_word' id='word_1_176' title='bbox 87 1437 212 1484; x_wconf 90' lang='lat' dir='ltr'>oppido</span> <span class='ocrx_word' id='word_1_177' title='bbox 244 1437 422 1472; x_wconf 85' lang='lat' dir='ltr'>Bobruisk</span> <span class='ocrx_word' id='word_1_178' title='bbox 449 1437 639 1472; x_wconf 87' lang='lat' dir='ltr'>conditoris</span> <span class='ocrx_word' id='word_1_179' title='bbox 662 1449 668 1470; x_wconf 90' lang='lat'>:</span> <span class='ocrx_word' id='word_1_180' title='bbox 694 1435 822 1476; x_wconf 91' lang='lat' dir='ltr'>Crosis,</span> <span class='ocrx_word' id='word_1_181' title='bbox 845 1435 911 1468; x_wconf 87' lang='lat' dir='ltr'>viri</span> <span class='ocrx_word' id='word_1_182' title='bbox 935 1433 1058 1479; x_wconf 88' lang='lat' dir='ltr'>opibus</span> <span class='ocrx_word' id='word_1_183' title='bbox 1089 1436 1123 1468; x_wconf 88' lang='lat' dir='ltr'>et</span> <span class='ocrx_word' id='word_1_184' title='bbox 1154 1444 1284 1478; x_wconf 80' lang='lat' dir='ltr'>genere</span> <span class='ocrx_word' id='word_1_185' title='bbox 1311 1431 1526 1478; x_wconf 81' lang='lat' dir='ltr'>praenobiliS,</span> <span class='ocrx_word' id='word_1_186' title='bbox 1557 1431 1703 1466; x_wconf 84' lang='lat' dir='ltr'>Joannis</span> 
     </span>
     <span class='ocr_line' id='line_1_20' title="bbox 87 1494 1705 1547; baseline -0.004 -12"><span class='ocrx_word' id='word_1_187' title='bbox 87 1500 199 1535; x_wconf 87' lang='lat' dir='ltr'>Ulrici</span> <span class='ocrx_word' id='word_1_188' title='bbox 230 1501 397 1547; x_wconf 85' lang='lat' dir='ltr'>Szveryn,</span> <span class='ocrx_word' id='word_1_189' title='bbox 428 1500 558 1534; x_wconf 88' lang='lat' dir='ltr'>domini</span> <span class='ocrx_word' id='word_1_190' title='bbox 586 1499 621 1533; x_wconf 91' lang='lat' dir='ltr'>in</span> <span class='ocrx_word' id='word_1_191' title='bbox 647 1499 817 1544; x_wconf 86' lang='lat' dir='ltr'>Alsvang.</span> <span class='ocrx_word' id='word_1_192' title='bbox 850 1497 965 1543; x_wconf 80' lang='lat' dir='ltr'>Hujus</span> <span class='ocrx_word' id='word_1_193' title='bbox 996 1495 1099 1529; x_wconf 82' lang='lat' dir='ltr'>funus</span> <span class='ocrx_word' id='word_1_194' title='bbox 1130 1495 1165 1529; x_wconf 88' lang='lat' dir='ltr'>in</span> <span class='ocrx_word' id='word_1_195' title='bbox 1193 1494 1322 1541; x_wconf 90' lang='lat' dir='ltr'>templo</span> <span class='ocrx_word' id='word_1_196' title='bbox 1353 1494 1503 1540; x_wconf 89' lang='lat' dir='ltr'>Collegii</span> <span class='ocrx_word' id='word_1_197' title='bbox 1531 1494 1705 1539; x_wconf 80' lang='lat' dir='ltr'>Georgius</span> 
     </span>
     <span class='ocr_line' id='line_1_21' title="bbox 88 1555 1704 1609; baseline -0.005 -12"><span class='ocrx_word' id='word_1_198' title='bbox 88 1561 324 1609; x_wconf 86' lang='lat' dir='ltr'>Tyszkievicz,</span> <span class='ocrx_word' id='word_1_199' title='bbox 357 1562 539 1608; x_wconf 82' lang='lat' dir='ltr'>episcopus</span> <span class='ocrx_word' id='word_1_200' title='bbox 571 1560 788 1606; x_wconf 69' lang='lat' dir='ltr'>Samogitiae,</span> <span class='ocrx_word' id='word_1_201' title='bbox 816 1571 894 1594; x_wconf 87' lang='lat' dir='ltr'>cum</span> <span class='ocrx_word' id='word_1_202' title='bbox 920 1570 981 1593; x_wconf 90' lang='lat' dir='ltr'>suo</span> <span class='ocrx_word' id='word_1_203' title='bbox 1013 1557 1257 1592; x_wconf 89' lang='lat' dir='ltr'>canonicorum</span> <span class='ocrx_word' id='word_1_204' title='bbox 1289 1556 1451 1602; x_wconf 89' lang='lat' dir='ltr'>collegio,</span> <span class='ocrx_word' id='word_1_205' title='bbox 1485 1560 1519 1591; x_wconf 91' lang='lat' dir='ltr'>et</span> <span class='ocrx_word' id='word_1_206' title='bbox 1549 1555 1704 1591; x_wconf 88' lang='lat' dir='ltr'>affinium</span> 
     </span>
     <span class='ocr_line' id='line_1_22' title="bbox 87 1617 1705 1670; baseline -0.004 -12"><span class='ocrx_word' id='word_1_207' title='bbox 87 1635 269 1670; x_wconf 89' lang='lat' dir='ltr'>procerum</span> <span class='ocrx_word' id='word_1_208' title='bbox 291 1624 548 1669; x_wconf 85' lang='lat' dir='ltr'>amicorumque</span> <span class='ocrx_word' id='word_1_209' title='bbox 566 1622 775 1668; x_wconf 82' lang='lat' dir='ltr'>frequentia,</span> <span class='ocrx_word' id='word_1_210' title='bbox 798 1621 1028 1655; x_wconf 83' lang='lat' dir='ltr'>celebrarunt.</span> <span class='ocrx_word' id='word_1_211' title='bbox 1046 1619 1161 1653; x_wconf 85' lang='lat' dir='ltr'>Natus</span> <span class='ocrx_word' id='word_1_212' title='bbox 1180 1622 1323 1664; x_wconf 81' lang='lat' dir='ltr'>parente</span> <span class='ocrx_word' id='word_1_213' title='bbox 1342 1618 1521 1659; x_wconf 74' lang='lat' dir='ltr'>haeretico,</span> <span class='ocrx_word' id='word_1_214' title='bbox 1540 1617 1705 1664; x_wconf 69' lang='lat' dir='ltr'>praefecto</span> 
     </span>
     <span class='ocr_line' id='line_1_23' title="bbox 86 1679 1700 1725; baseline -0.004 -5"><span class='ocrx_word' id='word_1_215' title='bbox 86 1685 296 1720; x_wconf 80' lang='lat' dir='ltr'>Curlandiae.</span> <span class='ocrx_word' id='word_1_216' title='bbox 320 1685 399 1720; x_wconf 85' lang='lat' dir='ltr'>Jam</span> <span class='ocrx_word' id='word_1_217' title='bbox 419 1689 452 1720; x_wconf 91' lang='lat' dir='ltr'>et</span> <span class='ocrx_word' id='word_1_218' title='bbox 470 1685 629 1719; x_wconf 86' lang='lat' dir='ltr'>militiam</span> <span class='ocrx_word' id='word_1_219' title='bbox 649 1683 780 1723; x_wconf 86' lang='lat' dir='ltr'>multis,</span> <span class='ocrx_word' id='word_1_220' title='bbox 805 1682 891 1716; x_wconf 90' lang='lat' dir='ltr'>duce</span> <span class='ocrx_word' id='word_1_221' title='bbox 923 1681 1072 1715; x_wconf 81' lang='lat' dir='ltr'>maxime</span> <span class='ocrx_word' id='word_1_222' title='bbox 1105 1680 1231 1715; x_wconf 88' lang='lat' dir='ltr'>Carolo</span> <span class='ocrx_word' id='word_1_223' title='bbox 1256 1679 1500 1720; x_wconf 75' lang='lat' dir='ltr'>Chodkievicz‚</span> <span class='ocrx_word' id='word_1_224' title='bbox 1524 1683 1700 1725; x_wconf 85' lang='lat' dir='ltr'>expertus,</span> 
     </span>
     <span class='ocr_line' id='line_1_24' title="bbox 85 1742 1704 1792; baseline -0.003 -11"><span class='ocrx_word' id='word_1_225' title='bbox 85 1750 118 1781; x_wconf 90' lang='lat' dir='ltr'>et</span> <span class='ocrx_word' id='word_1_226' title='bbox 131 1747 377 1781; x_wconf 83' lang='lat' dir='ltr'>haereticorum</span> <span class='ocrx_word' id='word_1_227' title='bbox 406 1747 624 1792; x_wconf 87' lang='lat' dir='ltr'>periclitatus</span> <span class='ocrx_word' id='word_1_228' title='bbox 652 1745 807 1785; x_wconf 83' lang='lat' dir='ltr'>fraudes,</span> <span class='ocrx_word' id='word_1_229' title='bbox 835 1743 880 1778; x_wconf 88' lang='lat' dir='ltr'>ad</span> <span class='ocrx_word' id='word_1_230' title='bbox 900 1743 1094 1777; x_wconf 83' lang='lat' dir='ltr'>Ecclesiam</span> <span class='ocrx_word' id='word_1_231' title='bbox 1114 1742 1244 1777; x_wconf 88' lang='lat' dir='ltr'>Christi</span> <span class='ocrx_word' id='word_1_232' title='bbox 1262 1742 1394 1787; x_wconf 86' lang='lat' dir='ltr'>primus</span> <span class='ocrx_word' id='word_1_233' title='bbox 1418 1753 1436 1776; x_wconf 90' lang='lat' dir='ltr'>e</span> <span class='ocrx_word' id='word_1_234' title='bbox 1461 1745 1565 1787; x_wconf 89' lang='lat' dir='ltr'>gente</span> <span class='ocrx_word' id='word_1_235' title='bbox 1585 1752 1648 1775; x_wconf 90' lang='lat' dir='ltr'>sua</span> <span class='ocrx_word' id='word_1_236' title='bbox 1667 1752 1704 1776; x_wconf 88' lang='lat' dir='ltr'>se</span> 
     </span>
     <span class='ocr_line' id='line_1_25' title="bbox 87 1802 1700 1855; baseline -0.004 -12"><span class='ocrx_word' id='word_1_237' title='bbox 87 1808 309 1855; x_wconf 81' lang='lat' dir='ltr'>aggregavit,</span> <span class='ocrx_word' id='word_1_238' title='bbox 339 1820 423 1843; x_wconf 89' lang='lat' dir='ltr'>cura</span> <span class='ocrx_word' id='word_1_239' title='bbox 450 1809 629 1843; x_wconf 84' lang='lat' dir='ltr'>Sociorum</span> <span class='ocrx_word' id='word_1_240' title='bbox 656 1807 817 1841; x_wconf 83' lang='lat' dir='ltr'>maxime.</span> <span class='ocrx_word' id='word_1_241' title='bbox 844 1805 999 1839; x_wconf 88' lang='lat' dir='ltr'>Nesvisii</span> <span class='ocrx_word' id='word_1_242' title='bbox 1019 1816 1118 1838; x_wconf 88' lang='lat' dir='ltr'>suum</span> <span class='ocrx_word' id='word_1_243' title='bbox 1146 1808 1261 1839; x_wconf 86' lang='lat' dir='ltr'>rector</span> <span class='ocrx_word' id='word_1_244' title='bbox 1296 1802 1480 1848; x_wconf 86' lang='lat' dir='ltr'>dereliquit</span> <span class='ocrx_word' id='word_1_245' title='bbox 1494 1802 1700 1848; x_wconf 83' lang='lat' dir='ltr'>Collegium,</span> 
     </span>
     <span class='ocr_line' id='line_1_26' title="bbox 85 1864 1702 1916; baseline -0.004 -11"><span class='ocrx_word' id='word_1_246' title='bbox 85 1870 168 1905; x_wconf 89' lang='lat' dir='ltr'>olim</span> <span class='ocrx_word' id='word_1_247' title='bbox 202 1870 424 1916; x_wconf 89' lang='lat' dir='ltr'>provincialis</span> <span class='ocrx_word' id='word_1_248' title='bbox 454 1882 598 1916; x_wconf 68' lang='lat' dir='ltr'>praeses,</span> <span class='ocrx_word' id='word_1_249' title='bbox 629 1868 781 1904; x_wconf 87' lang='lat' dir='ltr'>Michael</span> <span class='ocrx_word' id='word_1_250' title='bbox 811 1867 977 1906; x_wconf 81' lang='lat' dir='ltr'>Ortisius,</span> <span class='ocrx_word' id='word_1_251' title='bbox 1007 1877 1096 1900; x_wconf 85' lang='lat' dir='ltr'>anno</span> <span class='ocrx_word' id='word_1_252' title='bbox 1133 1866 1215 1900; x_wconf 54' lang='lat' dir='ltr'>vitre</span> <span class='ocrx_word' id='word_1_253' title='bbox 1247 1864 1398 1900; x_wconf 87' lang='lat' dir='ltr'>secundo</span> <span class='ocrx_word' id='word_1_254' title='bbox 1427 1876 1532 1910; x_wconf 86' lang='lat' dir='ltr'>supra</span> <span class='ocrx_word' id='word_1_255' title='bbox 1563 1868 1702 1910; x_wconf 89' lang='lat' dir='ltr'>octoge-</span> 
     </span>
     <span class='ocr_line' id='line_1_27' title="bbox 87 1926 1703 1975; baseline -0.003 -9"><span class='ocrx_word' id='word_1_256' title='bbox 87 1931 209 1966; x_wconf 87' lang='lat' dir='ltr'>simum</span> <span class='ocrx_word' id='word_1_257' title='bbox 239 1932 433 1966; x_wconf 81' lang='lat' dir='ltr'>defunctus.</span> <span class='ocrx_word' id='word_1_258' title='bbox 459 1932 586 1966; x_wconf 86' lang='lat' dir='ltr'>Divina</span> <span class='ocrx_word' id='word_1_259' title='bbox 612 1932 646 1965; x_wconf 87' lang='lat' dir='ltr'>in</span> <span class='ocrx_word' id='word_1_260' title='bbox 674 1930 793 1975; x_wconf 85' lang='lat' dir='ltr'>templi</span> <span class='ocrx_word' id='word_1_261' title='bbox 817 1929 903 1963; x_wconf 91' lang='lat' dir='ltr'>odeo</span> <span class='ocrx_word' id='word_1_262' title='bbox 939 1927 1176 1967; x_wconf 80' lang='lat' dir='ltr'>meditantem,</span> <span class='ocrx_word' id='word_1_263' title='bbox 1194 1931 1228 1961; x_wconf 90' lang='lat' dir='ltr'>et</span> <span class='ocrx_word' id='word_1_264' title='bbox 1259 1938 1333 1972; x_wconf 81' lang='lat' dir='ltr'>prae</span> <span class='ocrx_word' id='word_1_265' title='bbox 1355 1926 1462 1960; x_wconf 87' lang='lat' dir='ltr'>animi</span> <span class='ocrx_word' id='word_1_266' title='bbox 1494 1926 1619 1961; x_wconf 87' lang='lat' dir='ltr'>ardore</span> <span class='ocrx_word' id='word_1_267' title='bbox 1661 1938 1703 1961; x_wconf 83' lang='lat' dir='ltr'>ex</span> 
     </span>
     <span class='ocr_line' id='line_1_28' title="bbox 89 1987 1700 2039; baseline -0.004 -11"><span class='ocrx_word' id='word_1_268' title='bbox 89 1993 245 2029; x_wconf 89' lang='lat' dir='ltr'>oratione</span> <span class='ocrx_word' id='word_1_269' title='bbox 297 1993 501 2034; x_wconf 86' lang='lat' dir='ltr'>sudantem,</span> <span class='ocrx_word' id='word_1_270' title='bbox 540 1993 669 2039; x_wconf 85' lang='lat' dir='ltr'>frigida</span> <span class='ocrx_word' id='word_1_271' title='bbox 708 1994 850 2037; x_wconf 89' lang='lat' dir='ltr'>repente</span> <span class='ocrx_word' id='word_1_272' title='bbox 894 1989 1046 2024; x_wconf 83' lang='lat' dir='ltr'>afflatum</span> <span class='ocrx_word' id='word_1_273' title='bbox 1093 2000 1177 2023; x_wconf 86' lang='lat' dir='ltr'>aura</span> <span class='ocrx_word' id='word_1_274' title='bbox 1195 2016 1202 2028; x_wconf 93' lang='lat'>‚</span> <span class='ocrx_word' id='word_1_275' title='bbox 1246 1987 1404 2022; x_wconf 69' lang='lat' dir='ltr'>dissolvit</span> <span class='ocrx_word' id='word_1_276' title='bbox 1449 1987 1621 2035; x_wconf 85' lang='lat' dir='ltr'>paralysis</span> <span class='ocrx_word' id='word_1_277' title='bbox 1648 1988 1700 2022; x_wconf 90' lang='lat' dir='ltr'>III</span> 
     </span>
     <span class='ocr_line' id='line_1_29' title="bbox 85 2054 406 2090; baseline 0.003 -1"><span class='ocrx_word' id='word_1_278' title='bbox 85 2054 163 2089; x_wconf 89' lang='lat' dir='ltr'>idus</span> <span class='ocrx_word' id='word_1_279' title='bbox 192 2055 406 2090; x_wconf 86' lang='lat' dir='ltr'>decembres.</span> 
     </span>
    </p>

    <p class='ocr_par' dir='ltr' id='par_1_4' title="bbox 87 2109 1702 2529">
     <span class='ocr_line' id='line_1_30' title="bbox 133 2109 1698 2163; baseline -0.003 -11"><span class='ocrx_word' id='word_1_280' title='bbox 133 2117 302 2163; x_wconf 85' lang='lat' dir='ltr'>Suscepta</span> <span class='ocrx_word' id='word_1_281' title='bbox 320 2118 415 2163; x_wconf 87' lang='lat' dir='ltr'>regis</span> <span class='ocrx_word' id='word_1_282' title='bbox 433 2115 605 2151; x_wconf 88' lang='lat' dir='ltr'>Vladislai</span> <span class='ocrx_word' id='word_1_283' title='bbox 625 2124 710 2159; x_wconf 87' lang='lat' dir='ltr'>erga</span> <span class='ocrx_word' id='word_1_284' title='bbox 728 2112 937 2147; x_wconf 86' lang='lat' dir='ltr'>Societatem</span> <span class='ocrx_word' id='word_1_285' title='bbox 961 2109 1204 2144; x_wconf 84' lang='lat' dir='ltr'>benevolentia</span> <span class='ocrx_word' id='word_1_286' title='bbox 1219 2111 1415 2156; x_wconf 82' lang='lat' dir='ltr'>augebatur</span> <span class='ocrx_word' id='word_1_287' title='bbox 1429 2111 1464 2145; x_wconf 88' lang='lat' dir='ltr'>in</span> <span class='ocrx_word' id='word_1_288' title='bbox 1483 2111 1571 2153; x_wconf 89' lang='lat' dir='ltr'>dies,</span> <span class='ocrx_word' id='word_1_289' title='bbox 1589 2123 1698 2158; x_wconf 89' lang='lat' dir='ltr'>eoque</span> 
     </span>
     <span class='ocr_line' id='line_1_31' title="bbox 87 2172 1700 2226; baseline -0.002 -13"><span class='ocrx_word' id='word_1_290' title='bbox 87 2179 209 2214; x_wconf 87' lang='lat' dir='ltr'>deinde</span> <span class='ocrx_word' id='word_1_291' title='bbox 228 2180 409 2226; x_wconf 89' lang='lat' dir='ltr'>processit,</span> <span class='ocrx_word' id='word_1_292' title='bbox 427 2182 464 2213; x_wconf 89' lang='lat' dir='ltr'>ut</span> <span class='ocrx_word' id='word_1_293' title='bbox 487 2178 607 2213; x_wconf 83' lang='lat' dir='ltr'>Socios</span> <span class='ocrx_word' id='word_1_294' title='bbox 638 2175 683 2210; x_wconf 89' lang='lat' dir='ltr'>ad</span> <span class='ocrx_word' id='word_1_295' title='bbox 702 2186 740 2210; x_wconf 84' lang='lat' dir='ltr'>se</span> <span class='ocrx_word' id='word_1_296' title='bbox 759 2172 934 2208; x_wconf 79' lang='lat' dir='ltr'>domicilio</span> <span class='ocrx_word' id='word_1_297' title='bbox 967 2172 1129 2217; x_wconf 87' lang='lat' dir='ltr'>princeps</span> <span class='ocrx_word' id='word_1_298' title='bbox 1160 2172 1347 2208; x_wconf 86' lang='lat' dir='ltr'>identidem</span> <span class='ocrx_word' id='word_1_299' title='bbox 1367 2178 1578 2215; x_wconf 84' lang='lat' dir='ltr'>arcesseret3</span> <span class='ocrx_word' id='word_1_300' title='bbox 1601 2175 1700 2220; x_wconf 88' lang='lat' dir='ltr'>quasi</span> 
     </span>
     <span class='ocr_line' id='line_1_32' title="bbox 88 2234 1699 2287; baseline -0.002 -14"><span class='ocrx_word' id='word_1_301' title='bbox 88 2251 157 2274; x_wconf 88' lang='lat' dir='ltr'>non</span> <span class='ocrx_word' id='word_1_302' title='bbox 174 2241 277 2287; x_wconf 83' lang='lat' dir='ltr'>hujus</span> <span class='ocrx_word' id='word_1_303' title='bbox 297 2241 450 2281; x_wconf 87' lang='lat' dir='ltr'>Ordinis,</span> <span class='ocrx_word' id='word_1_304' title='bbox 468 2244 529 2274; x_wconf 88' lang='lat' dir='ltr'>aut</span> <span class='ocrx_word' id='word_1_305' title='bbox 544 2250 611 2273; x_wconf 91' lang='lat' dir='ltr'>non</span> <span class='ocrx_word' id='word_1_306' title='bbox 631 2238 679 2271; x_wconf 87' lang='lat' dir='ltr'>ita</span> <span class='ocrx_word' id='word_1_307' title='bbox 698 2240 828 2282; x_wconf 86' lang='lat' dir='ltr'>gratos,</span> <span class='ocrx_word' id='word_1_308' title='bbox 844 2234 1003 2269; x_wconf 80' lang='lat' dir='ltr'>homines</span> <span class='ocrx_word' id='word_1_309' title='bbox 1018 2234 1053 2267; x_wconf 89' lang='lat' dir='ltr'>in</span> <span class='ocrx_word' id='word_1_310' title='bbox 1069 2244 1132 2267; x_wconf 88' lang='lat' dir='ltr'>sua</span> <span class='ocrx_word' id='word_1_311' title='bbox 1150 2238 1280 2279; x_wconf 61' lang='lat' dir='ltr'>prresto</span> <span class='ocrx_word' id='word_1_312' title='bbox 1304 2235 1451 2270; x_wconf 88' lang='lat' dir='ltr'>haberet</span> <span class='ocrx_word' id='word_1_313' title='bbox 1469 2235 1571 2277; x_wconf 86' lang='lat' dir='ltr'>aula;</span> <span class='ocrx_word' id='word_1_314' title='bbox 1593 2236 1699 2270; x_wconf 86' lang='lat' dir='ltr'>inter-</span> 
     </span>
     <span class='ocr_line' id='line_1_33' title="bbox 88 2294 1700 2348; baseline -0.002 -13"><span class='ocrx_word' id='word_1_315' title='bbox 88 2301 168 2335; x_wconf 92' lang='lat' dir='ltr'>dum</span> <span class='ocrx_word' id='word_1_316' title='bbox 194 2302 299 2337; x_wconf 88' lang='lat' dir='ltr'>etiam</span> <span class='ocrx_word' id='word_1_317' title='bbox 325 2302 400 2348; x_wconf 88' lang='lat' dir='ltr'>ipse</span> <span class='ocrx_word' id='word_1_318' title='bbox 426 2302 564 2342; x_wconf 89' lang='lat' dir='ltr'>viseret,</span> <span class='ocrx_word' id='word_1_319' title='bbox 584 2304 630 2339; x_wconf 80' lang='lat' dir='ltr'>et,</span> <span class='ocrx_word' id='word_1_320' title='bbox 653 2297 842 2345; x_wconf 60' lang='lat' dir='ltr'>praemissis</span> <span class='ocrx_word' id='word_1_321' title='bbox 871 2307 913 2330; x_wconf 83' lang='lat' dir='ltr'>ex</span> <span class='ocrx_word' id='word_1_322' title='bbox 939 2306 1019 2329; x_wconf 87' lang='lat' dir='ltr'>arce</span> <span class='ocrx_word' id='word_1_323' title='bbox 1038 2294 1146 2340; x_wconf 86' lang='lat' dir='ltr'>regiis</span> <span class='ocrx_word' id='word_1_324' title='bbox 1164 2295 1304 2330; x_wconf 81' lang='lat' dir='ltr'>ferculis</span> <span class='ocrx_word' id='word_1_325' title='bbox 1324 2300 1357 2331; x_wconf 90' lang='lat' dir='ltr'>et</span> <span class='ocrx_word' id='word_1_326' title='bbox 1378 2297 1500 2339; x_wconf 89' lang='lat' dir='ltr'>abaco,</span> <span class='ocrx_word' id='word_1_327' title='bbox 1519 2310 1597 2332; x_wconf 89' lang='lat' dir='ltr'>cum</span> <span class='ocrx_word' id='word_1_328' title='bbox 1615 2298 1700 2343; x_wconf 87' lang='lat' dir='ltr'>ipsis</span> 
     </span>
     <span class='ocr_line' id='line_1_34' title="bbox 88 2357 1700 2409; baseline -0.001 -13"><span class='ocrx_word' id='word_1_329' title='bbox 88 2362 181 2409; x_wconf 87' lang='lat' dir='ltr'>apud</span> <span class='ocrx_word' id='word_1_330' title='bbox 219 2374 278 2398; x_wconf 86' lang='lat' dir='ltr'>eos</span> <span class='ocrx_word' id='word_1_331' title='bbox 314 2364 509 2398; x_wconf 87' lang='lat' dir='ltr'>coenitaret.</span> <span class='ocrx_word' id='word_1_332' title='bbox 544 2363 582 2397; x_wconf 90' lang='lat' dir='ltr'>Id</span> <span class='ocrx_word' id='word_1_333' title='bbox 620 2359 789 2406; x_wconf 83' lang='lat' dir='ltr'>praestitit</span> <span class='ocrx_word' id='word_1_334' title='bbox 815 2363 888 2392; x_wconf 90' lang='lat' dir='ltr'>tum</span> <span class='ocrx_word' id='word_1_335' title='bbox 923 2357 1022 2395; x_wconf 84' lang='lat' dir='ltr'>alias,</span> <span class='ocrx_word' id='word_1_336' title='bbox 1050 2360 1122 2390; x_wconf 89' lang='lat' dir='ltr'>tum</span> <span class='ocrx_word' id='word_1_337' title='bbox 1156 2368 1256 2391; x_wconf 88' lang='lat' dir='ltr'>sacra</span> <span class='ocrx_word' id='word_1_338' title='bbox 1291 2357 1368 2392; x_wconf 87' lang='lat' dir='ltr'>luce</span> <span class='ocrx_word' id='word_1_339' title='bbox 1402 2359 1481 2393; x_wconf 87' lang='lat' dir='ltr'>divo</span> <span class='ocrx_word' id='word_1_340' title='bbox 1511 2359 1700 2394; x_wconf 89' lang='lat' dir='ltr'>Francisco</span> 
     </span>
     <span class='ocr_line' id='line_1_35' title="bbox 89 2418 1698 2471; baseline -0.002 -13"><span class='ocrx_word' id='word_1_341' title='bbox 89 2424 263 2467; x_wconf 81' lang='lat' dir='ltr'>Xaverio3</span> <span class='ocrx_word' id='word_1_342' title='bbox 285 2437 351 2471; x_wconf 88' lang='lat' dir='ltr'>quo</span> <span class='ocrx_word' id='word_1_343' title='bbox 382 2425 437 2460; x_wconf 88' lang='lat' dir='ltr'>die</span> <span class='ocrx_word' id='word_1_344' title='bbox 460 2424 554 2471; x_wconf 86' lang='lat' dir='ltr'>apud</span> <span class='ocrx_word' id='word_1_345' title='bbox 581 2423 701 2458; x_wconf 83' lang='lat' dir='ltr'>Socios</span> <span class='ocrx_word' id='word_1_346' title='bbox 736 2421 885 2455; x_wconf 79' lang='lat' dir='ltr'>conviva</span> <span class='ocrx_word' id='word_1_347' title='bbox 916 2431 993 2453; x_wconf 86' lang='lat' dir='ltr'>cum</span> <span class='ocrx_word' id='word_1_348' title='bbox 1026 2418 1149 2464; x_wconf 83' lang='lat' dir='ltr'>regina</span> <span class='ocrx_word' id='word_1_349' title='bbox 1182 2420 1343 2465; x_wconf 83' lang='lat' dir='ltr'>conjuge,</span> <span class='ocrx_word' id='word_1_350' title='bbox 1374 2421 1530 2466; x_wconf 89' lang='lat' dir='ltr'>principe</span> <span class='ocrx_word' id='word_1_351' title='bbox 1560 2421 1698 2461; x_wconf 80' lang='lat' dir='ltr'>Carolo,</span> 
     </span>
     <span class='ocr_line' id='line_1_36' title="bbox 92 2480 1702 2529; baseline -0.002 -9"><span class='ocrx_word' id='word_1_352' title='bbox 92 2489 125 2521; x_wconf 86' lang='lat' dir='ltr'>et</span> <span class='ocrx_word' id='word_1_353' title='bbox 140 2486 243 2522; x_wconf 89' lang='lat' dir='ltr'>Anna</span> <span class='ocrx_word' id='word_1_354' title='bbox 261 2498 379 2522; x_wconf 89' lang='lat' dir='ltr'>sorore</span> <span class='ocrx_word' id='word_1_355' title='bbox 394 2499 477 2522; x_wconf 88' lang='lat' dir='ltr'>usus</span> <span class='ocrx_word' id='word_1_356' title='bbox 496 2490 548 2522; x_wconf 89' lang='lat' dir='ltr'>est</span> <span class='ocrx_word' id='word_1_357' title='bbox 572 2485 701 2520; x_wconf 82' lang='lat' dir='ltr'>nostris</span> <span class='ocrx_word' id='word_1_358' title='bbox 729 2483 838 2517; x_wconf 84' lang='lat' dir='ltr'>hilare</span> <span class='ocrx_word' id='word_1_359' title='bbox 857 2484 1104 2525; x_wconf 79' lang='lat' dir='ltr'>ainauterque;</span> <span class='ocrx_word' id='word_1_360' title='bbox 1128 2480 1274 2526; x_wconf 84' lang='lat' dir='ltr'>qualiter</span> <span class='ocrx_word' id='word_1_361' title='bbox 1289 2482 1403 2517; x_wconf 82' lang='lat' dir='ltr'>Vilnae</span> <span class='ocrx_word' id='word_1_362' title='bbox 1422 2494 1558 2529; x_wconf 90' lang='lat' dir='ltr'>quoque</span> <span class='ocrx_word' id='word_1_363' title='bbox 1579 2482 1702 2517; x_wconf 85' lang='lat' dir='ltr'>acade-</span> 
     </span>
    </p>
   </div>
   <div class='ocr_carea' id='block_1_3' title="bbox 1730 388 1880 861">
    <p class='ocr_par' dir='ltr' id='par_1_5' title="bbox 1736 388 1799 414">
     <span class='ocr_line' id='line_1_37' title="bbox 1736 388 1799 414; baseline 0.016 -1"><span class='ocrx_word' id='word_1_364' title='bbox 1736 388 1799 414; x_wconf 73' lang='lat'>16:38</span> 
     </span>
    </p>

    <p class='ocr_par' dir='ltr' id='par_1_6' title="bbox 1730 434 1880 861">
     <span class='ocr_line' id='line_1_38' title="bbox 1800 434 1829 459; baseline 0 0"><span class='ocrx_word' id='word_1_365' title='bbox 1800 434 1829 459; x_wconf 85' lang='lat'>31</span> 
     </span>
     <span class='ocr_line' id='line_1_39' title="bbox 1732 473 1837 499; baseline 0 0"><span class='ocrx_word' id='word_1_366' title='bbox 1732 473 1837 499; x_wconf 82' lang='lat' dir='ltr'>Funera</span> 
     </span>
     <span class='ocr_line' id='line_1_40' title="bbox 1732 513 1825 540; baseline 0.011 -1"><span class='ocrx_word' id='word_1_367' title='bbox 1732 513 1825 540; x_wconf 83' lang='lat' dir='ltr'>Adami</span> 
     </span>
     <span class='ocr_line' id='line_1_41' title="bbox 1732 552 1875 585; baseline 0.014 -8"><span class='ocrx_word' id='word_1_368' title='bbox 1732 552 1875 585; x_wconf 75' lang='lat' dir='ltr'>Bagienski</span> 
     </span>
     <span class='ocr_line' id='line_1_42' title="bbox 1731 591 1880 618; baseline 0.013 -2"><span class='ocrx_word' id='word_1_369' title='bbox 1731 593 1757 616; x_wconf 82' lang='lat' dir='ltr'>et</span> <span class='ocrx_word' id='word_1_370' title='bbox 1773 591 1813 617; x_wconf 73' lang='lat' dir='ltr'>Sti</span> <span class='ocrx_word' id='word_1_371' title='bbox 1830 592 1880 618; x_wconf 83' lang='lat' dir='ltr'>Ra-</span> 
     </span>
     <span class='ocr_line' id='line_1_43' title="bbox 1730 629 1850 656; baseline 0.008 -1"><span class='ocrx_word' id='word_1_372' title='bbox 1730 629 1850 656; x_wconf 85' lang='lat' dir='ltr'>dzieiovii</span> 
     </span>
     <span class='ocr_line' id='line_1_44' title="bbox 1732 672 1841 699; baseline 0 -1"><span class='ocrx_word' id='word_1_373' title='bbox 1732 672 1841 699; x_wconf 81' lang='lat' dir='ltr'>Lomsae.</span> 
     </span>
     <span class='ocr_line' id='line_1_45' title="bbox 1731 712 1839 746; baseline -0.009 -8"><span class='ocrx_word' id='word_1_374' title='bbox 1731 713 1747 738; x_wconf 84' lang='lat' dir='ltr'>J</span> <span class='ocrx_word' id='word_1_375' title='bbox 1749 712 1839 746; x_wconf 86' lang='lat' dir='ltr'>osephi</span> 
     </span>
     <span class='ocr_line' id='line_1_46' title="bbox 1733 753 1846 780; baseline -0.009 0"><span class='ocrx_word' id='word_1_376' title='bbox 1733 753 1846 780; x_wconf 79' lang='lat' dir='ltr'>Rudzkii</span> 
     </span>
     <span class='ocr_line' id='line_1_47' title="bbox 1732 795 1860 826; baseline 0.008 -8"><span class='ocrx_word' id='word_1_377' title='bbox 1732 795 1860 826; x_wconf 85' lang='lat' dir='ltr'>metropo—</span> 
     </span>
     <span class='ocr_line' id='line_1_48' title="bbox 1731 835 1794 861; baseline 0.016 -1"><span class='ocrx_word' id='word_1_378' title='bbox 1731 835 1794 861; x_wconf 81' lang='lat' dir='ltr'>litae.</span> 
     </span>
    </p>
   </div>
   <div class='ocr_carea' id='block_1_4' title="bbox 1736 1181 1879 1288">
    <p class='ocr_par' dir='ltr' id='par_1_7' title="bbox 1736 1181 1879 1288">
     <span class='ocr_line' id='line_1_49' title="bbox 1736 1181 1841 1208; baseline 0 -1"><span class='ocrx_word' id='word_1_379' title='bbox 1736 1181 1841 1208; x_wconf 84' lang='lat' dir='ltr'>Corvini</span> 
     </span>
     <span class='ocr_line' id='line_1_50' title="bbox 1736 1221 1871 1248; baseline 0.007 -1"><span class='ocrx_word' id='word_1_380' title='bbox 1736 1221 1871 1248; x_wconf 85' lang='lat' dir='ltr'>Gosievski</span> 
     </span>
     <span class='ocr_line' id='line_1_51' title="bbox 1736 1260 1879 1288; baseline 0.014 -2"><span class='ocrx_word' id='word_1_381' title='bbox 1736 1260 1879 1288; x_wconf 80' lang='lat' dir='ltr'>Smolensci</span> 
     </span>
    </p>
   </div>
   <div class='ocr_carea' id='block_1_5' title="bbox 1733 1349 1855 1573">
    <p class='ocr_par' dir='ltr' id='par_1_8' title="bbox 1733 1349 1855 1573">
     <span class='ocr_line' id='line_1_52' title="bbox 1734 1349 1845 1376; baseline 0.009 -2"><span class='ocrx_word' id='word_1_382' title='bbox 1734 1351 1760 1375; x_wconf 85' lang='lat' dir='ltr'>et</span> <span class='ocrx_word' id='word_1_383' title='bbox 1772 1349 1845 1376; x_wconf 82' lang='lat' dir='ltr'>Petri</span> 
     </span>
     <span class='ocr_line' id='line_1_53' title="bbox 1734 1389 1836 1422; baseline 0.01 -9"><span class='ocrx_word' id='word_1_384' title='bbox 1734 1389 1836 1422; x_wconf 79' lang='lat' dir='ltr'>&#39;I&#39;ryzna</span> 
     </span>
     <span class='ocr_line' id='line_1_54' title="bbox 1734 1436 1851 1454; baseline 0.017 -2"><span class='ocrx_word' id='word_1_385' title='bbox 1734 1436 1851 1454; x_wconf 83' lang='lat' dir='ltr'>uxorum.</span> 
     </span>
     <span class='ocr_line' id='line_1_55' title="bbox 1734 1467 1817 1493; baseline 0 -1"><span class='ocrx_word' id='word_1_386' title='bbox 1734 1467 1817 1493; x_wconf 85' lang='lat' dir='ltr'>Ulrici</span> 
     </span>
     <span class='ocr_line' id='line_1_56' title="bbox 1735 1507 1855 1540; baseline -0.008 -8"><span class='ocrx_word' id='word_1_387' title='bbox 1735 1507 1855 1540; x_wconf 76' lang='lat' dir='ltr'>Szvcryn,</span> 
     </span>
     <span class='ocr_line' id='line_1_57' title="bbox 1733 1545 1829 1573; baseline -0.021 0"><span class='ocrx_word' id='word_1_388' title='bbox 1733 1545 1829 1573; x_wconf 79' lang='lat' dir='ltr'>Crosis,</span> 
     </span>
    </p>
   </div>
   <div class='ocr_carea' id='block_1_6' title="bbox 1731 1889 1878 1996">
    <p class='ocr_par' dir='ltr' id='par_1_9' title="bbox 1731 1889 1878 1996">
     <span class='ocr_line' id='line_1_58' title="bbox 1798 1889 1830 1914; baseline 0.031 -1"><span class='ocrx_word' id='word_1_389' title='bbox 1798 1889 1830 1914; x_wconf 79' lang='lat'>32</span> 
     </span>
     <span class='ocr_line' id='line_1_59' title="bbox 1732 1927 1878 1954; baseline -0.014 0"><span class='ocrx_word' id='word_1_390' title='bbox 1732 1929 1762 1954; x_wconf 90' lang='grc' dir='ltr'>Ρ.</span> <span class='ocrx_word' id='word_1_391' title='bbox 1786 1927 1878 1954; x_wconf 82' lang='lat' dir='ltr'>Ortisii</span> 
     </span>
     <span class='ocr_line' id='line_1_60' title="bbox 1731 1968 1854 1996; baseline -0.024 0"><span class='ocrx_word' id='word_1_392' title='bbox 1731 1968 1854 1996; x_wconf 78' lang='lat' dir='ltr'>Nesvisii.</span> 
     </span>
    </p>
   </div>
   <div class='ocr_carea' id='block_1_7' title="bbox 1729 2107 1857 2370">
    <p class='ocr_par' dir='ltr' id='par_1_10' title="bbox 1729 2107 1857 2370">
     <span class='ocr_line' id='line_1_61' title="bbox 1796 2107 1828 2133; baseline 0.031 -1"><span class='ocrx_word' id='word_1_393' title='bbox 1796 2107 1828 2133; x_wconf 84' lang='lat'>33</span> 
     </span>
     <span class='ocr_line' id='line_1_62' title="bbox 1732 2146 1835 2174; baseline -0.029 0"><span class='ocrx_word' id='word_1_394' title='bbox 1732 2146 1835 2174; x_wconf 84' lang='lat' dir='ltr'>Vladis-</span> 
     </span>
     <span class='ocr_line' id='line_1_63' title="bbox 1730 2187 1849 2213; baseline -0.034 0"><span class='ocrx_word' id='word_1_395' title='bbox 1730 2187 1787 2213; x_wconf 86' lang='lat' dir='ltr'>laus</span> <span class='ocrx_word' id='word_1_396' title='bbox 1807 2192 1849 2210; x_wconf 84' lang='lat' dir='ltr'>rex</span> 
     </span>
     <span class='ocr_line' id='line_1_64' title="bbox 1729 2225 1850 2252; baseline -0.017 0"><span class='ocrx_word' id='word_1_397' title='bbox 1729 2226 1794 2252; x_wconf 77' lang='lat' dir='ltr'>visit</span> <span class='ocrx_word' id='word_1_398' title='bbox 1806 2225 1850 2250; x_wconf 78' lang='lat' dir='ltr'>So·</span> 
     </span>
     <span class='ocr_line' id='line_1_65' title="bbox 1730 2263 1857 2291; baseline -0.024 0"><span class='ocrx_word' id='word_1_399' title='bbox 1730 2265 1782 2291; x_wconf 86' lang='lat' dir='ltr'>cios</span> <span class='ocrx_word' id='word_1_400' title='bbox 1794 2263 1857 2289; x_wconf 84' lang='lat' dir='ltr'>Var-</span> 
     </span>
     <span class='ocr_line' id='line_1_66' title="bbox 1730 2304 1847 2331; baseline -0.017 0"><span class='ocrx_word' id='word_1_401' title='bbox 1730 2304 1807 2331; x_wconf 82' lang='lat' dir='ltr'>savioe</span> <span class='ocrx_word' id='word_1_402' title='bbox 1821 2304 1847 2329; x_wconf 76' lang='lat' dir='ltr'>et</span> 
     </span>
     <span class='ocr_line' id='line_1_67' title="bbox 1730 2344 1824 2370; baseline -0.021 0"><span class='ocrx_word' id='word_1_403' title='bbox 1730 2344 1824 2370; x_wconf 78' lang='lat' dir='ltr'>Vilnae.</span> 
     </span>
    </p>
   </div>
  </div>
 </body>
</html>
