2184 2953
623 308 729 337 LlssEu
752 307 919 341 QUARTUS
942 305 1147 341 (11590-11500).
1672 303 1730 333 169

121 416 136 430 α
158 401 286 439 fovent,
308 399 480 433 reficiunt.
502 397 558 431 Sic
584 401 620 431 tu
644 397 831 436 Craccviae,
853 395 897 428 mi
925 392 1104 428 Varsevici
1135 393 1328 433 carissime,
1352 393 1473 427 vovisti
1500 396 1603 438 caput
1631 396 1725 426 tuum

121 477 136 490 α
157 473 219 507 pro
238 465 375 495 tuorum
395 459 507 493 salute
535 458 674 497 civium,
696 458 731 492 in
750 468 859 503 eoque
877 455 1070 490 ministerio
1100 454 1245 487 eximius
1273 454 1414 499 pietatis
1434 455 1602 499 magister
1630 466 1729 489 occu-

121 537 136 552 «
157 522 261 556 buisti
284 534 289 556 :
312 522 393 556 inde
410 521 455 555 ad
482 521 626 566 praemia
644 520 780 554 virtutis
799 523 868 553 tuae
885 518 1043 553 evolasti.
1067 517 1117 551 Sit
1146 517 1209 551 tibi
1228 529 1333 558 curae,
1356 518 1511 559 obsecro,
1531 519 1626 553 salus
1654 530 1731 553 mea

122 596 136 611 a
159 582 304 627 collegae
322 582 391 622 tui;
417 582 475 627 qui
494 586 550 615 tua
570 581 758 627 przeeuntis
786 578 944 625 exempla
962 590 1024 624 pro
1051 578 1184 613 viribus
1211 580 1423 614 sectabatur.
1450 598 1464 612 „

164 646 311 680 Minime
345 645 552 690 degenerem
580 648 703 678 nactus
731 644 771 678 P.
794 641 992 677 Stanislaus
1018 641 1160 675 fratrem
1187 653 1406 687 germanum,
1425 642 1728 688 Christophorum,

117 707 320 742 canonicum
351 705 627 743 Cracoviensem,
650 704 784 750 regium
816 703 1052 739 secretarium.
1085 703 1178 740 Quos
1208 703 1275 744 hic,
1308 715 1410 749 quam
1442 705 1581 744 multos,
1603 709 1732 750 quanta

118 768 323 803 eruditionis
341 779 415 802 sua}
441 771 676 806 monumenta,
699 765 914 810 conscriptos
942 776 963 798 a
982 775 1018 798 se
1041 762 1150 797 libros
1178 765 1375 809 posteritati
1400 765 1593 810 reliquerit,
1616 770 1733 800 censet

118 831 152 865 in
173 842 235 864 suo
262 830 304 865 de
328 829 502 864 nobilibus
531 828 746 863 Polonorum
771 828 911 862 familiis
939 838 1042 873 opere
1070 826 1196 860 nobilis
1214 839 1232 861 e
1258 827 1425 862 Polonica
1452 828 1629 873 provincia
1650 829 1734 863 scri-

117 898 207 940 ptor,
231 893 271 928 Ρ.
307 894 445 938 Gaspar
478 892 715 927 Niesieckius.
751 891 889 925 Diserte
928 889 1074 924 eundem
1106 899 1217 933 neque
1253 889 1426 924 immerito
1459 890 1581 924 laudat
1609 890 1644 924 in
1675 902 1736 925 sua

115 955 263 1002 epistola
281 955 501 989 doctissimus
520 955 572 988 vir
600 952 798 988 Stanislaus
814 952 1002 993 Minskius‚
1023 950 1300 985 Lenciciensium
1319 950 1495 996 palatinus
1516 964 1523 985 ε
1548 966 1563 980 α
1583 955 1617 986 te
1632 952 1737 986 etiam

117 1021 219 1062 atque
254 1016 357 1051 etiam
385 1016 507 1061 diligo,
545 1020 579 1050 et
608 1015 762 1050 admiror
794 1026 848 1048 me
877 1014 1031 1054 hercule,
1061 1015 1119 1060 qui
1145 1014 1236 1049 inter
1260 1018 1311 1049 tot
1343 1019 1420 1050 tuas
1452 1015 1669 1051 calamitates
1703 1022 1737 1052 et

115 1078 273 1113 adversae
300 1078 449 1111 sortunze
477 1077 651 1123 procellas
679 1088 746 1110 non
779 1076 880 1109 modo
907 1076 1059 1109 animum
1088 1081 1122 1111 te
1149 1076 1292 1122 dignum
1320 1088 1389 1110 non
1416 1077 1593 1117 remisisti,
1616 1078 1677 1112 sed
1703 1084 1736 1113 et

114 1139 231 1174 studia
255 1150 296 1173 ac
314 1139 449 1173 litteras
468 1139 516 1173 ita
535 1138 686 1177 coluisti,
709 1141 745 1171 ut
763 1148 853 1170 nunc
879 1136 1027 1181 plurima
1046 1136 1204 1171 laborum
1232 1141 1265 1172 et
1290 1137 1573 1173 lucubrationum
1599 1142 1736 1174 tuarum

117 1201 327 1236 monimenta
355 1204 576 1236 externorum
596 1200 770 1241 manibus,
793 1212 926 1235 summa
945 1213 1023 1235 cum
1047 1201 1151 1236 laude
1177 1206 1236 1236 tua
1263 1203 1393 1247 passim
1420 1206 1656 1238 conterantur.
1682 1205 1737 1239 Ita

116 1275 297 1299 senescere
317 1267 453 1309 oportet
471 1264 598 1303 virum,
617 1263 673 1308 qui
702 1267 752 1297 tot
781 1263 1059 1308 imperatoribus,
1086 1267 1137 1297 tot
1163 1263 1318 1308 regibus,
1346 1267 1397 1298 tot
1424 1264 1638 1310 principibus
1666 1277 1736 1300 ser-

113 1326 216 1361 vierit
250 1329 283 1360 et
313 1325 514 1360 carissimus
545 1325 667 1364 fuerit,
702 1325 842 1370 negotia
874 1325 966 1359 domi
991 1325 1143 1371 forisque
1174 1326 1394 1367 tractaverit,
1433 1326 1561 1361 multas
1587 1332 1733 1373 gentes,

113 1388 291 1434 regiones,
320 1397 503 1431 moresque
529 1387 683 1432 ipsarum
714 1387 852 1427 viderit,
887 1390 953 1421 etc.
981 1405 995 1417 n

164 1449 357 1495 Collegium
384 1449 551 1483 Vilnense
571 1448 657 1482 duos
689 1449 752 1483 hoc
771 1461 862 1484 anno
890 1450 1102 1484 desideravit
1128 1450 1260 1491 Socios,
1291 1462 1420 1496 eosque
1448 1452 1579 1497 primos
1599 1453 1634 1486 in
1655 1464 1731 1495 sua,

114 1522 222 1556 nuper
249 1511 420 1551 instituta,
438 1510 619 1545 academia
646 1522 756 1545 sacrze
788 1512 974 1557 theologiae
1006 1513 1177 1552 doctoreS‚
1208 1513 1365 1558 ejusdem
1392 1513 1520 1548 ibidem
1548 1515 1734 1560 magistros

113 1572 269 1613 eximios,
291 1573 385 1606 viros
416 1572 544 1606 scholis
574 1572 819 1607 haereticol‘um
846 1573 1083 1607 formidabiles
1106 1585 1112 1606 2
1144 1573 1371 1608 Laurentium
1400 1574 1568 1609 Arturum
1601 1576 1629 1609 F
1632 1580 1732 1610 aunt·

114 1645 217 1668 neum
241 1639 275 1668 et
300 1634 492 1668 Antonium
518 1634 636 1667 Arias.
661 1634 870 1667 Laurentius
899 1634 933 1667 in
964 1633 1094 1679 Anglia
1113 1638 1229 1673 natus,
1259 1635 1294 1668 in
1323 1636 1512 1670 Germania
1540 1637 1654 1671 studio
1673 1637 1728 1672 lit-

115 1699 266 1730 terarum
284 1695 488 1729 adolescens
508 1706 648 1741 operam
668 1695 774 1730 dedit.
800 1697 837 1730 In
867 1696 1077 1730 Societatem
1108 1696 1236 1731 ibidem
1263 1701 1438 1742 acceptus,
1461 1702 1573 1733 artem
1592 1699 1729 1734 dicendi

115 1761 149 1792 et
167 1757 426 1802 philosophicas
446 1757 481 1790 in
509 1757 698 1791 Germania
717 1756 933 1801 disciplinas,
956 1756 1081 1790 Rom-ee
1099 1757 1312 1803 theologicas
1332 1758 1463 1793 didicit.
1488 1759 1538 1793 Eo
1559 1760 1730 1794 curriculo

116 1818 282 1858 confecto,
298 1818 372 1863 jam
393 1818 567 1857 sacerdos,
592 1818 718 1851 missus
738 1819 773 1851 in
802 1818 1013 1859 Lhuaniam,
1032 1818 1132 1853 bonis
1150 1819 1284 1854 artibus
1311 1820 1347 1854 111
1374 1831 1536 1866 magnam
1564 1821 1731 1856 doctrinae

116 1883 150 1914 et
176 1879 412 1913 sanctimoniae
439 1878 532 1924 apud
554 1891 673 1913 omnes
701 1879 992 1914 existimationem
1020 1881 1134 1921 venit;
1169 1892 1272 1926 quam
1303 1882 1407 1916 editis
1439 1882 1542 1916 etiam
1573 1883 1673 1917 libris
1699 1883 1732 1930 (1)

118 1941 282 1986 praeclare
301 1941 530 1975 confirmavit.
555 1940 649 1974 Obiit
669 1940 759 1975 diem
779 1953 878 1975 suum
899 1941 1013 1975 Vilna}
1032 1942 1066 1975 in
1081 1941 1236 1987 Collegio
1251 1944 1450 1977 academico
1470 1944 1731 1989 religiosissime

122 2003 224 2043 1591,
246 2003 349 2037 annis
380 2003 416 2036 in
445 2002 617 2036 Societate
644 2002 691 2037 25
717 2014 847 2048 magna
873 2015 949 2037 cum
976 2003 1079 2037 laude
1102 2004 1245 2038 exactis.
1268 2004 1425 2038 Eandem
1456 2006 1609 2040 indidem
1639 2007 1731 2041 viam

117 2063 192 2098 iniit
222 2064 254 2097 V
290 2075 399 2098 nonas
431 2063 574 2097 martias
609 2063 712 2108 hujus
744 2063 879 2109 collega
901 2064 1086 2104 Antonius,
1125 2075 1167 2098 ex
1204 2065 1376 2110 Hispania
1401 2066 1447 2100 ad
1483 2067 1731 2102 instituendam

117 2125 304 2171 theologiae
332 2125 487 2159 scholam
516 2125 694 2159 invitatus.
735 2126 824 2164 Quid
852 2126 908 2160 hic
935 2126 1119 2171 theologus
1146 2125 1181 2159 111
1211 2126 1293 2160 aula
1329 2128 1426 2173 regia
1455 2128 1623 2175 Stephani
1661 2130 1730 2165 Ba-

118 2187 197 2221 torii
216 2187 339 2232 egerit,
356 2187 431 2232 jam
451 2186 730 2221 memoravimus.

167 2263 288 2297 Exstat
317 2263 351 2296 in
381 2261 573 2296 Lituanicae
592 2261 782 2306 provinciae
800 2263 941 2296 archivo
962 2262 1003 2295 de
1023 2261 1251 2295 sanctimonia
1274 2262 1380 2306 patris
1410 2262 1555 2298 Antonii
1574 2267 1732 2301 testiino-

120 2324 227 2364 nium,
246 2337 352 2371 grave
366 2325 453 2358 illud
468 2336 508 2358 ac
525 2325 672 2363 firmum,
690 2324 814 2358 Romae
829 2324 863 2357 in
882 2323 1154 2369 congregatione
1168 2323 1321 2368 generali
1338 2335 1430 2358 anno
1458 2326 1560 2366 loos,
1580 2329 1628 2362 ΙΙΙ
1654 2329 1730 2362 idus

121 2387 260 2432 apriles,
281 2399 301 2421 a
329 2388 369 2422 P.
389 2387 515 2421 Garsia
541 2386 728 2425 Alabiam),
746 2391 880 2420 rectore
911 2397 1021 2431 nuper
1051 2384 1239 2419 academici
1264 2385 1377 2419 Vilnae
1397 2386 1556 2432 Collegii,
1587 2389 1620 2423 id
1649 2402 1730 2423 vero

120 2449 282 2494 temporis
310 2449 411 2484 Socio
438 2448 597 2494 praesidis
633 2447 855 2493 provincialis
888 2447 1076 2493 pr‹;›vincia?v
1104 2446 1326 2491 Aragonicae,
1344 2447 1494 2483 indidem
1526 2451 1567 2484 ad
1586 2451 1730 2485 eandem

162 2509 202 2548 (1)
228 2511 257 2538 V.
278 2512 398 2540 Iudicem
418 2513 600 2546 Scriptorum.

1602 2570 1633 2594 22

1757 401 1817 426 1591

1757 639 1820 664 Vars
1825 646 1862 663 ze-

1756 677 1835 703 vickii

1757 718 1874 744 Christo-

1757 758 1830 792 phori
1853 758 1904 784 elo-

1758 798 1838 831 gium.

1761 1464 1811 1490 Pr.
1835 1464 1903 1490 Ariae

1760 1507 1787 1531 et
1799 1505 1889 1530 Arturi

1759 1538 1853 1571 elogia.

1759 1576 1905 1609 Theologiae

1756 1617 1879 1643 Doctores

1756 1659 1784 1684 in
1807 1655 1904 1682 Acade-

1757 1696 1811 1722 mia
1848 1695 1904 1721 Vil-

1757 1735 1840 1762 nensi.

1758 2035 1789 2062 P.
1807 2035 1873 2061 Ariae

1759 2074 1884 2102 doctrina.

1760 2269 1889 2296 Modestia

1761 2308 1840 2334 etiam
1856 2308 1883 2333 in

1761 2346 1822 2372 aula
1829 2346 1900 2378 regia
