2184 2953
634 317 740 345 LIBER
764 316 950 345 SECUNDUS
970 316 1180 352 (1571-1580).
1701 313 1739 344 73

130 424 144 439 a
173 408 342 444 videatur.
374 410 449 448 Quo
483 412 596 444 actum
624 414 688 451 est,
720 414 758 445 ut
794 409 925 444 Hosius
959 409 1034 444 orbi
1065 409 1256 444 christiano
1282 408 1385 444 valde
1418 421 1564 455 magnus
1600 411 1736 444 esset...
1769 409 1832 436 1579

132 486 147 500 κ
170 471 382 506 Caeterorum
408 474 538 506 mortes
565 470 732 516 privatos,
763 471 838 505 haec
857 482 926 505 una
945 481 1162 505 communem
1185 470 1370 516 quemdam
1397 469 1526 505 luctum
1553 470 1589 504 in
1616 469 1742 504 animis

132 549 147 562 α
169 534 304 580 piorum
323 533 496 567 excitavit.
522 533 575 567 Ex
592 545 739 578 quorum
757 544 823 579 ego
850 532 976 567 litteris
995 536 1029 566 et
1057 531 1155 566 libris
1179 532 1328 566 ducenta
1346 531 1418 566 fere
1436 531 1634 566 testimonia
1652 543 1741 577 prae-

136 610 151 624 α
173 595 281 635 clara,
311 606 387 629 cum
405 594 512 629 animi
538 595 605 629 mei
632 594 823 640 voluptate,
844 593 990 639 coHegi;
1020 593 1144 639 quibus
1162 593 1225 634 illi,
1244 593 1344 639 quasi
1363 592 1620 638 conspiratione
1638 592 1739 634 facta,

133 671 148 686 a
171 656 278 691 totius
305 656 419 690 laudis
449 660 483 691 et
509 656 633 702 gloriae
660 657 905 702 principatum,
937 667 1014 690 cum
1043 655 1080 689 in
1106 654 1202 689 cultu
1229 655 1367 700 pietatis
1388 658 1462 688 tum
1484 654 1519 688 in
1538 654 1743 689 excellentia

132 734 147 747 a
169 717 351 758 doctrinae,
369 718 573 752 attribuunt.
602 718 673 752 Alii
688 718 883 753 columnam
911 717 1079 752 Ecclesiae
1105 720 1244 757 vocant,
1273 716 1334 751 alii
1362 719 1604 750 ornamentum
1631 716 1741 751 Colle-

132 795 146 809 «
169 780 219 826 gii
248 779 485 814 Cardinalium
515 780 619 819 sacri,
645 779 706 814 alii
734 779 955 826 splendorem
982 778 1089 813 curiae
1115 778 1297 819 Romanae,
1327 777 1387 812 alii
1412 777 1610 824 polonicum
1640 778 1741 823 patri-

134 857 149 871 α
171 841 324 882 archam,
347 840 406 875 alii
432 852 550 875 senem
570 852 651 876 vere
667 841 977 881 Abrahamiticum‚
999 840 1059 874 alii
1086 840 1251 875 malleum
1274 839 1533 879 haereticorum,
1554 839 1614 874 alii
1633 840 1743 874 nostri

128 902 332 948 «temporis
362 902 596 948 Augustinum
624 902 861 948 appellant...
894 903 1018 947 Neque
1046 902 1131 936 mihi
1162 902 1197 935 in
1224 902 1290 936 hoc
1321 901 1580 947 praedicationis
1613 913 1743 948 genere

121 980 136 994 a
158 964 472 1011 pertimescendum
487 975 564 998 esse
579 964 728 1004 videtur,
754 975 798 999 ne
817 964 1000 999 dulcedine
1019 964 1206 1005 diuturnae,
1224 975 1302 1009 quae
1319 963 1404 997 mihi
1419 975 1496 998 cum
1511 963 1620 998 Hosio
1636 964 1743 999 inter-

130 1043 145 1057 κ
167 1027 284 1068 cessit,
306 1027 567 1061 consuetudinis
595 1026 773 1067 delinitus,
795 1027 962 1061 libentius
988 1027 1064 1061 haec
1091 1025 1208 1060 omnia
1232 1024 1427 1072 praedicare
1451 1025 1493 1060 de
1519 1025 1579 1060 illo
1606 1026 1739 1067 videar,

123 1104 138 1118 a
160 1101 261 1136 quam
279 1089 414 1129 verius;
437 1100 514 1123 cum
532 1088 582 1123 ita
605 1089 808 1128 communis,
831 1089 879 1123 ita
898 1092 1080 1128 constans,
1103 1087 1152 1122 ita
1170 1090 1339 1133 perpetua
1358 1087 1402 1121 sit
1417 1087 1570 1121 omnium
1587 1088 1629 1123 de
1647 1088 1741 1123 illius

123 1166 138 1180 a
160 1150 290 1198 pietate
311 1150 441 1196 opinio,
463 1155 501 1184 ut
520 1150 583 1184 etsi
602 1150 815 1196 praecipuum
834 1161 911 1184 esse
942 1161 1056 1184 meum
1083 1160 1164 1194 erga
1190 1148 1289 1183 illum
1316 1149 1469 1183 studium
1496 1160 1573 1184 esse
1599 1150 1737 1192 debeat,

126 1228 141 1243 a
163 1224 251 1260 pene
270 1217 387 1247 tamen
407 1212 589 1258 aequaliter
608 1224 686 1247 cum
705 1212 842 1247 caeteris
857 1212 1017 1247 videatur
1032 1212 1177 1246 versari.
1196 1211 1311 1257 Atque
1330 1211 1385 1245 his
1401 1223 1466 1257 ego
1481 1212 1620 1247 interim
1635 1213 1740 1248 rebus

126 1292 140 1306 a
163 1280 198 1311 et
223 1275 491 1321 cogitationibus
518 1275 554 1308 in
581 1275 648 1309 hac
672 1274 822 1309 orbitate
854 1285 931 1308 mea
962 1285 1016 1309 me
1047 1273 1208 1309 consolor
1230 1286 1236 1307 z
1260 1274 1352 1319 quod
1381 1274 1585 1319 amplissimi
1613 1275 1740 1321 quique

128 1353 143 1367 a
165 1341 270 1383 atque
288 1337 409 1383 optimi
426 1336 491 1371 viri
512 1336 554 1371 de
574 1336 684 1370 Hosio
703 1340 822 1370 nostro
843 1336 1042 1382 opinantur,
1064 1347 1135 1370 non
1153 1347 1253 1370 secus
1271 1347 1312 1370 ac
1330 1336 1373 1370 de
1398 1336 1536 1371 homine
1562 1348 1580 1372 e
1601 1337 1688 1372 coelo
1707 1338 1743 1372 in

126 1415 141 1428 α
165 1403 295 1434 terram
313 1399 357 1433 ad
377 1398 525 1433 salutem
546 1397 749 1443 reipublieae
769 1398 970 1432 christiana}
988 1397 1131 1443 delapso
1149 1409 1156 1431 1
1174 1409 1302 1434 voce...
1325 1398 1384 1432 Me
1403 1398 1495 1444 quod
1515 1399 1653 1440 attinet,
1675 1400 1739 1435 etsi

126 1476 141 1491 κ
163 1461 247 1496 mihi
266 1460 445 1495 secretarii
464 1464 498 1494 et
515 1459 697 1494 familiaris
715 1471 841 1494 nomen
862 1471 953 1493 mors
973 1460 1048 1504 ejus
1076 1459 1232 1499 abstulit,
1254 1459 1386 1494 cultum
1402 1463 1519 1494 tamen
1542 1472 1628 1506 erga
1645 1461 1743 1496 illum

129 1538 144 1552 α
166 1527 200 1558 et
227 1523 487 1558 observantiam
518 1526 552 1557 et
579 1522 754 1556 diuturnae
781 1521 1040 1556 consuetudinis
1072 1522 1116 1555 ad
1148 1521 1403 1556 benevolentiae
1440 1522 1643 1558 memoriam
1673 1535 1743 1559 non

133 1599 148 1614 a
171 1584 300 1619 ademit
318 1596 324 1618 :
342 1596 408 1630 quo
428 1584 541 1618 minus
560 1596 637 1618 eam
656 1587 790 1618 tantam
808 1583 973 1629 pietatem
991 1586 1025 1617 et
1043 1583 1263 1629 sapientiam,
1286 1587 1357 1617 tam
1376 1584 1576 1618 inusitatam
1595 1585 1742 1621 clemen-

120 1648 147 1676 *u
169 1647 267 1687 tiam,
286 1650 357 1681 tam
387 1647 577 1681 ferventem
606 1646 825 1686 charitatem,
856 1649 926 1679 tam
947 1657 1063 1679 raram
1090 1645 1337 1686 humilitatem,
1366 1650 1503 1681 tantum
1529 1647 1677 1693 denique
1708 1648 1743 1682 in

130 1724 145 1738 κ
168 1720 298 1755 magna
320 1712 493 1754 potestate
521 1719 636 1742 rerum
654 1707 807 1742 omnium
822 1708 962 1741 modum
981 1707 1107 1742 tacitus
1122 1707 1214 1753 apud
1234 1711 1268 1743 te
1287 1708 1468 1754 praeterire
1487 1710 1670 1755 potuerim.
1688 1709 1743 1745 Ad

130 1786 144 1800 a
168 1774 362 1806 extremum
381 1773 497 1804 autem
517 1773 550 1804 te
574 1769 679 1804 etiam
706 1773 810 1814 atque
837 1769 939 1803 etiam
965 1773 1062 1815 peto;
1093 1773 1320 1815 posteaquam
1347 1781 1401 1804 me
1432 1770 1642 1805 calamitatis
1668 1771 1743 1817 ejus

130 1847 144 1862 u
165 1831 352 1866 acerbitate
371 1831 420 1865 ita
438 1831 586 1865 fractum
606 1842 646 1865 ac
665 1830 837 1875 dejectum
852 1841 928 1864 esse
948 1830 1057 1870 vides,
1074 1833 1111 1864 ut
1130 1841 1200 1864 non
1219 1830 1332 1864 solum
1353 1831 1458 1865 animi
1479 1832 1540 1866 sed
1567 1835 1601 1866 et
1627 1831 1743 1867 vultus

128 1909 143 1923 α
164 1898 199 1929 et
216 1894 340 1928 frontis
366 1896 400 1927 et
422 1893 600 1928 oculorum
630 1893 841 1927 hilaritatem
870 1892 906 1926 in
937 1891 1185 1937 sempiternum
1217 1896 1353 1938 tempus
1385 1893 1578 1935 amiserim;
1612 1905 1657 1928 ne
1687 1906 1743 1929 me

131 1970 146 1984 κ
172 1954 468 1990 consolationibus
486 1955 555 1989 tuis
574 1955 837 1999 orationumque
856 1954 1060 1987 destitutum
1079 1953 1253 1998 praesidiis
1273 1954 1446 2000 relinquas
1469 1967 1475 1988 :
1498 1955 1559 1989 sed
1578 1955 1642 1990 has
1660 1955 1742 1991 vitae

132 2032 147 2046 α
167 2022 298 2052 nostrae
324 2017 500 2057 tenebras,
521 2016 577 2051 vel
596 2017 710 2062 potius
729 2017 834 2050 istum
852 2018 1011 2048 nostrum
1033 2025 1223 2055 carcerem,
1245 2016 1314 2050 imo
1333 2019 1479 2050 mortem
1506 2016 1609 2051 sunus
1637 2020 1671 2051 et
1693 2017 1742 2051 ci-

133 2094 148 2108 «
170 2090 284 2119 neres,
307 2090 383 2112 cum
407 2077 451 2112 ad
466 2077 577 2112 altare
598 2078 662 2113 Dei
682 2078 832 2119 steteris,
851 2078 886 2112 in
905 2076 1080 2112 sacrificiis
1099 2076 1167 2111 tuis
1188 2077 1282 2111 illius
1300 2077 1456 2112 Bonitati
1474 2079 1740 2114 commendes..

132 2155 147 2170 u
172 2141 248 2186 Ego
266 2139 419 2175 vicissim
438 2139 500 2174 tibi
519 2140 715 2185 impendam
734 2140 913 2174 charitatis
931 2138 1082 2173 officium
1106 2139 1199 2184 apud
1220 2140 1439 2174 venerandos
1464 2139 1527 2175 SS.
1559 2140 1743 2186 Apostolo-

133 2215 148 2230 κ
170 2213 247 2235 rum
266 2201 410 2235 cineres.
434 2201 558 2236 Romae
585 2212 705 2236 mense
733 2201 908 2236 decembri
939 2200 1042 2235 1579.
1073 2217 1088 2230 n

180 2263 266 2298 Haec
289 2263 331 2298 de
358 2275 421 2297 suo
448 2266 637 2309 nostroque
664 2263 772 2298 Hosio
801 2261 997 2296 Stanislaus
1025 2260 1188 2303 Rescius,
1219 2262 1502 2308 religiosissimus
1530 2264 1583 2298 vir
1610 2276 1650 2299 ac
1669 2277 1745 2311 per-

131 2336 232 2371 quam
249 2325 418 2361 eruditus.

181 2387 227 2422 At
245 2388 287 2423 de
306 2388 434 2423 Rescio
453 2387 638 2422 cardinalis
654 2387 828 2422 Baronius
847 2387 883 2420 in
897 2386 969 2420 suis
984 2385 1027 2419 ad
1043 2386 1065 2419 7
1083 2384 1213 2419 mensis
1232 2384 1314 2419 maii
1333 2385 1424 2420 notis
1443 2398 1449 2420 :
1475 2401 1490 2415 ω
1514 2387 1743 2430 Stanislaum,
1829 2405 1867 2430 33,

140 2464 155 2477 α
177 2449 299 2494 inquit,
320 2448 486 2485 Resoium
505 2450 539 2485 S.
563 2449 607 2483 R.
632 2449 671 2483 E.
698 2449 986 2495 protonotarium,
1005 2449 1124 2494 optimi
1139 2448 1231 2484 illius
1252 2453 1357 2495 atque
1375 2450 1565 2486 doctissimi
1581 2452 1746 2487 Stanislai
1771 2443 1857 2470 Reseii

147 2526 161 2539 ιι
185 2511 368 2546 cardinalis
387 2511 576 2551 alumnum,
592 2511 635 2545 ob
653 2522 786 2545 morum
806 2510 985 2556 egregiam
1000 2511 1235 2556 integritatem
1254 2516 1288 2545 et
1314 2511 1488 2557 insignem
1519 2514 1747 2549 eruditionem
1770 2483 1836 2509 laus.

1587 2574 1616 2599 10
