2184 2953
462 323 518 353 148
848 322 1121 351 LlTUANlCARUM
1147 322 1360 350 soclssTATis
1382 323 1467 351 JESU
1492 323 1746 353 HISTORIARUM

288 424 349 450 1531)·
458 413 656 448 simulacra.
680 413 860 448 Contraxit
895 425 935 448 eo
970 413 1025 448 die
1052 413 1088 447 in
1116 414 1249 455 urbem,
1267 426 1502 450 convenarum
1533 415 1754 450 multitudine
1780 416 1984 458 ferventem,
2003 417 2078 463 pul-

458 476 609 521 chroque
628 475 819 520 fulgentem
838 479 1022 521 apparatu,
1044 475 1192 521 primum
1212 477 1400 512 catholicos
1420 477 1467 523 pii
1497 488 1580 512 cura
1612 477 1727 517 officii,
1746 477 1870 512 deinde
1896 478 2081 514 haereticos

459 539 577 580 ctiam,
595 539 850 579 schismaticos,
869 538 1032 584 Scythas,
1059 538 1340 579 mahumetanos,
1363 551 1441 573 cum
1468 539 1674 585 conjugibus
1690 544 1723 574 et
1738 539 1872 580 liberis,
1908 540 2001 576 sama
2031 542 2083 577 rei

457 614 557 636 novae
573 601 783 648 praenuntia.
806 601 919 638 Quam
939 600 981 634 ob
1005 611 1077 634 rem
1100 600 1277 635 venissent
1296 600 1423 646 rogati,
1448 601 1604 635 haeretici
1624 613 1698 636 eam
1717 606 1910 637 conventus
1931 603 1984 637 sui
2001 603 2082 639 affe-

456 664 579 698 rebant
610 675 765 702 causam,
794 662 885 708 quod
916 662 1035 697 videre
1069 665 1250 707 cuperent,
1281 674 1350 707 qua
1377 663 1488 697 Deum
1520 674 1621 697 suum
1653 663 1909 709 supplicatione
1939 676 2082 700 venera-

457 731 578 762 rentur
591 725 764 761 catholici.
788 725 833 759 Et
860 736 944 759 sane
979 735 1175 770 quanquam
1194 735 1236 759 ea
1263 736 1319 759 res
1346 725 1585 771 superioribus
1611 726 1716 760 etiam
1736 727 1838 761 annis
1858 739 1987 773 magna
2006 740 2082 763 cum

457 789 628 835 dignitate
647 791 681 823 et
700 787 881 833 majestate
900 789 1018 833 gesta;
1040 786 1096 820 hic
1114 790 1232 820 tamen
1251 797 1364 821 annus
1382 786 1432 821 ita
1451 787 1582 833 populo
1602 787 1749 822 celebris
1768 788 1846 828 fuit,
1864 792 1901 823 ut
1921 789 2083 825 catholici

456 856 529 886 tum
548 850 673 896 gratiis
701 850 774 884 Deo
796 849 957 894 agendiS,
978 853 1051 882 tum
1065 849 1238 884 habendis
1260 849 1556 895 gratulationibus
1576 862 1649 896 prae
1665 862 1703 885 se
1717 851 1874 892 tulerint,
1897 863 1933 886 se
1949 851 2080 887 nullam

456 924 608 958 unquam
634 911 749 946 Vilnae
774 922 935 957 pompam
969 909 1118 944 similem
1144 923 1215 945 non
1246 911 1347 946 modo
1379 923 1568 957 usurpasse
1595 912 1717 953 oculis,
1740 913 1801 948 sed
1830 924 1873 948 ne
1902 913 2079 950 auditione

455 975 593 1021 quidem
610 974 786 1020 accepisse
808 986 814 1008 2
832 972 951 1008 caeteri
968 976 1085 1007 autem
1105 974 1254 1008 confessi
1281 974 1362 1015 sint,
1384 974 1470 1008 nihil
1488 974 1594 1008 fuisse
1621 974 1710 1009 alias
1728 974 1762 1008 in
1792 975 1968 1016 Lituania,
1988 976 2082 1021 quod

454 1042 618 1085 parentes
638 1037 742 1072 etiam
756 1037 809 1071 sui
824 1036 988 1076 viderint,
1005 1035 1209 1081 jucundius,
1227 1040 1287 1071 aut
1312 1037 1414 1071 etiam
1433 1037 1520 1078 fore,
1543 1037 1633 1082 qnod
1653 1037 1763 1083 magis
1777 1038 1961 1073 visendum
1982 1043 2081 1085 puta-

454 1104 552 1141 rent;
573 1100 689 1145 itaque
715 1110 778 1145 per
808 1102 1061 1144 consequentes
1088 1098 1162 1133 dies
1190 1098 1317 1133 multus
1349 1099 1391 1134 de
1410 1099 1613 1134 celebritate
1640 1100 1740 1134 istius
1768 1100 1837 1135 diei
1869 1101 1960 1136 inter
1990 1102 2084 1137 cives

455 1175 582 1200 sermo.
604 1163 729 1208 Neque
748 1173 803 1197 res
822 1173 863 1196 ea
889 1161 1056 1207 pertinuit
1075 1160 1187 1195 solum
1214 1161 1259 1195 ad
1278 1160 1548 1196 oblectationem
1576 1162 1769 1204 oculorum,
1795 1167 1829 1198 et
1855 1150 2083 1200 commenda—

420 1231 423 1234 '
455 1225 584 1260 tionem
596 1223 806 1269 juventutis,
829 1223 889 1257 sed
904 1222 949 1256 ad
964 1221 1158 1257 scholarum
1175 1222 1280 1257 etiam
1296 1222 1599 1269 amplificationem
1617 1228 1651 1259 et
1670 1225 1857 1261 utilitatem
1873 1226 2080 1262 animorum.

457 1288 515 1323 Ex
533 1299 574 1322 eo
593 1290 748 1332 tempore
768 1284 959 1319 modestius
979 1295 1104 1329 gerere
1124 1295 1161 1319 se
1176 1284 1349 1330 discipuli,
1368 1288 1401 1319 et
1419 1285 1533 1321 colere
1550 1286 1712 1321 virtutem
1728 1287 1932 1333 diligentius
1951 1300 1958 1322 t
1978 1289 2087 1334 quare

458 1349 607 1397 permoti
639 1348 798 1394 plerique
827 1347 985 1382 haeretici
1017 1347 1135 1386 etiam,
1157 1345 1287 1381 liberos
1319 1358 1401 1381 31103
1438 1359 1456 1382 0
1488 1348 1607 1383 schola
1636 1349 1859 1395 Zvfflgliana,
1890 1362 1970 1396 quae
2005 1351 2087 1386 olim

458 1411 595 1458 magnis
611 1410 787 1445 aedificata
801 1409 996 1455 sumptibus
1010 1409 1126 1443 Vilnae
1142 1408 1310 1454 magistra
1325 1414 1401 1444 erat
1410 1410 1606 1455 juventutis
1622 1410 1925 1456 frequentissimae,
1947 1417 2087 1459 ereptos

285 1480 349 1525 Ejus
361 1480 413 1506 uti-
459 1474 684 1512 adducerent,
703 1475 823 1506 nostra
841 1471 1062 1506 institutione
1080 1472 1296 1507 formandos.
1317 1473 1504 1509 Excitabat
1527 1474 1802 1510 adolescentium
1821 1477 1958 1511 animos
1973 1477 2086 1523 pietas

284 1520 357 1546 htas.
459 1538 564 1574 etiam
583 1547 670 1581 erga
693 1535 945 1570 sanctissimam
964 1535 1161 1580 Virginem,
1178 1534 1243 1569 Dei
1258 1539 1451 1581 parentem,
1467 1536 1707 1572 commendata
1731 1550 1736 1571 :
1760 1537 1941 1572 lectissimi
1960 1538 2088 1584 quique

287 1617 420 1643 Sodalitas
458 1601 493 1635 in
524 1599 599 1645 ejus
627 1609 664 1633 se
682 1597 787 1632 fidem
814 1600 849 1632 et
876 1597 1075 1632 clientelam
1094 1597 1343 1640 conferebant;
1367 1602 1542 1634 exstructo
1562 1611 1673 1645 nuper
1702 1599 1886 1635 Sodalitati
1912 1601 2087 1636 Marianae

286 1659 316 1724 ξιξ
317 1658 421 1724 ¹115}ssss
459 1661 600 1702 sacello,
627 1663 767 1706 sumptu
798 1659 979 1694 Francisci
1008 1659 1196 1702 Vesselini,
1219 1661 1277 1706 qui
1309 1661 1385 1707 regi
1416 1661 1593 1708 Stephano
1625 1662 1716 1696 inter
1747 1663 1955 1697 honorarios
1984 1663 2088 1698 suita

287 1718 430 1763 SodalinmJ
459 1724 627 1759 cubiculo.
655 1723 786 1758 Eadem
802 1723 873 1758 fere
887 1722 1133 1768 prosperitate,
1156 1734 1225 1769 qua
1244 1723 1279 1757 in
1298 1723 1393 1764 filiis,
1413 1723 1449 1758 in
1467 1724 1675 1771 parentibus
1695 1736 1831 1770 quoque
1852 1736 1962 1771 opera
1979 1737 2086 1772 pone-

338 1818 371 1844 49
458 1788 574 1822 batur.
602 1786 668 1825 Qui
687 1797 707 1820 a
726 1790 819 1820 recta
842 1785 1057 1821 deflexerant
1075 1784 1258 1831 religionis
1277 1785 1471 1830 salutisque
1489 1785 1558 1826 via,
1576 1786 1723 1820 trecenti
1743 1786 1894 1832 amplius
1915 1787 1978 1822 sub
1994 1787 2085 1822 idem

289 1857 402 1891 Sapieha
459 1854 597 1895 tempus
611 1848 779 1883 revocati.

288 1898 400 1924 Procan-
507 1910 599 1946 Ante
614 1909 702 1944 alios
724 1921 743 1944 e
761 1911 965 1955 pervetusta
983 1919 1024 1942 30
1051 1907 1209 1954 principe
1236 1907 1329 1942 inter
1358 1907 1527 1942 Lituanos
1550 1907 1695 1949 fiunilia,
1718 1909 1838 1944 alienis
1868 1921 1889 1943 a
1916 1910 2086 1956 religione

288 1938 409 1964 cellarius

288 1978 434 2008 etcomplu-
461 1972 633 2008 catholica
658 1971 861 2017 parentibus
894 1974 1008 2011 natus,
1044 1969 1115 2004 Leo
1148 1969 1312 2015 8311101111,
1350 1970 1524 2004 Lituaniae
1551 1974 1623 2004 tum
1655 1971 1965 2016 procancellaffius,
2006 1972 2086 2007 dein

288 2017 404 2081 ‘50³0ssss
461 2036 541 2070 Dux
563 2034 779 2070 exercituum
799 2045 838 2067 ac
856 2032 1032 2079 palatinus
1055 2032 1244 2071 VilnensiS,
1268 2032 1479 2078 opinionem,
1501 2043 1604 2077 quam
1630 2032 1756 2078 Lipsiae
1777 2033 1812 2066 in
1839 2033 1993 2068 Saxonia
2012 2046 2083 2069 ma-

291 2101 424 2156 amusetre-
463 2096 581 2142 gistris
599 2095 774 2131 lutoretiois
786 2094 929 2141 juvenis
958 2094 1000 2128 de
1028 2093 1199 2140 religione
1219 2095 1445 2134 combiberat,
1469 2098 1552 2128 natu
1572 2106 1708 2140 quoque
1736 2095 1904 2141 grandior
1932 2096 1989 2130 diu
2018 2108 2084 2131 non

292 2139 374 2158 vocan
393 2151 397 2156 ”
463 2162 515 2193 031
528 2169 652 2204 passus
668 2157 769 2192 evelli
790 2157 854 2191 sibi
872 2167 916 2191 ex
930 2155 1057 2190 animo.
1083 2156 1215 2191 Labem
1234 2156 1329 2191 illam
1344 2156 1425 2191 boni
1444 2160 1572 2190 crotera
1588 2157 1651 2190 viri
1668 2157 1867 2203 benignitas
1883 2158 2001 2192 divina
2017 2170 2085 2193 non

464 2221 641 2255 sustinuit.
665 2219 777 2255 Invito
796 2220 825 2254 is
845 2220 983 2266 quidem
998 2219 1113 2253 animo
1133 2218 1384 2253 catholicorum
1404 2218 1519 2252 adibat
1540 2219 1682 2264 templa,
1701 2222 1805 2264 atque
1824 2222 1897 2253 tum
1911 2220 1991 2261 nisi,
2010 2232 2088 2255 cum

463 2283 552 2317 ratio
573 2282 725 2316 muneris
744 2281 870 2327 publici
898 2281 1114 2327 postularet3
1137 2281 1170 2314 id
1199 2280 1291 2326 quod
1316 2280 1382 2314 sibi
1401 2279 1592 2321 Cracoviz‘e,
1615 2281 1659 2314 ad
1687 2280 1804 2314 aulam
1825 2281 1936 2326 Regis
1957 2281 2086 2316 diutius

464 2344 705 2384 commoranti,
727 2343 828 2377 officii
856 2354 962 2378 causa
990 2342 1228 2388 praestandum
1251 2344 1326 2376 erat
1345 2341 1473 2386 saepius
1493 2355 1498 2376 :
1527 2342 1661 2387 quoties
1689 2342 1821 2376 scilicet
1840 2342 1919 2377 Rex
1938 2343 2015 2388 pius
2042 2344 2086 2378 ad

465 2407 759 2453 comprecationes
787 2405 956 2452 publicas,
975 2405 1140 2439 comitatu
1170 2405 1320 2451 stipatus
1348 2404 1475 2444 aulico,
1497 2404 1722 2449 procederet;
1753 2403 1833 2438 inde
1865 2404 1923 2439 ille
1949 2415 2028 2438 mox
2048 2415 2086 2439 se

465 2481 542 2504 cum
561 2469 633 2503 suis
663 2467 806 2503 asseclis
839 2467 883 2502 ad
911 2467 1153 2502 Calvinianum
1173 2467 1291 2501 fanum
1325 2466 1525 2500 revocabat.
1546 2465 1679 2500 Accidit
1710 2466 1812 2506 forte,
1835 2470 1872 2500 111
1899 2466 1987 2501 festo
2014 2466 2084 2501 divi

464 2530 690 2577 praecursoris
714 2530 769 2564 die
787 2541 857 2563 non
877 2529 987 2563 siccus
1007 2529 1181 2576 mysteriis
1206 2531 1311 2564 sectae
1334 2540 1407 2563 suae
1427 2529 1610 2564 interesset
1632 2543 1637 2564 ι
1660 2534 1761 2565 nocte
1780 2530 1906 2576 quippe
1925 2530 2081 2577 proxima
2173 2511 2184 2599 1

2174 2656 2184 2683 Ἰ1
