2184 2953
281 406 343 434 1620

452 307 513 338 20¹0
671 306 945 337 LITUANICARUM
969 309 999 337 S.
1023 309 1049 336 J.
1079 307 1330 336 illsToRlARUM
1355 308 1461 336 LIBER
1486 308 1625 337 SEXTUS
1650 308 1861 344 (1610-16020).

451 401 590 436 Svetico
610 412 721 436 annos
755 401 798 436 14
833 399 982 446 amplius
1006 399 1126 440 armis,
1160 397 1263 440 fame,
1287 398 1368 433 inde
1394 398 1597 444 pestilentia
1627 399 1730 434 etiam
1749 400 1936 436 Livonicos
1971 413 2077 448 agros

451 466 651 509 perurente.
676 462 738 497 Ille
757 466 830 497 tum
850 462 999 496 maxime
1014 461 1108 495 cives
1130 460 1164 495 in
1179 461 1299 495 vacuis
1323 460 1459 507 oppidis
1475 465 1509 495 et
1523 461 1637 507 pagis,
1660 462 1695 495 in
1715 461 1823 508 sylvis
1842 462 2023 498 latitantes
2043 467 2078 498 et

448 525 636 570 speluncis,
669 525 894 571 conquirere,
930 528 964 558 et
991 523 1243 569 quibusquibus
1264 528 1383 569 posset
1417 523 1579 558 'fomentis
1610 524 1758 559 miseros
1782 524 1946 566 reficere;
1980 526 2078 572 isque

448 590 553 622 aetate
566 587 641 633 jam
660 587 942 633 ingravescente,
973 585 1174 620 valetudine
1195 585 1346 625 infirma,
1370 585 1509 631 injuriis
1537 590 1571 620 et
1589 586 1755 632 periculis
1774 587 1946 622 obnoxius
1966 600 1972 622 t
1995 588 2077 623 hinc

448 649 515 684 sibi
540 649 699 684 hostibus
727 648 916 689 haereticis,
952 648 1046 682 illinc
1064 647 1276 688 latronibus,
1308 647 1440 694 passim
1469 648 1745 682 occursantibus.
1783 649 1896 687 Quam
1928 649 1971 684 ob
2002 662 2076 685 rem

449 711 635 758 oppidanis
668 711 923 756 rusticanisque
942 710 1030 745 adeo
1050 709 1114 745 fuit
1133 721 1250 747 carus,
1273 713 1310 744 ut
1341 721 1461 744 omnes
1492 710 1720 745 communiter
1752 710 1982 745 Ertmannuni
2013 723 2075 757 pro

446 777 591 821 parente
611 786 673 809 suo
698 775 880 814 haberent,
903 773 1165 819 carissimisque
1186 773 1254 807 sibi
1271 772 1483 814 nominibus,
1495 773 1571 819 jam
1590 773 1684 808 senis
1709 773 1853 815 domini,
1866 774 1940 820 jam
1959 775 2070 820 patris

444 837 512 878 sui,
535 837 588 871 sui
607 836 775 871 antistitis
787 835 844 882 pii,
861 835 1067 870 vocitarent.
1087 834 1264 869 Laborum
1276 835 1417 875 inediae,
1434 846 1682 875 aerumnarum,
1701 847 1770 869 11011
1786 835 1890 870 modo
1903 835 2073 877 tolerans,

444 899 506 934 sed
533 899 639 934 etiam
658 897 915 944 cupidissimus,
942 896 988 931 ad
1006 908 1188 942 supremos
1213 897 1405 931 senectutis
1434 896 1508 931 dies
1527 897 1680 932 habebat
1704 909 1840 943 semper
1857 897 1924 932 sibi
1948 909 2074 944 propo-

443 961 561 1000 situm,
582 959 673 1006 quod
688 963 812 1005 ageret
832 959 984 994 utiliter:
1002 970 1094 993 nunc
1109 959 1153 993 ad
1169 958 1282 993 forum
1301 959 1519 1005 poenitentiae
1539 960 1718 993 accusanti
1738 971 1774 994 se
1798 959 1926 1006 populo
1946 960 2071 995 aderat

443 1023 606 1059 assiduus
627 1035 633 1057 z
659 1033 750 1056 nune
764 1021 1074 1056 concionabundus
1092 1021 1297 1056 hortabatur
1319 1033 1325 1055 :
1345 1021 1446 1055 modo
1467 1021 1672 1056 rudimentis
1688 1021 1887 1056 christiana}
1902 1021 2072 1057 doctrinae

443 1085 649 1121 instituebat
663 1084 799 1130 plebem
822 1096 828 1119 ι
851 1083 954 1118 modo
974 1088 1128 1129 aegrotos
1147 1083 1302 1118 medicus
1319 1083 1517 1118 animorum
1535 1084 1730 1119 invisebat:
1753 1084 1848 1118 nulla
1871 1084 1950 1126 sibi,
1973 1096 2015 1120 ex
2029 1096 2069 1119 eo

443 1148 593 1182 maxime
611 1151 780 1193 tempore,
803 1158 870 1193 quo
895 1147 929 1180 in
958 1146 1169 1181 Societatem
1193 1150 1412 1192 aggregatus
1430 1150 1535 1188 esset,
1562 1147 1641 1181 boni
1664 1147 1817 1182 muneris
1833 1159 1986 1193 unquam
2004 1146 2070 1182 fuit

443 1210 592 1245 vacatio.
622 1210 775 1245 Mortem
795 1209 828 1256 (1)
848 1209 980 1249 Patris,
1010 1209 1129 1244 laetam
1157 1208 1265 1250 illam,
1293 1209 1366 1255 spei
1385 1208 1525 1255 plenam
1544 1209 1698 1256 optimae,
1717 1210 1884 1253 omnium,
1906 1210 2069 1245 Venden—

443 1273 531 1308 sium
550 1273 586 1308 in
604 1272 726 1320 primis
745 1272 885 1313 civium,
908 1272 1044 1318 excepit
1068 1271 1293 1312 desiderium,
1311 1271 1498 1306 multorum
1517 1271 1620 1306 etiam
1639 1272 1882 1318 comploratio.

485 1340 527 1381 (1)
551 1342 678 1372 Mortuus
691 1342 726 1370 IV
739 1350 826 1371 nonas
843 1342 979 1376 octobris,
998 1349 1100 1370 annum
1113 1342 1203 1369 aetatis
1223 1341 1462 1379 septuagesimum
1483 1349 1625 1369 emensus,
