2184 2953
260 410 323 436 1623

262 896 358 922 Manus

263 936 340 963 Beati
346 935 409 962 Var-

264 977 342 1003 saviae
383 976 409 1001 in

264 1019 317 1043 tem
323 1016 364 1050 plo

264 1056 410 1083 Societatis.

265 1224 388 1251 Meletius

268 1262 412 1296 resipiscit.

273 1968 415 1994 Professior

274 2010 315 2035 nis
334 2016 386 2034 suae

275 2050 333 2084 post
354 2056 420 2074 mor-

274 2093 327 2117 tem
344 2089 422 2115 etiam

276 2129 361 2154 tenax.

431 309 491 340 276
823 309 1098 339 LITUANICARUM
1123 310 1335 339 SOCIETATIS
1357 310 1440 339 JESU
1467 309 1718 338 HISTORIARUM

432 400 535 435 dente
554 399 652 434 vultu
670 412 676 434 :
698 399 906 434 rubentibus
924 400 1027 434 labiis
1050 413 1056 434 2
1076 411 1094 435 e
1108 400 1252 435 vulnere
1270 401 1394 447 capitis
1414 399 1567 436 stillante
1595 400 1699 436 etiam
1720 405 1794 436 tum
1820 414 1900 438 rore
1918 405 2061 451 sangui-

433 473 511 497 neo.
531 462 703 497 Ornatum
718 473 821 507 quam
846 462 1092 497 decentissime
1110 474 1116 495 t
1139 462 1273 497 illatum
1289 463 1323 497 111
1344 462 1510 508 templum
1533 462 1644 498 Beato
1655 464 1823 499 Michaeli
1840 464 2064 513 Archangelo

431 535 582 558 sacrum.
602 524 671 559 Sex
698 525 918 559 continenter
937 536 955 558 a
983 525 1079 559 caede
1099 524 1314 570 caliginosos
1343 525 1452 559 fuisse
1472 525 1546 560 dies
1565 537 1606 560 ac
1634 526 1806 567 turbidos
1826 527 2062 564 observatum.

433 587 621 633 Septimus,
644 586 804 621 discussa
835 586 929 620 omni
948 586 1110 632 caligine,
1147 587 1191 621 ad
1227 587 1324 632 justa
1352 587 1513 622 funebria
1545 588 1659 622 illuxit
1693 589 1801 623 11111110
1834 589 2063 633 clarissimus,

431 652 691 695 tempestasque
715 649 884 684 successit
919 649 1067 695 tempori
1087 660 1196 683 verno
1225 649 1414 684 simillima.
1438 650 1573 685 Novem
1604 650 1678 685 dies
1712 651 1910 697 expositum
1936 657 2013 688 erat
2030 654 2067 688 in

436 711 579 752 sacello,
609 711 790 746 visendum
818 711 966 751 civibus,
1001 722 1127 757 corpus
1159 712 1347 758 martyris;
1376 711 1460 746 inde
1485 712 1667 747 Polociam
1701 714 1860 749 secundo
1883 715 2068 751 devectum

432 775 587 817 flumine,
620 775 980 821 frequentissimorum
1016 775 1143 810 civium
1175 787 1323 810 occursu
1363 776 1529 822 luctuque
1567 777 1751 823 excipitur,
1792 778 1897 824 inque
1936 780 2068 827 templo

437 836 472 871 S.
496 837 638 883 Sophiae
658 837 845 883 deponitur
869 837 1071 871 honorifice.
1107 837 1186 872 Alio
1206 841 1285 883 post
1312 838 1535 878 translatum,
1570 839 1743 884 hodieque
1767 840 1894 875 visitur
1913 841 2068 877 incorru-

436 908 543 951 ptum.
574 905 704 939 Manus
723 903 955 938 amantissimi
980 903 1167 938 Societatis
1188 907 1319 938 nostrae
1338 904 1484 938 Patroni
1505 904 1688 938 Varsaviae
1712 905 1747 938 in
1767 905 1896 951 templo
1920 906 2069 953 Collegii

436 978 498 1012 pro
518 977 660 1000 munere
682 965 798 1000 divino
820 969 980 1000 servatur
1010 966 1163 1011 integra.
1188 965 1436 1000 Interfectores
1468 966 1563 1000 Deus
1579 966 1748 1011 quosdam
1777 966 1869 1001 ultor
1886 968 1976 1003 male
1991 980 2069 1014 per-

437 1028 538 1069 didit,
557 1027 726 1074 quosdam
741 1027 911 1073 ejusdem,
931 1027 1048 1068 credo,
1068 1027 1147 1061 Divi
1162 1027 1355 1073 patrocinio
1371 1028 1415 1062 ad
1431 1028 1567 1073 frugem
1583 1028 1734 1063 correxit
1745 1028 1942 1064 misericors
1961 1042 1967 1064 :
1986 1042 2072 1076 quos

437 1091 528 1125 inter
551 1089 742 1136 principem
758 1090 893 1124 obtinet
906 1090 1021 1124 locum
1035 1090 1214 1124 Maximus
1229 1090 1395 1124 Meletius
1410 1090 1666 1137 Sinotryckius,
1684 1091 1870 1126 Photianae
1885 1093 1920 1127 in
1940 1093 2072 1128 Russia

437 1157 541 1188 sectae
556 1153 713 1186 antistes.
739 1152 914 1186 Infensior
943 1153 999 1186 1110
1019 1156 1095 1186 erat
1123 1156 1160 1186 ut
1194 1151 1362 1187 Ecclesiae
1395 1153 1557 1188 universe
1582 1153 1768 1187 catholicae
1799 1154 1848 1188 310
1875 1158 1995 1190 1103110
2014 1155 2073 1190 1311

438 1214 712 1260 archiepiscopo.
736 1213 888 1259 Accepto
909 1214 966 1248 ille
979 1214 1098 1255 credis,
1117 1214 1273 1248 Vitebsci
1288 1214 1402 1254 factae,
1422 1215 1556 1256 nuntio,
1577 1215 1792 1250 conscientia
1804 1216 1928 1251 ardens
1944 1216 2069 1263 culpae,

440 1276 587 1323 conjecit
609 1276 698 1310 sein
726 1275 913 1316 Graeciam,
938 1275 1018 1310 inde
1045 1275 1082 1310 in
1110 1275 1339 1310 Palaestinam
1362 1287 1368 1309 1
1389 1276 1568 1321 quaerebat
1586 1288 1710 1322 nempe
1741 1277 1834 1322 apud
1858 1278 2074 1324 patriarchas

442 1353 524 1376 31103
551 1351 648 1385 aegro
671 1340 788 1374 animo
808 1339 1036 1380 medicinam;
1058 1339 1124 1374 hac
1148 1350 1319 1385 nusquam
1348 1339 1498 1379 inventa,
1520 1340 1670 1374 Romam
1700 1340 1849 1386 denique
1881 1341 1926 1375 ad
1959 1341 2073 1376 Urba-

442 1415 525 1439 num
543 1403 630 1437 VIII
650 1414 743 1437 anno
764 1402 856 1437 1627
875 1402 1041 1448 perrexit.
1065 1402 1242 1447 Receptus
1259 1402 1294 1436 in
1310 1401 1505 1436 Ecclesiam
1515 1402 1650 1447 riteque
1669 1402 1842 1448 expiatus,
1860 1414 1931 1437 non
1946 1415 2074 1438 conva-

440 1467 548 1502 luisse
575 1469 724 1506 1011111111,
748 1464 809 1499 sed
828 1468 973 1499 renatus
1000 1464 1142 1499 omnino
1163 1464 1229 1499 sibi
1260 1464 1356 1498 visus
1385 1468 1449 1499 est.
1487 1464 1527 1498 Id
1567 1464 1725 1499 beneficii
1757 1465 1864 1499 divini
1894 1465 2072 1508 Meletius,

442 1529 553 1564 odiosi
574 1540 683 1574 nuper
703 1528 769 1563 sibi
784 1527 958 1574 praesulis,
973 1528 1048 1574 jam
1058 1539 1151 1562 nunc
1167 1527 1404 1573 procuratoris
1429 1527 1482 1562 sui
1501 1527 1594 1573 apud
1612 1527 1723 1562 Deum
1755 1528 1940 1568 carissimi,
1958 1533 2075 1574 patro-

443 1592 532 1626 cinio
546 1590 736 1626 tribuebat.
773 1590 954 1624 Reversus
973 1589 1007 1623 111
1029 1590 1193 1635 patriani,
1220 1589 1255 1623 in
1274 1589 1505 1623 Derinanensi
1533 1589 1691 1623 coenobio
1710 1590 1871 1631 antistes,
1903 1590 2075 1636 reliquum

442 1654 526 1688 vitae
543 1657 680 1698 tempus
700 1652 817 1698 exegit
836 1652 1024 1698 poenitens.
1043 1652 1137 1686 Anni
1161 1651 1253 1686 1633
1269 1655 1419 1686 exeunte
1443 1662 1562 1685 mense
1573 1651 1761 1691 decembri,
1779 1663 1915 1686 veneno
1934 1652 1978 1686 ab
2010 1652 2075 1687 ini-

444 1716 543 1750 micis
571 1714 718 1761 praebito
747 1715 936 1753 emoriens,
970 1714 1080 1759 jussis
1113 1714 1201 1748 bene
1218 1713 1336 1748 valere
1356 1713 1429 1747 suis
1457 1712 1649 1754 sodalibus,
1685 1713 1913 1759 apostolicum
1937 1714 2075 1749 Urbani

445 1779 485 1813 P.
508 1778 558 1812 Μ.
580 1778 699 1817 breve,
722 1788 789 1822 quo
819 1776 1070 1810 absolvebatur
1091 1787 1112 1810 a
1134 1776 1311 1810 Photiano
1343 1775 1545 1817 schismate,
1585 1787 1721 1821 quoque
1741 1776 1891 1810 dabatur
1916 1780 2073 1822 potestas

446 1840 766 1886 archielnscopatus
795 1838 1066 1884 Hierapolitani‚
1102 1842 1139 1873 ut
1167 1838 1354 1873 afferretur
1391 1838 1457 1872 sibi
1496 1841 1644 1878 mature,
1688 1842 1884 1873 monuerat.
1918 1838 2075 1873 Allatum

447 1903 585 1938 demuni
600 1906 665 1943 est,
684 1914 761 1937 cum
775 1902 851 1949 jam
879 1902 1012 1947 egisset
1040 1902 1206 1940 animam,
1225 1905 1259 1935 et
1277 1901 1373 1935 horis
1392 1900 1530 1946 quidem
1552 1904 1631 1945 post
1650 1900 1815 1946 quinque.
1848 1901 1949 1939 Quod
1972 1901 2076 1936 mori-

446 1965 563 2014 bundo
578 1968 776 2011 promptum
798 1976 865 1998 non
881 1964 958 2005 fuit,
977 1968 1014 1997 ut
1034 1967 1191 1998 mortuus
1213 1963 1332 2009 utique
1348 1962 1504 2002 haberet,
1522 1962 1683 1996 monachi
1707 1962 1909 1997 Romanum
1925 1962 2077 2008 diploma

448 2028 610 2062 manibus
629 2027 795 2062 antistitis
811 2027 938 2061 mortui
956 2025 1214 2060 inserunt.Res
1234 2025 1322 2059 inira
1343 2037 1348 2058 :
1372 2024 1421 2058 ita
1438 2024 1526 2058 illud
1546 2024 1712 2059 Meletius
1725 2025 1800 2070 jam
1820 2025 1856 2059 in
1874 2025 2017 2066 feretro,
2036 2037 2077 2060 00

450 2090 499 2124 310
514 2090 612 2124 vivus
630 2090 701 2130 ille,
720 2089 859 2136 accipit,
894 2089 1108 2134 stringitque
1123 2087 1255 2133 digitis,
1277 2092 1349 2121 tam
1364 2090 1460 2121 arcte
1490 2086 1616 2120 deinde
1636 2086 1873 2121 membranam
1892 2087 2017 2128 tenuit,
2040 2091 2078 2121 ut

451 2164 527 2187 eam
547 2152 651 2198 (quod
665 2155 858 2198 praesentes
877 2154 1059 2186 tentarunt
1078 2150 1208 2191 frustra
1227 2148 1357 2194 omnes)
1384 2148 1482 2182 nulla
1513 2148 1704 2194 eripuisses
1731 2149 1776 2183 vi.
1804 2148 1891 2194 Ejus
1918 2148 2077 2183 miraculi

451 2214 610 2248 omnibus
629 2213 847 2260 approbandi
862 2224 982 2252 causa,
1000 2215 1157 2247 extracto
1174 2212 1208 2245 in
1219 2211 1359 2256 longius
1374 2215 1511 2255 tempus
1528 2209 1662 2249 funere,
1678 2214 1827 2255 quatuor
1839 2221 1944 2256 supra
1959 2210 2078 2245 decem

450 2275 701 2313 hebdomadas,
724 2275 773 2310 ita
804 2287 877 2309 31110
895 2275 930 2308 111
950 2274 1114 2309 Romano
1139 2273 1330 2319 diplomate
1358 2272 1587 2317 professionis
1618 2275 1736 2312 1011οΧ,
1771 2271 1898 2318 populo
1921 2271 1986 2306 fuit
2000 2283 2079 2318 pro-

454 2337 602 2383 positus..
624 2336 678 2370 Ad
693 2336 890 2371 faciendum
905 2336 1008 2370 funus
1028 2335 1319 2381 metropolitanus
1340 2334 1666 2380 RussiaeJosephus
1686 2333 1845 2368 Ruckius
1865 2334 2079 2368 Dermanum

458 2399 567 2433 venit.
590 2398 764 2443 Expertus
780 2403 813 2433 et
836 2399 922 2444 ipse,
944 2398 1035 2444 quod
1049 2398 1124 2443 jani
1152 2397 1364 2431 mirarentur
1387 2407 1528 2438 omnes;
1550 2399 1663 2430 tentat
1691 2396 1851 2441 denique,
1880 2396 1970 2441 quod
1985 2395 2080 2430 venit

458 2463 494 2496 in
511 2464 661 2496 mentem
681 2472 687 2495 ι
709 2460 890 2506 appellans
916 2461 1118 2495 nominatim
1146 2463 1332 2499 mortuum,
1362 2458 1508 2499 litteras,
1540 2470 1626 2504 quas
1651 2462 1786 2494 teneret
1813 2458 1875 2498 ita,
1905 2458 2078 2492 dimittere

452 2524 553 2571 jubet
566 2523 706 2558 nomine
725 2527 758 2558 et
776 2523 981 2557 auctoritate
993 2523 1143 2557 Romani
1156 2520 1347 2556 Pontificis.
1366 2521 1472 2555 Paret
1486 2520 1544 2555 ille
1564 2521 1729 2555 continuo
1746 2520 1894 2555 :laxatis
1914 2520 2077 2555 continuo
