2184 2953
582 294 688 323 LIBER
714 294 877 323 OCTAVUS
902 294 1112 331 (1630-1640).
1637 298 1696 329 319

80 386 203 424 rotam,
226 383 397 429 singulari
412 384 558 419 artificio
573 390 784 420 constructa.
802 386 916 420 Multa
931 397 973 420 ex
987 385 1075 420 aulis
1103 386 1297 432 principum
1312 387 1403 421 ultro
1422 388 1467 421 ad
1486 389 1560 434 ejus
1579 389 1692 434 splen-

79 445 198 480 dorem
217 446 283 481 diei
305 447 432 482 oblata.
456 449 731 494 Vesperascente
750 447 849 489 coelo,
872 447 990 493 ignitis
1009 447 1260 493 pyramidibus,
1282 459 1543 493 quoquoversus
1574 450 1692 497 dispo-

77 507 163 548 sitis,
181 508 370 544 missilibus
386 522 404 544 e
420 523 554 545 summa
572 511 660 546 turri
676 510 973 558 pyrobolariorum
990 509 1137 543 artificio
1153 509 1293 554 ignibus
1314 510 1530 546 collucebant
1549 513 1581 546 in
1603 513 1690 547 111111-

76 572 146 603 tam
165 573 301 605 noctem
330 572 459 612 onmia,
482 576 516 607 et
542 573 806 619 complaudente
825 577 928 619 atque
947 573 1163 608 acclamante
1187 574 1328 619 populo,
1360 580 1506 610 canente
1526 589 1546 611 a
1577 578 1691 613 choris

76 630 232 677 pluribus
261 634 407 674 musica,
442 635 690 679 personabant.
714 635 911 669 Jucundum
938 640 1011 669 tum
1030 647 1165 681 quoque
1184 637 1248 671 fuit
1275 637 1454 672 benevolis
1473 641 1687 684 proceribus,

75 699 233 741 spectare
264 697 497 743 frequentiam
531 699 764 733 ornatissima?
788 699 983 745 juventutis
1012 698 1242 737 scholastica),
1286 699 1321 732 in
1340 700 1460 744 primis
1487 700 1687 742 Doctorum,

73 769 135 803 pro
155 759 325 794 varietate
344 761 471 795 artium
491 761 687 797 liberalium
715 767 748 797 et
779 762 951 807 graduum
978 760 1180 806 magisterii,
1201 760 1410 796 versicolore
1428 762 1549 797 habitu
1569 767 1602 797 et
1622 764 1693 799 suis

70 819 311 856 distinctorum
332 823 543 869 insignibus,
572 825 677 870 longo
697 824 957 870 procedentium
977 823 1097 857 ordine
1122 835 1127 856 :
1150 827 1222 857 tum
1237 835 1341 858 aures
1367 836 1458 859 nunc
1473 825 1557 860 dare
1576 827 1691 862 choris

69 883 267 918 canentium
289 884 449 925 alternis,
467 886 570 919 modo
590 886 774 931 praeconiis
794 890 972 921 oratorum
992 890 1025 920 et
1044 891 1236 932 poetarum,
1255 887 1379 922 Divam
1398 888 1686 925 collaudantium.

67 943 330 990 Approbatione
351 948 532 993 praecipua
547 948 699 982 omnium
719 953 863 994 excepta
878 948 1005 994 duplex
1023 960 1065 983 ex
1083 949 1250 983 cathedra
1269 949 1303 983 111
1318 950 1446 995 templo
1467 951 1510 985 de
1529 951 1688 988 laudibus

66 1008 187 1043 Beatae
217 1009 376 1056 Virginis
400 1013 509 1046 oratio
534 1024 539 1046 :
563 1012 674 1047 altera
698 1022 857 1047 sermone
876 1011 1063 1045 vernaculo
1085 1011 1176 1045 dicta
1205 1011 1249 1044 ad
1281 1011 1446 1057 populum
1465 1024 1486 1047 a
1520 1015 1688 1060 magistro

65 1070 315 1117 philosophiae,
338 1076 440 1118 patre
456 1073 744 1114 CiecierzavskiQ
779 1073 891 1107 altera
918 1073 1026 1107 latino
1046 1073 1089 1106 ad
1120 1073 1339 1108 academicos
1358 1075 1588 1120 aprofessore
1620 1077 1688 1112 elo-

65 1133 215 1178 quentiae
245 1135 459 1175 academico,
491 1135 532 1170 P.
563 1135 709 1170 Alberto
734 1135 949 1175 Koialovicz,
983 1135 1116 1169 habita.
1153 1135 1297 1181 Operati
1329 1136 1437 1172 sacris
1469 1137 1654 1175 Antistites
1677 1153 1683 1174 :

65 1205 214 1235 summo,
238 1195 442 1232 Alexander
459 1197 704 1238 Chodkieviw,
739 1196 895 1230 Livonize
922 1196 978 1230 hic
1001 1196 1106 1242 paulo
1126 1201 1203 1242 post
1219 1196 1411 1244 episcopus.
1430 1199 1575 1245 Templo
1596 1201 1685 1236 Aca-

64 1256 196 1292 demico
230 1258 395 1304 adjuncta
430 1271 540 1305 nuper
568 1259 735 1299 accessio,
768 1258 933 1294 sacellum
974 1258 1127 1292 sodalitii
1155 1258 1319 1300 Mariani,
1362 1260 1472 1295 Beato
1509 1262 1684 1298 Stanislao

63 1318 200 1354 Kostka
218 1320 382 1362 dicatum,
401 1325 630 1367 ornatumque
656 1321 850 1367 splendide,
872 1321 939 1354 huc
955 1320 1054 1354 illata
1073 1332 1114 1355 ex
1147 1320 1346 1356 academico
1368 1322 1467 1357 Divae
1482 1323 1681 1361 Catharinae

60 1380 235 1427 triumpho
255 1382 382 1417 vexilla
400 1383 562 1429 quinque,
586 1382 709 1424 serica,
731 1394 817 1417 auro
837 1383 1022 1428 picturata,
1045 1382 1152 1416 variis
1169 1382 1331 1418 distincta
1342 1385 1521 1430 symbolis,
1540 1391 1585 1427 et,
1620 1399 1682 1423 suo

60 1443 158 1488 quasi
173 1443 206 1477 in
225 1445 391 1490 praetorio
407 1445 633 1491 triumphalia
649 1445 763 1491 signa,
784 1445 910 1479 ibidem
926 1444 1051 1479 defixa.

107 1504 205 1543 Erat.
228 1506 319 1551 quod
338 1507 577 1542 Smolenscani
598 1519 733 1553 quoque
753 1506 899 1552 Collegii
914 1506 1178 1552 graturalentur
1194 1507 1285 1541 inter
1299 1519 1337 1542 se
1352 1508 1456 1549 Socii,
1471 1510 1504 1543 in
1524 1510 1676 1546 adventu

57 1566 286 1613 ingressuque
305 1568 339 1603 in
358 1569 480 1604 urbem
508 1582 584 1604 cum
611 1573 781 1615 potestate
800 1568 989 1615 pontificia,
1011 1569 1091 1603 novi
1110 1569 1253 1615 ejusque
1273 1570 1374 1615 primi
1393 1571 1428 1605 in
1451 1572 1518 1606 ista
1538 1573 1678 1608 dioecesi

58 1629 222 1675 episcopi,
238 1631 334 1665 Petri
361 1631 595 1666 Parczevskii.
611 1632 692 1666 Jam
707 1643 799 1665 anno
813 1631 905 1666 1613
921 1631 1168 1677 Sigismundus
1185 1632 1235 1666 III
1252 1633 1446 1668 Smolensci
1457 1635 1574 1669 sedem
1589 1636 1678 1681 epis-

57 1702 140 1736 copo
169 1691 390 1733 fundaverat,
426 1693 617 1739 assignatis
655 1694 759 1728 certis
795 1693 1013 1727 sacerdotiis.
1052 1693 1122 1727 Sed
1156 1695 1313 1728 executio
1341 1695 1503 1736 instituti,
1537 1702 1678 1744 propter

56 1756 248 1799 temporum
270 1755 304 1788 in
333 1755 399 1789 hac
418 1755 597 1801 provincia
617 1767 801 1801 rerumque
820 1755 1079 1790 vicissitudines
1099 1755 1253 1791 civilium
1284 1758 1398 1792 adhuc
1421 1759 1570 1804 prolata.
1593 1760 1676 1793 Vla-

56 1815 166 1850 dislao
186 1816 324 1851 demum
344 1818 624 1852 commendatum
652 1818 717 1852 sibi
736 1829 757 1852 a
785 1821 928 1863 parente
957 1828 1019 1851 SUO
1042 1818 1223 1863 negotium
1243 1825 1486 1865 persequente,
1510 1822 1676 1866 probante

55 1877 235 1912 consilium
249 1879 416 1914 antistitis
429 1891 558 1926 magno
574 1881 668 1915 cives
684 1883 856 1915 conventu
872 1879 1065 1924 laetitiaquc
1080 1879 1314 1915 celebrarunt.
1334 1881 1543 1916 Gaudebant
1554 1884 1672 1917 catho-

55 1936 109 1973 lici
123 1939 188 1974 hoc
207 1944 307 1985 pacto
327 1941 533 1987 religionem
549 1954 660 1982 suam,
682 1942 752 1975 aris
771 1952 882 1987 nuper
897 1941 969 1975 suis
989 1941 1197 1981 restitutam,
1212 1942 1410 1976 confirmari
1427 1957 1433 1983 ;
1452 1946 1675 1990 quamobrem

55 2000 168 2035 studia
196 2012 272 2041 sua,
307 2003 578 2048 triumphalibus
606 2004 710 2038 etiam
738 2003 896 2038 excitatis
919 2002 1084 2041 arcubuS,
1108 2007 1303 2049 ornatuque
1330 2005 1502 2050 exquisito
1530 2008 1675 2052 professi

54 2065 143 2096 sunt.
180 2062 271 2098 Ante
290 2063 377 2098 alios
393 2068 494 2110 grato
515 2069 658 2111 accepta
676 2065 791 2099 animo
812 2064 957 2109 Collegii
981 2064 1090 2097 nostri
1115 2064 1239 2099 officia.
1255 2065 1337 2099 Seni
1353 2071 1453 2100 erant
1478 2067 1511 2101 in
1532 2079 1594 2102 suo
1615 2069 1673 2103 illo

53 2133 157 2158 censu
176 2124 279 2165 Socii,
297 2126 360 2160 hos
380 2130 485 2172 atque
503 2127 704 2161 universam
724 2127 807 2161 ‚Iesu
835 2126 1045 2160 Societatem
1066 2127 1207 2161 antistes
1224 2127 1340 2161 multis
1359 2128 1521 2164 laudibus
1541 2131 1673 2166 civitati

54 2196 126 2220 suae
155 2189 424 2230 commendavit;
460 2190 495 2224 id
522 2194 651 2236 praeter
674 2190 741 2224 alia
773 2189 901 2234 saepius
921 2188 1131 2222 confirmans
1155 2201 1161 2222 :
1193 2203 1207 2217 α
1235 2190 1401 2236 quidquid
1428 2192 1508 2227 boni
1527 2199 1618 2229 esset
1637 2195 1672 2230 in

57 2261 72 2276 κ
97 2259 146 2289 se,
163 2252 274 2284 totum
290 2251 469 2293 Societati‚
492 2252 683 2287 carissima}
703 2251 881 2296 magistrae
901 2262 985 2290 sure,
1009 2261 1045 2284 se
1066 2251 1197 2285 referre
1220 2256 1410 2297 acceptum.
1442 2255 1556 2301 Hujus
1575 2256 1670 2291 labo-

57 2322 71 2337 “
97 2321 154 2345 res
172 2323 274 2356 quam
291 2313 394 2348 utiles
413 2318 529 2349 essent
542 2314 655 2348 ubivis
667 2312 1049 2359 gentium‚cognovisse
1065 2323 1102 2346 se
1117 2312 1241 2347 clarius
1253 2313 1347 2355 olim,
1362 2327 1438 2350 cum
1450 2317 1574 2353 Romae
1589 2330 1672 2365 age—

56 2384 71 2398 κ
101 2375 164 2411 ret,
178 2373 336 2408 curiosus
347 2386 462 2409 rerum
472 2375 786 2410 ecclesiasticarum
796 2373 990 2418 inquisitor.
1010 2391 1024 2405 ,ε
1036 2374 1159 2408 Parem
1173 2386 1259 2419 erga
1270 2376 1455 2422 collegium
1465 2378 1672 2415 benevolen-

52 2431 135 2466 tiam
155 2433 295 2476 habuit,
318 2437 603 2483 archiepiscopus
622 2436 793 2477 Persidis,
817 2447 858 2469 ex
892 2435 1022 2469 Ordine
1049 2435 1292 2476 Dominicano,
1310 2437 1544 2484 Augustinus,
1566 2446 1671 2487 gente

53 2493 236 2536 Armenus,
258 2497 302 2531 ad
334 2497 552 2535 Vladislaum
578 2497 736 2533 Polonia]
754 2509 870 2542 regem
898 2496 1036 2541 legatus
1054 2510 1060 2536 ;
1088 2497 1121 2530 in
1143 2498 1255 2532 reditu
1276 2498 1333 2534 ille
1354 2512 1415 2534 suo
1431 2513 1513 2536 usus
1533 2507 1668 2538 nostro-

1725 392 1790 420 1636

1780 1276 1811 1302 25

1715 1313 1797 1341 Vilnae
1820 1325 1860 1342 sa-

1712 1354 1806 1380 cellum
1826 1356 1856 1381 B.

1712 1394 1837 1421 stanislai

1710 1434 1838 1461 academi-

1708 1481 1774 1499 cum.

1772 1609 1803 1635 26

1707 1648 1822 1675 Smolen-

1706 1696 1776 1713 scum
1797 1689 1835 1714 in-

1706 1726 1824 1756 ,arroditur

1706 1766 1829 1792 Parczev-

1705 1803 1752 1833 ski,
1765 1804 1816 1836 pri-

1706 1852 1762 1869 mus
1773 1844 1851 1877 hujus

1703 1883 1820 1909 dioecesis

1704 1922 1801 1955 episco-

1704 1969 1762 1994 pus.

1700 2197 1835 2225 Commen-

1699 2238 1744 2265 dat
1763 2240 1845 2266 Socie—

1701 2279 1791 2304 tatem.
