2184 2953
1090 289 1136 293 —
1166 277 1276 301 VI—

411 371 589 409 Suadebat
639 387 775 422 quoque
837 382 965 415 natura
1012 380 1211 426 argumenti
1254 392 1347 427 saepe
1398 382 1526 428 saepius
1565 384 1738 419 versantis
1788 384 1823 419 in
1872 384 1976 420 rebus

363 432 622 478 Ruthenomm,
651 439 735 474 mihi
758 440 898 486 quidem
927 442 1096 489 peculiari
1121 444 1203 491 jure
1238 444 1446 490 gratissimis
1477 458 1541 482 nec
1580 459 1731 494 unquam
1762 448 1808 482 ad
1839 448 1981 483 satieta-

355 497 423 530 tem
459 498 660 545 exploratis.

411 559 490 594 Jam
526 562 555 596 si
586 574 641 598 me
693 564 736 600 de
765 564 929 602 Auctoris
965 568 1036 602 vita
1070 570 1296 615 perconteris,
1339 570 1450 606 latere
1486 583 1540 607 me
1583 571 1679 606 illam
1727 572 1800 608 fere
1840 583 1977 607 omnem

357 619 510 666 ingenue
533 623 688 667 fatebor;
710 638 789 672 quae
809 630 925 664 tamen
952 641 1064 676 pauca
1080 631 1208 677 reperi,
1229 632 1378 667 libenter
1403 633 1630 668 communico.
1661 648 1676 663 u
1699 634 1740 669 P.
1780 634 1976 669 Stanislaus

355 681 574 727 Rostowski,
607 688 798 731 Masovita,
835 694 939 726 natus
958 703 1051 727 anno
1082 693 1170 727 1711
1194 693 1249 728 (110
1284 694 1326 728 13
1354 695 1483 730 mensis
1511 695 1733 737 Novembris,
1764 695 1973 730 Societatem

356 746 442 782 Jesu
476 748 658 795 ingressus
692 752 821 794 Vilnae,
855 755 1041 790 virtutibus
1090 756 1270 801 conjunxit
1317 756 1514 791 litterarum
1556 758 1710 792 studium
1747 757 1970 798 indefessum,

354 809 444 844 utin
467 810 534 846 hoc
569 812 674 847 etiam
692 814 846 860 palmam
881 816 960 851 aliis
992 817 1211 863 praeriperet,
1233 819 1428 864 praesertim
1464 819 1500 853 in
1532 819 1714 854 rhetoricis
1752 823 1786 854 et
1815 819 1971 865 poeticis.

353 871 476 907 Studio
525 874 714 922 theologiae
758 878 977 914 scholasticae
1010 879 1185 920 absoluto,
1229 884 1378 926 quatuor
1422 885 1503 915 vota
1541 881 1719 927 professus
1752 885 1817 916 est.
1850 881 1975 916 Docuit

352 934 562 971 rhetoricam
598 938 782 975 Societatis
828 953 890 987 per
937 942 1055 989 plures
1091 955 1213 978 annos.
1256 943 1348 978 Huic
1386 944 1552 979 debemus
1583 945 1790 991 discipulum
1821 945 1857 979 in
1896 945 1973 980 rhe-

351 996 463 1032 torica
482 998 682 1043 Societatis‚
716 1002 969 1049 amplissimum
1000 1006 1112 1040 virum
1143 1009 1286 1051 totoque
1319 1007 1402 1042 orbe
1436 1011 1609 1042 terrarum
1644 1007 1969 1047 celebratissimum,

350 1059 538 1097 admodum
569 1063 614 1098 R.
650 1065 692 1100 P.
748 1066 917 1102 Nostrum
953 1068 1166 1104 Stanislaum
1211 1068 1441 1104 Czerniewicz
1478 1069 1644 1104 vicarium
1680 1068 1881 1116 generalem
1909 1069 1972 1104 So·-

350 1121 487 1160 cietatis
521 1126 618 1162 Jesu.
649 1128 796 1176 Scripsit
831 1130 870 1165 P.
917 1130 1121 1166 Rostowski
1139 1132 1335 1165 Historiam
1378 1133 1556 1166 Societatz's
1590 1134 1626 1165 in
1659 1134 1861 1171 mmmmm,
1900 1142 1969 1164 non

349 1185 463 1221 minus
495 1188 709 1225 alatinitate
736 1204 839 1237 quam
875 1205 897 1228 a
932 1194 1022 1240 stylo
1069 1194 1237 1229 concinne
1277 1193 1504 1229 elaboratam.
1552 1194 1724 1240 Tempore
1769 1192 1969 1227 abolitionis

350 1247 537 1284 Societatis
585 1254 758 1288 communi
796 1266 872 1289 cum
905 1254 983 1289 aliis
1022 1255 1137 1290 Vilnae
1169 1255 1325 1301 procella
1371 1255 1548 1290 involutus
1596 1255 1724 1289 mansit
1768 1253 1897 1288 ibidem
1932 1253 1967 1287 in

348 1312 506 1360 Collegio
542 1320 661 1352 nostro
697 1330 759 1364 per
787 1331 897 1354 annos
924 1319 1087 1366 aliquot;
1122 1319 1249 1354 deinde
1284 1317 1398 1353 missis
1435 1317 1479 1351 ad
1510 1316 1552 1351 A.
1590 1316 1636 1351 R.
1676 1317 1718 1350 P.
1750 1315 1797 1350 N.
1833 1314 1967 1350 Stanis-

344 1373 439 1411 laum
467 1377 695 1415 Czerniewicz
714 1385 787 1416 tum
813 1382 1063 1428 provincialem
1088 1381 1216 1417 litteris
1245 1380 1449 1416 humillimis
1479 1392 1541 1427 pro
1573 1390 1636 1414 sua
1672 1378 1892 1424 susceptione
1924 1377 1969 1412 ad

345 1438 557 1476 Societatem
584 1454 724 1490 compos
751 1444 862 1479 factus
896 1445 966 1479 voti
993 1445 1089 1479 venit
1120 1444 1312 1479 Polociam.
1348 1443 1462 1489 Atque
1494 1441 1630 1488 quietus
1675 1452 1752 1475 cum
1784 1440 1875 1481 aliis,
1910 1439 1968 1474 de·

345 1502 471 1538 missus
492 1504 665 1546 omnibus,
684 1505 822 1541 deditus
838 1507 987 1542 orationi
1006 1511 1041 1542 et
1067 1507 1208 1543 lectioni
1231 1507 1405 1542 oontinuae
1431 1505 1528 1546 vixit,
1559 1504 1711 1549 obiitque
1740 1502 1969 1538 sacramentis

345 1564 500 1600 munitus
530 1577 623 1601 anno
666 1567 771 1609 1784,
806 1579 927 1603 mense
958 1567 1146 1604 februario.
1178 1587 1193 1600 n
1236 1569 1324 1603 Haec
1355 1566 1498 1602 totidem
1534 1566 1648 1601 verbis
1680 1565 1716 1600 in
1750 1566 1970 1609 Compendiis

345 1639 426 1662 mss.
469 1627 630 1663 Vitarum
675 1630 915 1666 defunctorum
964 1631 1112 1679 Collegii
1146 1631 1351 1667 Polocensis
1400 1631 1444 1666 ab
1483 1642 1574 1666 anno
1615 1630 1706 1664 1749
1752 1627 1797 1663 ad
1838 1639 1968 1663 annum

351 1694 456 1730 1815.

391 1758 558 1794 Jamvero
596 1759 688 1805 quod
737 1760 782 1794 ad
813 1760 985 1794 rationem
1024 1770 1123 1793 novae
1161 1758 1266 1805 hujus
1293 1757 1456 1793 editionis
1483 1756 1616 1795 attinet,
1654 1754 1739 1789 illud
1774 1753 1859 1788 mihi
1895 1763 1968 1799 prae

341 1819 450 1855 oculis
488 1820 565 1862 fuit,
604 1825 641 1856 ut
666 1822 828 1856 editionis
881 1822 1062 1857 Vilnensis
1111 1822 1193 1856 anni
1252 1822 1343 1857 1768
1376 1824 1509 1856 textum
1541 1818 1723 1854 redderem
1759 1815 1964 1863 genuinum,

341 1885 481 1916 servata
499 1883 575 1929 ipsa
602 1883 780 1918 nominum
798 1884 1026 1930 quorumdam
1052 1884 1317 1931 orthographia,
1340 1882 1439 1917 nobis
1468 1880 1604 1927 quidem
1635 1880 1749 1914 minus
1780 1876 1966 1925 probabili,

340 1943 484 1979 Auctori
503 1957 585 1980 vero
617 1945 764 1992 aliisque
784 1946 1013 1992 scriptoribus
1034 1946 1177 1981 Polonis
1209 1946 1368 1992 ejusdem
1391 1944 1503 1979 aetatis
1522 1943 1595 1977 fere
1615 1941 1775 1977 solemni.
1810 1939 1964 2004 Titulum

341 2004 570 2054 solum-'operi
588 2007 751 2054 inscripsi
769 2008 995 2054 aliquatenus
1011 2007 1189 2043 diversum
1204 2008 1260 2055 (l).
1285 2008 1396 2046 Quum
1423 2006 1514 2041 enim
1534 2003 1731 2040 Stanislaus
1760 1999 1965 2037 Rostowskl

342 2068 541 2115 vulgaverit
570 2070 810 2105 tantummodo
825 2070 973 2116 primam
1002 2072 1239 2107 Historiarum
1267 2074 1412 2117 partem,
1435 2069 1471 2103 in
1498 2069 1616 2103 decem
1635 2067 1742 2101 libros
1757 2064 1966 2109 totidemque

343 2140 515 2165 annorum
535 2131 684 2167 decades
699 2132 937 2174 distributam,
961 2143 1024 2168 nec
1047 2145 1127 2179 spes
1146 2133 1314 2180 affulgeat
1330 2144 1406 2168 eam
1433 2143 1585 2177 unquam
1607 2141 1682 2165 esse
1697 2126 1935 2174 complendam
1955 2138 1963 2167 ;

388 2284 427 2321 (1)
452 2284 557 2313 Prioris
582 2285 714 2312 editionis
730 2285 825 2312 titulus
841 2288 884 2313 est
908 2284 1195 2313 hic2Lituaniccn-11m
1220 2283 1361 2311 Sociclulz's
1385 2281 1451 2309 Jesn
1479 2282 1651 2309 historiarum
1676 2281 1966 2335 prorz‘ncialiumnpars

339 2335 439 2368 prima,
455 2337 560 2360 auclore
575 2332 714 2360 Slanislao
729 2332 891 2368 Roslowslci,
909 2341 943 2359 ea:
957 2332 1045 2359 eadem
1063 2332 1196 2359 Societate
1211 2336 1235 2359 et
1256 2331 1392 2367 provincia
1415 2329 1556 2357 sacerdolc.
1586 2328 1842 2380 MDCCLXIIJQ
1866 2327 1961 2361 hlnae,

341 2380 413 2415 typis
428 2379 456 2407 S.
477 2380 510 2408 R.
525 2379 561 2408 M.
574 2383 600 2408 et
618 2380 789 2416 Reipublicae
813 2380 982 2408 academicis
1002 2380 1154 2408 Socictntis
1171 2380 1248 2408 Jesu.
1267 2378 1503 2413 (x'let5201iz1g.
1522 2378 1673 2409 11110101-
1690 2376 1890 2411 Complectitur
1906 2382 1959 2429 au·

342 2432 396 2455 1011]
412 2428 472 2455 haec
488 2435 552 2463 pars
570 2436 615 2456 res
627 2428 716 2464 primo
729 2428 755 2455 in
772 2429 912 2464 provincia
938 2428 1088 2456 societatis
1105 2428 1238 2456 Lithnana
1254 2426 1367 2459 saeculo,
1383 2425 1408 2453 iil
1425 2428 1467 2452 est
1480 2425 1513 2451 ab
1529 2432 1602 2452 anno
1621 2425 1695 2451 1562
1713 2425 1745 2451 {nl
1762 2431 1862 2451 annum
1881 2422 1957 2450 1004

338 2475 484 2510 inclusive,
496 2478 601 2513 gestas.
