2184 2953
212 413 274 443 1568

211 849 288 876 Amor
297 849 354 876 Dei.

208 1476 287 1509 Quies
311 1484 354 1503 su-

208 1524 304 1550 prema.

382 302 422 333 26
757 293 1031 332 LITUANICARUM
1054 302 1265 332 SOCIETATIS
1286 303 1372 333 JESU
1394 303 1644 334 HISTORIARUM

382 393 554 429 Stanislao
588 392 795 432 Emmanuel
825 393 870 428 ad
903 393 1015 429 aedem
1045 393 1141 428 illam
1173 394 1285 429 visum
1302 408 1310 436 ;
1348 406 1391 430 ex
1420 406 1457 430 re
1488 395 1625 441 quaerit,
1664 397 1878 441 quantopere
1918 395 1994 442 ipse

382 457 530 492 Beatam
548 455 710 502 diligeret
730 468 737 497 ;
757 456 885 491 dictum
915 456 1052 491 ardenti
1083 456 1198 491 animo
1229 457 1293 491 fuit
1321 468 1383 502 pro
1416 457 1566 492 flabello.
1605 472 1620 486 κ
1641 456 1714 492 Ah!
1741 457 1834 503 quid,
1870 457 1993 504 inquit,

382 520 522 554 dicam?
553 519 668 554 Mater
687 519 774 559 haec,
797 518 913 553 Mater
932 519 1009 564 ipsa
1028 530 1105 553 mea
1122 524 1186 553 est.
1211 536 1226 549 >a
1249 519 1335 557 Quae
1364 531 1427 554 sua
1453 531 1518 554 vox
1541 520 1589 555 ita
1615 519 1854 556 Emmanuelis
1881 520 1997 555 affecit

381 582 547 623 animum,
571 584 609 616 ut
623 592 643 615 a
662 584 833 627 praesente
853 581 968 615 nescio
989 592 1056 626 quo
1076 580 1208 615 coelesti
1227 581 1330 626 genio
1350 592 1419 615 non
1435 581 1475 615 ab
1490 581 1629 617 homine
1651 582 1780 617 emissa
1805 582 1994 618 videretur.

381 645 557 684 Quantum
574 654 678 690 porro
697 643 789 689 apud
807 642 897 677 hanc
915 643 1066 677 Matrem
1085 653 1184 677 suam
1202 642 1337 678 valeret
1354 643 1430 688 ipse
1456 644 1584 688 gratia,
1617 645 1751 691 experti
1780 644 1918 679 sodales
1946 644 1998 680 sui

378 705 513 742 novitii.
533 706 569 742 Si
601 705 683 752 quid
701 705 870 740 orandum
902 708 989 745 erat,
1019 704 1110 750 quod
1141 705 1290 739 maxime
1318 716 1387 739 non
1410 705 1481 740 suis
1509 710 1673 751 putarent
1705 707 1864 753 precibus
1893 706 1999 753 impe-

381 769 520 810 trabile,
539 769 704 804 utendum
722 768 791 807 hic,
813 767 966 813 ajebant,
993 781 1009 796 a<
1031 770 1169 802 oratore
1189 767 1378 809 Stanislao,
1404 768 1496 814 apud
1514 768 1687 814 Reginam
1699 768 1778 803 coeli
1793 769 1960 815 gratioso.
1982 785 1997 800 „

429 830 729 867 Commendabiles
770 830 912 875 Superis
944 840 1065 875 preces
1106 840 1186 864 suas
1225 829 1380 864 faciebat
1431 841 1530 864 amor
1563 830 1629 864 Dei
1672 830 1868 876 praecipuus
1887 843 1894 871 ;
1933 842 1998 876 quo

383 894 577 930 Stanislaus
595 892 708 938 magis
727 903 830 938 quam
848 891 964 926 anima
978 891 1113 937 spirare
1128 891 1312 926 videbatur
1328 905 1335 933 3
1357 895 1461 937 atque
1481 892 1654 927 interdum
1673 892 1721 927 sic
1735 892 1997 933 exardescebat,

381 960 419 992 ut
437 956 542 991 ardor
560 955 709 1001 pectoris
727 954 865 1000 ingesta
882 953 972 988 foret
991 953 1107 999 gelida
1138 953 1402 1000 temperandus.
1432 954 1593 989 Meminit
1617 954 1734 1001 hujus,
1769 954 1924 989 scribens
1956 954 1999 989 de

381 1030 499 1055 amore
518 1018 595 1058 Dei,
618 1018 741 1052 beatus
758 1016 1016 1051 Genevensium
1031 1016 1227 1062 episcopus,
1250 1015 1460 1051 Franciscus
1480 1016 1637 1051 Salesius
1657 1016 1690 1062 (Ι)
1713 1028 1720 1050 :
1749 1030 1764 1045 a
1789 1016 1997 1058 StanisLaus,

379 1081 503 1127 inquit,
524 1079 728 1115 adolescens
747 1082 842 1114 tanto
861 1078 924 1113 Dei
944 1077 1137 1112 Salvatoris
1158 1078 1212 1112 sui
1231 1082 1411 1124 correptus
1431 1082 1506 1113 erat
1532 1090 1663 1118 amore,
1691 1082 1728 1113 ut
1751 1090 1846 1124 saepe
1865 1079 1901 1113 in
1921 1090 2000 1113 eum

379 1154 498 1187 casum
516 1142 685 1176 deductus
709 1144 811 1181 esset,
829 1143 867 1174 ut
902 1139 1020 1174 anima
1037 1151 1099 1185 per
1123 1143 1247 1174 aestum
1278 1139 1455 1181 deficeret,
1488 1141 1646 1186 foretque
1678 1152 1834 1181 necesse,
1855 1140 2001 1176 linteola

377 1203 486 1238 tincta
500 1203 536 1238 in
553 1202 695 1249 frigida,
717 1202 847 1248 pectori
865 1201 1046 1248 applicari,
1069 1213 1135 1248 quo
1151 1213 1234 1236 suus
1253 1206 1507 1248 temperaretur
1526 1206 1646 1237 aestus.
1675 1220 1690 1234 „

430 1266 497 1302 Sed
517 1266 569 1300 Vis
583 1269 692 1307 tanta,
712 1264 857 1300 illabens
873 1264 1014 1310 saepius,
1032 1267 1173 1310 totoque
1197 1269 1347 1299 mentem
1373 1265 1511 1310 agitans
1535 1269 1690 1311 pectore,
1720 1265 1877 1311 superior
1906 1265 2002 1300 omni

380 1329 485 1375 coepit
511 1328 651 1363 tandem
680 1339 756 1363 esse
784 1327 936 1363 remedio
952 1340 959 1369 ;
977 1338 1081 1373 quare
1097 1339 1233 1373 corpus,
1256 1327 1409 1362 ardentis
1425 1327 1474 1362 ita
1493 1327 1704 1362 domicilium
1719 1327 1834 1369 animi,
1857 1327 2001 1362 dissolvi

380 1390 544 1438 oportuit.
567 1390 682 1426 Sensit
710 1401 810 1424 suum
832 1390 906 1436 ipse
923 1389 1128 1436 periculum,
1147 1389 1249 1435 idque
1269 1389 1397 1424 diserte
1411 1389 1587 1436 praedixit,
1610 1389 1768 1436 diemque
1789 1389 1996 1435 assignavit,

381 1454 551 1490 decimum
562 1456 722 1488 octavum
735 1452 877 1487 kalend.
908 1452 1137 1498 septembres,
1152 1452 1329 1497 triumpho
1344 1456 1533 1498 assumptae
1548 1452 1671 1487 Beatae
1681 1452 1838 1498 Virginis
1849 1463 1998 1492 sacrum,

381 1516 446 1551 sibi
464 1515 620 1551 mortalis
638 1515 721 1549 vitae
741 1525 953 1560 supremum.
967 1514 1073 1549 Festo
1089 1513 1183 1548 beati
1194 1514 1373 1549 Laurentii
1385 1515 1565 1560 martyris,
1589 1513 1694 1549 oblati
1708 1525 1772 1560 per
1785 1518 1915 1548 sortem
1933 1513 1998 1548 sibi

380 1578 416 1613 in
434 1589 587 1613 mensem
603 1576 759 1612 sextilem
774 1576 926 1622 patroni,
949 1576 1202 1610 ministrantem
1216 1576 1252 1610 in
1280 1575 1394 1610 culina
1412 1576 1541 1622 pietate
1561 1580 1595 1611 et
1613 1576 1720 1611 animi
1746 1576 1881 1611 fervore
1909 1587 1999 1622 prae-

382 1640 496 1687 cipu0‚
514 1639 657 1675 incessit
675 1638 862 1680 febricula;
882 1650 960 1684 quae
981 1638 1119 1672 tametsi
1140 1637 1251 1672 levior
1269 1638 1447 1673 videretur
1462 1639 1636 1679 omnibus,
1653 1639 1727 1685 ipse
1745 1642 1859 1674 tamen
1877 1638 1942 1673 hac
1961 1649 1999 1673 se

381 1702 654 1738 consumendum
682 1701 896 1741 affirmabat;
919 1699 1007 1734 nihil
1026 1712 1110 1745 ergo
1130 1712 1151 1735 a
1169 1700 1278 1746 primo
1296 1700 1410 1735 statim
1430 1700 1574 1735 articulo
1593 1700 1820 1735 omittendum
1840 1700 1995 1747 putavit,

380 1776 447 1811 quo
466 1776 502 1799 se
520 1763 670 1798 maxime
686 1764 796 1809 pietas
820 1774 883 1797 sua
906 1762 979 1797 Deo
1000 1762 1271 1797 commendaret.
1298 1762 1421 1797 Omnia
1446 1762 1511 1798 rite
1533 1762 1787 1809 diligenterque
1811 1766 1995 1803 executus,

379 1827 466 1862 bene
486 1827 608 1867 Sociis,
630 1826 717 1861 bene
733 1825 909 1865 Societati,
932 1824 1121 1859 carissimae
1137 1825 1242 1858 Matri
1261 1836 1346 1865 suae,
1369 1829 1541 1871 precatus,
1556 1825 1644 1860 hora
1654 1825 1697 1860 ab
1710 1825 1872 1860 umbilico
1887 1825 1997 1860 noctis

379 1890 484 1925 tertia
503 1890 548 1924 ad
570 1889 784 1935 triumphum
800 1888 920 1922 Beatae
935 1887 1092 1932 Virginis
1120 1886 1262 1933 propius
1281 1887 1504 1932 spectandum
1521 1887 1682 1922 evolavit.
1705 1888 1803 1922 Mors
1822 1887 1998 1922 levissimo

378 1952 453 1987 Visa
468 1963 587 1986 somno
607 1950 838 1996 tranquillior,
863 1949 1038 1995 integrum
1060 1949 1144 1990 oris,
1167 1949 1266 1995 quasi
1286 1949 1476 1984 renidentis
1495 1949 1628 1990 adhuc,
1644 1949 1807 1985 ‘habitum
1826 1954 1996 1985 venusta-

379 2019 517 2060 temque
534 2013 682 2060 reliquit.
702 2013 735 2048 A
752 2016 876 2054 morte,
894 2012 1005 2058 primo
1030 2011 1101 2046 fere
1120 2011 1285 2052 diluculo,
1312 2015 1430 2047 tantus
1458 2011 1575 2057 populi
1598 2011 1710 2047 factus
1734 2012 1887 2058 undique
1914 2023 1998 2046 con-

380 2088 513 2117 cursus,
537 2080 586 2116 ut,
610 2079 738 2122 praeter
753 2075 850 2114 alios,
864 2073 1049 2108 miraretur
1064 2073 1273 2108 Franciscus
1293 2073 1440 2108 Toletus
1461 2073 1661 2114 cardinalis,
1680 2084 1935 2119 conversusque
1953 2072 1998 2107 ad

382 2138 501 2173 Socios
516 2139 645 2172 diceret
663 2149 669 2171 :
693 2149 735 2172 en
754 2135 1053 2171 adolescentulum
1068 2135 1259 2170 advenam!
1287 2138 1325 2169 ut
1343 2135 1386 2169 ad
1401 2135 1493 2170 hunc
1512 2138 1585 2169 tota
1603 2135 1777 2169 concurrit
1795 2135 1916 2169 civitas
1931 2134 1938 2169 l
1960 2137 1998 2168 ut

383 2200 527 2246 quisque
550 2199 682 2239 videre,
710 2202 744 2234 et
760 2198 816 2233 vel
839 2198 1011 2232 fimbriam
1027 2202 1106 2232 avet
1125 2197 1346 2243 contingere!
1366 2197 1552 2237 Flosculis‚
1574 2196 1725 2237 corollis,
1744 2196 1909 2231 iconculis
1928 2199 1997 2230 ter-

381 2262 504 2308 gendis
524 2262 716 2306 obtegitur!
747 2260 898 2306 carpitur
918 2260 961 2294 ab
986 2260 1040 2294 his
1064 2264 1097 2294 et
1121 2259 1201 2299 illis,
1223 2259 1277 2305 pie
1293 2259 1512 2294 amantibus!
1544 2259 1656 2294 Nobis
1684 2259 1824 2294 senibus
1852 2260 1997 2294 mortuis

382 2323 462 2369 quid
482 2323 560 2357 fiet?
584 2323 658 2361 Quo
678 2323 767 2356 dicto
788 2322 932 2361 monuit,
964 2322 1080 2356 sutura
1110 2325 1187 2367 post
1214 2325 1360 2356 mortem
1388 2322 1527 2367 praemia
1550 2321 1681 2356 meritis
1699 2321 1820 2366 cuique
1836 2321 1907 2355 suis
1926 2333 1996 2356 non

383 2385 484 2419 annis
502 2385 690 2419 metienda.
709 2384 831 2419 Obitus
853 2384 1034 2426 Stanislai‚
1057 2384 1144 2419 adeo
1159 2383 1226 2430 ipsi
1239 2383 1354 2424 laetus,
1378 2384 1575 2418 amantibus
1597 2383 1706 2418 Sociis
1717 2383 1828 2418 dolori
1842 2384 1906 2418 fuit
1922 2395 1994 2419 om-

383 2447 498 2488 nibus,
524 2447 559 2481 in
587 2446 707 2500 primis
724 2457 805 2481 caro
827 2446 949 2493 gentili
977 2458 1039 2481 suo
1066 2445 1241 2481 Stanislao
1264 2446 1523 2482 Varszevickio.
1546 2445 1716 2492 Magnum
1734 2445 1771 2481 in
1787 2446 1854 2481 hoc
1864 2446 1996 2493 juvene

427 2535 469 2574 (1)
487 2536 566 2564 Parte
583 2537 680 2572 prima,
699 2537 717 2563 l.
741 2539 767 2571 ύ,
786 2544 846 2571 cap.
867 2537 915 2563 ult.
