2184 2953
608 294 714 322 LIBER
743 293 920 321 SEPTIMUS
940 291 1153 331 (timo-1630).
1645 292 1703 323 281

100 386 230 431 passim
265 386 456 420 calamitas
497 386 609 420 Nonis
636 384 800 424 octobris,
840 383 1022 428 importato
1048 382 1082 415 in
1114 382 1279 427 oppidum
1313 383 1481 427 periculo,
1512 380 1706 426 Collegium
1733 389 1796 414 1625

96 460 158 494 per
192 460 302 494 pagos
338 449 538 483 Polesiacos
580 447 812 484 distractum3
856 444 984 479 relictis
1039 444 1163 477 civium
1206 444 1427 478 morientium
1473 443 1703 481 curatoribus²
1734 428 1884 492 Nes2vsisien-

97 511 170 544 PP.
190 510 327 544 Joanne
357 510 493 544 Alando
518 514 551 544 et¹
578 521 640 542 sua
661 507 922 553 discipulorum,
945 506 1001 550 qui
1019 517 1039 539 a
1059 504 1247 549 theologia.¹
1274 505 1398 538 studiis
1426 505 1492 538 ritu
1526 503 1707 538 Societatis
1734 514 1760 531 se
1798 505 1880 531 Colle·

97 570 346 616 probabantur,
369 570 550 604 duodecim
577 569 795 604 sacerdotum
815 567 946 606 schola,
964 567 1037 612 jam
1062 567 1152 601 inter
1175 566 1253 600 illos
1275 567 1314 600 P.
1339 567 1470 600 Jacobo
1495 566 1655 605 Ortissio,
1676 569 1709 598 et
1735 554 1881 618 ξζυὲἶεξὲῗ-

98 632 208 666 tribus
224 644 299 666 cum
320 632 395 677 ipso
416 632 527 667 Sociis
543 631 717 677 pestilenti
737 630 906 674 correptis
926 629 1057 662 inorbo.
1079 629 1166 662 Tres
1192 628 1242 661 illi
1270 632 1478 674 superarunt
1504 627 1705 661 incolumes,
1736 633 1813 690 Slglmb
1831 663 1850 688 t·

99 695 252 729 Jacobus
275 695 404 740 phtysi,
428 694 547 728 inorbo
572 705 633 727 suo
658 692 804 732 diutino,
828 691 1005 726 contabuit
1022 691 1070 725 ΙΙΙ
1095 690 1171 724 idus
1193 690 1419 735 septembres.
1443 689 1622 734 Hispanus
1641 687 1708 728 hic,
1740 684 1783 729 sus
1804 671 1882 728 rasc-

100 767 120 790 a
140 755 272 789 Baetica
297 756 475 801 provincia
504 754 684 791 oriundus,
714 753 807 787 illinc
835 754 869 787 in
896 753 1094 787 Lituanium
1123 751 1260 785 missus.
1282 751 1406 785 Docuit
1426 751 1541 784 Vilnze
1560 749 1711 795 philoso-
1739 742 1883 807 {fflsfflffiffi

100 817 215 862 phiam
242 828 352 851 annos
371 829 509 857 novem,
529 828 661 850 morum
681 815 889 860 theologiam
909 818 1052 860 septem,
1076 813 1256 847 duodecim
1275 813 1531 846 scholasticam.
1554 810 1709 856 Sospites
1739 822 1790 845 tur.

101 879 192 913 Socii
212 883 453 913 conservatam
482 879 627 912 salutem
655 876 846 922 patrocinio
872 876 1071 910 tribuebant
1100 875 1176 909 Divi
1205 875 1396 914 Paschasii,
1431 874 1529 919 cujus
1556 873 1711 918 reliquiae
1739 878 1885 922 1}.Pascha-

1738 926 1791 982 {¹33
1803 920 1885 982 3333.

101 1005 285 1048 propterea
302 1001 456 1046 laetique,
479 1006 557 1046 post
575 1000 706 1034 abitum
726 999 947 1043 pestileiitiae‚
969 998 1082 1032 idibus
1098 999 1353 1039 novembribus,
1376 1000 1433 1044 qui
1453 999 1525 1033 dies
1546 997 1713 1044 martyrio
1742 995 1814 1021 tatis.

101 952 209 974 sacrae
228 940 389 974 coluntur
404 941 439 973 in
458 940 586 985 templo
607 937 774 983 Collegii3
796 938 849 972 cui
869 950 906 972 se
933 937 1078 971 maxime
1097 936 1256 981 precibus
1275 936 1589 970 commendassent.
1613 935 1712 969 Grati

101 1065 283 1100 Paschasii
312 1063 560 1103 memorabilis,
581 1075 643 1109 pro
672 1065 809 1100 soteriis
830 1064 961 1098 hostias
982 1063 1054 1096 Deo
1077 1060 1252 1095 Servatori
1272 1072 1332 1095 suo
1361 1072 1422 1106 per
1441 1073 1541 1095 suum
1568 1060 1714 1106 sospita-

100 1127 170 1162 lem
189 1129 386 1172 patronum,
409 1126 608 1159 convocatis
628 1126 771 1172 reliquis
791 1127 936 1166 civibus,
959 1124 1127 1159 obtulere.
1149 1122 1321 1157 Kalendis
1346 1122 1585 1157 decembribus
1603 1125 1717 1156 rector

105 1188 253 1234 Collegii
295 1187 460 1222 Albertus
492 1187 652 1222 Slaskius
694 1201 769 1223 cum
805 1192 939 1223 rectore
979 1187 1201 1226 novitiorum,
1230 1198 1248 1221 e
1270 1186 1444 1220 domicilio
1473 1186 1645 1227 Vilnensi,
1684 1189 1718 1220 et

104 1252 145 1286 P.
168 1250 320 1285 Matthia
351 1250 589 1290 Sarbievskio,
624 1251 761 1285 domum
789 1250 1089 1285 convalescentem
1116 1249 1248 1284 revisit.
1272 1249 1462 1295 Quingenti
1494 1249 1660 1289 Nesvisii,
1682 1248 1717 1282 in

105 1313 232 1360 oppido
250 1325 320 1347 non
338 1324 480 1359 magne,
502 1312 660 1347 homines
680 1313 791 1353 civici,
816 1311 1013 1358 pestilentia
1032 1311 1202 1357 oppressi.
1802 1345 1833 1370 27

153 1375 330 1410 Maturius
353 1374 457 1420 paulo
478 1376 631 1409 revocati
651 1375 744 1409 Socii
766 1374 967 1412 Vilnenses‚
984 1377 1057 1407 tum
1076 1372 1263 1407 academici
1291 1376 1364 1407 tum
1382 1372 1517 1412 novitii,
1535 1374 1580 1408 ad
1597 1374 1717 1409 statio·
1744 1385 1863 1410 Abeunte

105 1450 168 1473 nes
187 1449 269 1472 suas
290 1440 324 1471 et
343 1437 469 1471 officia.
491 1437 529 1470 In
549 1448 590 1471 ea
609 1449 725 1471 rerum
749 1435 1008 1482 perturbatione
1032 1435 1169 1480 magnis
1188 1435 1373 1480 multisque
1396 1447 1473 1469 cuni
1501 1447 1619 1470 omnes
1646 1440 1718 1470 tum
1745 1426 1826 1457 Imm
1846 1423 1890 1449 So-

1760 1472 1779 1488 11
1833 1471 1891 1488 670-

104 1499 250 1534 maxime
272 1498 394 1533 novitii
413 1498 581 1533 molestiis
601 1499 787 1532 conflictati
811 1511 817 1532 z
840 1497 949 1531 coacti
969 1497 1003 1530 in
1026 1497 1202 1531 rusculum
1225 1500 1404 1542 pertenue,
1428 1498 1651 1543 septuaginta
1669 1498 1719 1532 illi
1745 1472 1838 1528 {anturr

105 1562 254 1608 amplius
277 1573 283 1595 :
306 1561 476 1607 compacti
496 1561 530 1594 in
558 1572 663 1594 unuln
697 1572 816 1594 omnes
846 1558 1068 1597 nubilarium,
1090 1558 1192 1603 idque
1219 1562 1419 1603 angustum,
1442 1559 1522 1593 hinc
1549 1559 1719 1604 pcrfiuum
1746 1542 1860 1607 {gfff}

105 1624 219 1664 imbri,
242 1623 338 1657 illinc
357 1623 470 1658 ventis
485 1623 673 1669 perflatilffi
692 1623 725 1657 in
746 1633 786 1657 eo
807 1620 989 1666 gurgustio
1005 1618 1264 1658 adolescentuli,
1287 1619 1373 1653 nihil
1400 1620 1570 1666 ejusmodi
1588 1621 1720 1666 experti
1747 1618 1869 1682 munizi-is

1745 1665 1827 1683 exerel
1842 1666 1857 1683 l.

106 1689 200 1726 ante,
216 1685 343 1731 jejuni,
365 1685 537 1730 algentes,
565 1685 666 1725 aridi,
698 1683 917 1730 gymnasium
949 1681 1126 1727 patienti-ee
1153 1681 1244 1714 nacti
1272 1685 1371 1715 erant
1398 1681 1522 1727 oppido
1551 1682 1717 1728 amplum.

107 1748 195 1782 Tum
214 1758 297 1781 vero
317 1747 423 1792 probe
439 1747 629 1792 cognitum,
648 1750 778 1792 quanta
804 1745 892 1779 foret
910 1744 946 1777 in
964 1743 1080 1789 pueris
1099 1742 1202 1777 etiam
1222 1743 1343 1784 virtus,
1365 1755 1450 1788 quos
1471 1744 1564 1778 Deus
1582 1744 1626 1778 ad
1640 1744 1719 1779 reli-

108 1809 217 1855 giosae
238 1808 435 1842 institutum
462 1808 544 1843 vitee
564 1808 739 1854 elegisset.
762 1808 793 1842 A
820 1807 920 1842 nonis
942 1806 1052 1853 juniis
1078 1805 1124 1839 ad
1150 1817 1260 1839 nonas
1289 1817 1398 1851 usque
1424 1806 1628 1848 februarias,
1649 1807 1721 1842 laeti

106 1870 331 1904 nihilominus
364 1881 496 1910 omnes,
514 1874 548 1904 et
567 1870 611 1904 ad
630 1882 685 1904 res
705 1870 853 1904 instituti
869 1869 922 1903 sui
941 1868 1089 1907 alacres,
1110 1867 1169 1901 illo
1189 1868 1225 1901 in
1239 1867 1343 1902 exilio
1362 1867 1608 1912 perdurarunt.
1630 1869 1721 1904 Ante
1803 1895 1834 1919 23

105 1932 194 1966 hanc
217 1931 336 1977 sugam
357 1932 407 1966 ΙΙΙ
423 1931 499 1965 idus
520 1932 629 1965 maias
649 1932 703 1977 pie
731 1936 765 1966 et
791 1931 980 1966 honorifice
1007 1932 1136 1966 elatum
1158 1931 1261 1965 funus
1287 1931 1414 1966 nobilis
1441 1932 1520 1973 viri,
1559 1933 1593 1967 S.
1613 1932 1721 1979 regiae
1748 1933 1858 1976 Adriani

105 1992 297 2038 majestatis
321 1993 514 2033 secretarii,
537 1992 684 2027 Adriani
699 1994 746 2027 W
750 1992 937 2033 ierzbickh,
956 1996 989 2026 et
1008 1992 1052 2026 ad
1068 1992 1323 2037 sarcophagum
1341 2004 1414 2026 suae
1433 1993 1604 2039 conjugis,
1623 1994 1720 2029 bien·
1745 1972 1885 2037 gxi'ggz-fu-

106 2054 163 2088 nio
191 2055 318 2088 abhinc
351 2055 510 2100 sepultae,
542 2055 753 2100 appositum,
788 2055 823 2088 in
852 2053 980 2098 templo
1012 2053 1123 2088 sancti
1148 2054 1303 2099 parentis
1334 2055 1442 2089 nostri
1468 2055 1608 2100 Ignatii,
1631 2056 1721 2101 quod
1746 2050 1892 2076 nusVilnae.

107 2115 282 2150 Adrianus
308 2116 473 2161 majorem
498 2120 630 2161 partem
651 2116 817 2155 condidit,
839 2119 872 2150 et
893 2115 1105 2149 absolvendo
1126 2116 1235 2161 operi,
1253 2120 1324 2149 tum
1348 2116 1393 2150 ad
1410 2116 1588 2162 fastigium
1606 2117 1722 2153 adhuc

108 2188 177 2210 non
192 2177 368 2222 perducto,
391 2187 410 2210 e
428 2177 559 2222 praedio
575 2177 700 2211 Blonie
719 2177 827 2223 (quod
843 2177 998 2222 Collegio
1014 2176 1157 2212 donavit
1175 2177 1388 2224 academico)
1408 2181 1520 2212 certos
1539 2178 1574 2213 in
1592 2190 1722 2214 annum

110 2237 240 2272 reditus
258 2241 467 2273 testamento
486 2238 691 2284 assignavit.

157 2299 211 2334 Ad
230 2304 366 2345 strages
382 2300 584 2334 Lituanicas
603 2304 637 2335 et
670 2299 897 2334 Masoviticas
924 2311 1059 2345 appone
1082 2300 1326 2335 Polocensium
1349 2301 1528 2336 Russicas.
1551 2301 1721 2336 Kalendis
1747 2285 1854 2350 9015?ae

110 2361 288 2396 sextilibus
311 2361 347 2395 in
367 2362 541 2397 civitatem
572 2362 799 2397 Polocensem
819 2362 939 2396 incidit
956 2362 1166 2407 pestilentia.
1181 2362 1339 2408 Quinque
1359 2374 1377 2397 e
1392 2363 1547 2409 Collegio
1566 2363 1721 2398 victimas
1746 2361 1845 2388 sufflati

111 2422 214 2457 saluti
233 2424 351 2457 civicae
377 2423 491 2458 litavit
509 2424 675 2458 charitas.
698 2424 837 2458 Primus
866 2424 987 2459 cecidit
1007 2424 1048 2458 P.
1071 2424 1265 2458 Stanislaus
1296 2425 1501 2470 Knapskius
1531 2426 1718 2466 Masovita‚
1746 2400 1892 2473 pieljggffll'.

111 2484 176 2518 viri
198 2485 232 2518 in
248 2485 406 2531 polonica
429 2487 606 2531 provincia
624 2486 880 2527 litteratissimi,
900 2487 941 2520 P.
961 2486 1121 2531 Gregorii
1145 2487 1267 2532 Cnapii
1286 2487 1440 2532 gentilis.
1461 2488 1581 2522 Annos
1600 2488 1721 2533 viginti

1543 2548 1575 2573 36
