2184 2953
250 379 313 405 1570

306 445 345 470 22.

248 485 354 518 Magius

248 524 394 548 Yilnaeoum

248 563 327 589 Sociis
346 563 394 588 Va-

246 604 374 630 lerianum

246 653 285 678 ep.
308 645 377 671 salu-

246 687 296 711 tat.

424 285 463 316 38
792 287 1067 316 LITUANICARUM
1092 286 1308 315 SOCIETATIS
1325 285 1410 314 JESU
1434 284 1686 313 HISTORIARUM

424 375 627 411 collocando
642 377 754 412 Sociis
773 378 961 419 domicilio,
982 382 1061 413 utra
1078 377 1116 412 in
1128 377 1225 417 urbe,
1244 376 1342 412 locus
1360 375 1450 410 foret
1465 375 1693 422 opportunior
1715 387 1721 409 ι
1745 373 1882 420 quando
1907 372 2047 419 quidem

424 437 517 483 optio
541 437 695 484 eligendi
713 439 862 474 dabatur
888 440 931 474 ab
962 439 1211 480 invitantibus;
1243 438 1386 473 Vilnam
1412 437 1486 483 ipse
1513 438 1557 472 ad
1575 436 1807 472 Valerianum
1829 436 2044 482 episcopum,

417 501 492 546 jam
511 500 570 535 diu
589 501 699 536 Sociis
718 502 995 548 praestolantem,
1023 514 1101 537 cum
1118 502 1208 537 lecto
1241 502 1283 536 de
1309 501 1453 547 collegis
1474 501 1758 537 Pultoviensibus
1779 499 1957 545 manipulo
1987 499 2047 533 diu

422 566 594 609 noctuque
611 564 801 599 festinavit.
824 565 956 603 Quarto
976 576 1086 600 nonas
1101 564 1265 611 quintiles
1280 564 1402 599 urbem
1417 564 1581 606 subeunt,
1604 576 1681 600 cum
1700 563 1783 598 solis
1804 567 1883 597 ortu
1899 561 2044 607 pariter;

421 635 462 658 eo
481 624 530 659 ita
548 626 708 661 matutini
735 625 889 666 consilio,
917 626 1198 661 benevolentiam
1229 625 1394 660 antistitis
1423 630 1696 672 apparatamque
1730 625 1775 660 ad
1802 623 2045 670 excipiendum

420 699 581 734 pompam
596 693 633 723 ut
660 693 841 735 occupent.
860 689 977 723 Primo
1000 690 1130 729 statim,
1155 702 1222 736 quo
1247 690 1336 724 foret
1364 689 1595 729 commodum,
1615 692 1771 733 tempore
1799 686 1954 732 hospites
1982 684 2046 719 filii

420 755 601 796 parentem
634 752 688 786 sui
720 751 859 798 collegii
887 751 1097 787 salutarunt.
1115 752 1171 788 Ad
1206 765 1283 788 eum
1315 755 1540 798 conspectum
1572 749 1786 785 incredibilis
1806 749 1969 794 utrinque
1987 758 2044 782 co-

419 817 495 848 orta
526 813 650 848 laetitia
669 826 675 848 t
697 814 790 854 hinc,
820 814 912 859 quod
931 814 1121 860 principem
1145 815 1375 856 carissimum,
1398 813 1573 849 desiderio
1589 812 1642 847 sui
1657 810 1833 846 luculente
1862 809 2040 850 affectum,

418 878 616 920 spectarent
634 875 864 916 incolumem;
886 875 995 916 illinc,
1027 876 1119 921 quod
1138 876 1243 917 filios,
1267 887 1414 922 peregre
1438 875 1580 916 accitos,
1602 874 1744 909 tandem
1766 876 1864 919 pater
1888 872 1925 906 in
1943 882 2043 906 suum

419 936 593 982 gremium
611 937 798 983 acciperet.

466 999 587 1045 Itaque
606 999 829 1040 Valerianus,
852 1000 1072 1036 sacerdotum
1091 1004 1195 1045 atque
1214 999 1409 1034 antistitum
1428 996 1604 1043 frequenti
1625 996 1774 1042 stipatus
1795 997 1931 1035 senatu,
1953 1005 2040 1040 pon-

414 1061 520 1097 tificio
544 1067 669 1097 ornatu
687 1062 839 1108 fulgens,
861 1062 1058 1108 hospitibus
1078 1061 1162 1096 facit
1185 1061 1407 1096 audientiam.
1432 1060 1614 1096 Sociorum
1631 1070 1773 1094 causam
1796 1057 1845 1092 sic
1869 1060 1946 1091 orat
1962 1057 2040 1091 Ma-

414 1124 518 1169 gius:
546 1139 561 1152 a
587 1123 745 1159 Tandem
764 1124 965 1170 aliquando,
996 1124 1231 1159 illustrissime
1254 1123 1398 1170 praesul,
1427 1123 1586 1158 homines
1613 1120 1885 1168 expectatissimi
1908 1120 1984 1159 tibi,
2005 1123 2041 1154 et

416 1199 431 1213 κ
453 1185 665 1231 cupidissimi
684 1186 748 1227 tui,
766 1186 882 1220 divino
909 1185 1078 1221 beneficio
1101 1186 1240 1220 adsunt.
1258 1185 1490 1231 Ambigebam
1523 1196 1601 1231 eg0,
1623 1184 1799 1218 undenam
1829 1182 1907 1216 haec
1932 1182 2041 1216 verba

415 1263 429 1277 κ
452 1249 587 1283 ordirer
609 1261 615 1282 :
638 1252 672 1283 et
690 1248 900 1295 cogitabam,
922 1260 1089 1284 excusare
1108 1249 1277 1295 principio
1293 1248 1465 1283 adventus
1485 1246 1595 1281 nostri
1616 1245 1846 1285 tardidatem;
1867 1247 1906 1277 ut
1920 1243 2039 1278 statim

418 1326 432 1340 α
455 1312 558 1358 (quod
577 1312 787 1358 praecipiunt
819 1311 988 1358 rhetores)
1019 1312 1185 1358 quidquid
1208 1312 1354 1358 primam
1379 1311 1483 1356 hujus
1505 1320 1715 1355 congressus
1741 1307 1897 1342 minuere
1923 1310 2042 1352 posset

414 1387 429 1401 a
452 1373 614 1419 gratiam,
634 1373 808 1408 amolirer.
826 1373 908 1415 Sed,
927 1377 965 1407 ut
984 1374 1134 1419 primum
1152 1373 1221 1408 frui
1239 1377 1299 1408 tuo
1318 1376 1508 1418 conspectu
1527 1371 1648 1406 datum
1675 1373 1745 1411 est;
1765 1372 1827 1403 tua
1849 1367 2039 1414 singularis

414 1450 429 1464 κ
453 1435 665 1477 humanitas,
696 1439 730 1471 et
748 1446 883 1470 summa
902 1434 1113 1480 benignitas,
1133 1447 1239 1481 quam
1252 1435 1369 1469 vultus
1388 1434 1509 1481 optimi
1533 1437 1567 1469 et
1580 1433 1789 1479 pollicentur
1803 1435 1838 1465 et
1857 1429 2035 1471 exhibent,

413 1512 428 1526 α
450 1499 633 1544 persuasit,
655 1498 744 1533 nihil
762 1510 840 1534 esse
867 1497 1085 1533 salutationis
1105 1499 1216 1533 officio
1235 1496 1529 1545 praevertendum.
1549 1494 1642 1530 Ante
1662 1493 1779 1528 omnia
1801 1492 1922 1538 igitur,
1941 1492 2037 1527 Prae-

412 1576 426 1590 «
449 1562 551 1608 positi
571 1562 682 1596 nostri
701 1562 877 1608 generalis
896 1566 931 1597 et
945 1565 1080 1596 cunctae
1095 1560 1281 1595 Societatis
1296 1564 1330 1594 et
1348 1562 1480 1598 nostro,
1503 1557 1561 1603 qui
1581 1560 1860 1602 praesto,sumus‚
1878 1554 2034 1595 nomine,

411 1639 426 1653 κ
448 1624 634 1670 plurimam
649 1624 712 1659 tibi
739 1624 854 1659 studio
878 1629 990 1665 tanto,
1012 1628 1181 1670 quantum
1208 1622 1394 1657 maximum
1416 1621 1589 1655 humanus
1605 1629 1731 1664 capere
1748 1620 1863 1664 potest
1883 1616 2035 1658 animus,

411 1701 426 1715 α
449 1686 598 1721 salutem
616 1686 761 1721 dicimus
784 1698 790 1721 :
812 1686 995 1732 omniaque
1014 1686 1138 1727 fausta,
1157 1684 1472 1725 felicia‚diuturna,
1487 1686 1532 1723 et,
1554 1684 1633 1728 post
1651 1681 1742 1715 hanc
1761 1680 1879 1719 vitam,
1902 1679 2038 1713 beatam

411 1764 426 1778 κ
449 1749 682 1784 aeternitatem
708 1760 892 1795 precamur
919 1749 963 1783 ab
987 1760 1041 1789 eo,
1079 1760 1097 1783 a
1128 1760 1195 1794 quo
1228 1758 1329 1782 omne
1366 1746 1485 1780 datum
1512 1743 1679 1790 optimum
1716 1746 1750 1777 et
1781 1753 1883 1777 omne
1909 1741 2037 1775 donum

411 1825 425 1839 a
447 1810 639 1857 perfectum
666 1810 868 1851 descendit;
892 1810 1063 1856 simulque
1090 1811 1152 1845 tibi
1171 1821 1307 1844 omnem
1336 1817 1479 1854 operam
1499 1809 1711 1850 cunctosque
1738 1804 1874 1838 labores
1896 1807 2036 1838 nostros

411 1888 426 1902 e<
448 1873 650 1908 dedicamus
668 1877 703 1908 et
717 1873 885 1907 tradimus
909 1886 915 1907 2
938 1873 1024 1907 satis
1044 1872 1158 1919 gnari,
1181 1870 1333 1905 vicissim
1351 1869 1388 1902 in
1402 1872 1436 1903 te
1454 1866 1648 1912 disciplinae
1666 1870 1798 1901 nostrae
1818 1866 2035 1901 defensorem

411 1950 425 1964 κ
449 1936 654 1970 acerrimum
686 1939 720 1971 et
750 1939 1033 1970 conservatorem
1065 1932 1357 1969 studiosissimum
1384 1929 1470 1964 fore.
1493 1929 1651 1964 Societas
1679 1928 1818 1974 quidem
1841 1932 1974 1969 nostra,
1997 1931 2035 1962 ut

410 2014 425 2028 α
448 1999 576 2034 sanctis
594 2010 726 2034 morem
746 2003 888 2045 gereret
907 1999 995 2033 votis
1015 1998 1097 2038 tuis,
1126 1996 1223 2031 nulla
1247 1993 1510 2041 importunitate
1535 1990 1715 2036 temporis,
1736 1990 1833 2024 nullo
1860 1989 2033 2035 Collegio-

411 2076 426 2090 a
449 2072 525 2095 rum
549 2061 781 2100 incommodo,
809 2061 915 2102 hunc,
947 2072 1046 2106 quein
1066 2060 1103 2094 in
1121 2062 1309 2105 conspectu
1330 2057 1404 2103 jam
1424 2058 1458 2089 et
1480 2054 1560 2099 jure
1578 2057 1637 2087 tuo
1653 2052 1775 2091 habes,
1797 2051 2029 2097 manipulum,

409 2137 423 2150 κ
448 2133 509 2168 per
524 2122 670 2168 injurias
684 2121 776 2163 coeli,
793 2132 856 2168 per
870 2121 1005 2156 viarum
1023 2134 1210 2163 aerumnas,
1227 2133 1290 2168 per
1309 2121 1443 2155 incerta
1460 2131 1605 2154 casuum
1621 2118 1664 2153 ad
1684 2118 1718 2152 id
1734 2129 1843 2163 usque
1858 2122 2031 2152 terrarum

410 2199 426 2213 κ
448 2184 554 2219 misit.
578 2184 678 2219 Misit
703 2188 821 2219 autem
846 2183 1075 2220 libentissime
1104 2185 1244 2231 gemina
1263 2184 1305 2218 de
1331 2193 1462 2217 causa:
1485 2182 1648 2228 primum,
1670 2180 1762 2226 quod
1780 2191 1882 2214 curas
1910 2191 2031 2215 omnes

410 2261 425 2275 α
448 2250 550 2292 atque
581 2247 814 2292 cogitationes
840 2250 920 2280 tuas
952 2246 987 2280 in
1017 2258 1056 2281 ea
1086 2247 1255 2293 religione
1283 2244 1513 2280 sustentanda
1532 2248 1635 2290 atque
1654 2242 1871 2277 restituenda
1897 2243 2031 2278 cunctis

411 2322 426 2336 α
451 2308 525 2354 ipsa
543 2320 678 2354 quoque
697 2308 770 2343 suis
793 2308 925 2343 viribus
945 2308 1124 2350 elaborat;
1147 2308 1286 2347 deinde,
1308 2306 1400 2352 quod
1420 2310 1559 2340 tuorum
1574 2308 1730 2351 experta,
1752 2304 1876 2350 quibus
1894 2315 2029 2350 praeoc-

410 2387 425 2401 κ
447 2375 575 2418 cupata
594 2376 659 2413 est,
677 2372 956 2418 magnitudinem
970 2373 1186 2412 meritorum,
1207 2382 1286 2406 cum
1304 2373 1441 2416 partem
1455 2368 1594 2415 assequi
1610 2367 1740 2402 nullam
1754 2366 1935 2402 referenda
1950 2378 2028 2412 gra-

410 2450 425 2465 u
446 2434 497 2470 tia
530 2438 662 2480 posset,
695 2434 762 2469 hac
795 2434 920 2470 saltem
963 2434 1217 2481 significatione
1264 2432 1421 2479 profiteri
1466 2443 1503 2466 se
1537 2442 1608 2466 non
1655 2430 1843 2476 ingratam,
1877 2429 2023 2464 curavit.

459 2511 474 2526 α
494 2497 569 2532 Nos
586 2508 669 2532 vero
689 2497 821 2542 gratias
844 2497 1058 2533 immortales
1071 2496 1340 2532 clementissimo
1358 2494 1437 2529 duci
1457 2494 1600 2540 Deoque
1617 2493 1768 2539 agimus,
1792 2492 1849 2537 qui
1868 2503 1931 2526 nos
1950 2500 2025 2527 tan-
