2184 2953
409 295 470 326 430
1108 294 1344 325 APPENDICES.

461 398 713 450 Szerid,
727 411 1007 443 CONSTANTINUS,
1021 400 1205 443 Lfluanus,
1223 399 1477 436 undevicennis
1487 411 1524 435 se
1542 399 1586 435 ad
1602 397 1810 434 Societatem
1825 397 2037 445 aggregavit

410 468 502 492 anno
521 457 625 492 1598.
647 457 753 492 Edita
771 457 816 492 ab
831 468 872 492 eo
891 469 897 491 :

451 532 478 562 1.
494 530 597 562 Clavis
609 531 724 572 linguae
736 531 903 562 lituanicze.
922 529 1033 566 Vihne,
1052 529 1134 570 typis
1150 529 1236 561 acad.
1253 528 1284 561 S.
1302 528 1334 561 J.
1361 529 1455 560 1630.
1493 529 1522 560 2.
1541 527 1767 560 Dictionarium
1794 525 2034 568 polono—latino-

408 579 604 610 lituanicum.
627 578 727 610 Vilnae
743 578 855 618 saepius
870 587 1023 609 recusum.
1042 579 1071 609 3.
1100 578 1220 609 Puncta
1232 577 1413 609 concionum
1427 577 1460 608 in
1475 575 1643 608 dominicas
1659 576 1755 607 totius
1777 575 1859 612 anni,
1896 573 2034 615 polonico

408 626 439 658 et
454 626 601 658 lituanico
616 626 775 658 idiomate.
787 625 897 662 Vilnae‚
912 633 991 657 anno
1003 626 1093 657 1639.

459 693 782 743 TylkOWSki,
804 705 950 736 ADALB.,
968 692 1158 729 Masovita.
1178 691 1255 727 Hoc
1272 696 1393 728 nostro
1412 691 1541 727 saeculo
1556 691 1600 726 ab
1618 690 1694 738 ipso
1709 690 1839 737 scripta
1861 702 1868 725 :

409 754 620 795 Panegyricus
645 755 684 786 D.
703 755 821 792 Kierlo,
852 755 974 786 nomine
997 753 1163 786 Alexandri
1275 753 1351 784 Dies
1375 753 1499 793 Equitis
1514 752 1621 783 Poloni
1639 762 1645 783 :
1666 751 1783 791 rythmi
1812 750 1856 782 sic
1877 749 2032 790 inscripti.

457 800 617 840 Paprocki,
637 801 775 841 inscript.
792 811 799 832 :
814 800 985 832 AEternitas
1002 809 1160 831 annorum.
1319 801 1408 832 1652.
1426 800 1512 832 Sacri
1527 808 1657 831 canones
1674 801 1705 830 et
1716 798 1885 830 decisiones
1913 798 2035 838 aposto-

451 849 542 880 1652.
569 848 678 889 Elogia
694 848 915 889 Episcoporum
932 846 1164 880 Varmiensium
1318 848 1386 880 licae
1402 848 1438 880 de
1448 847 1654 879 matrimonio.
1680 846 1848 878 Varsaviae.
1865 846 1955 879 1629.

448 895 597 936 inscripta
612 911 617 925 :
635 896 704 927 Arae
719 896 921 937 gratitudinis
938 897 1027 928 1653.

459 969 757 1018 UgnieVSki,
780 981 899 1012 81111οΝ,
920 971 1109 1013 Masovita‚
1131 973 1167 1008 in
1191 973 1402 1008 Societatem
1420 970 1576 1006 vicennis
1595 972 1760 1015 acceptus
1782 969 1887 1006 1604.
1909 968 2034 1004 Docuit

408 1027 608 1067 oratoriam,
628 1027 786 1073 linguam
807 1039 958 1064 sacram.
983 1029 1247 1065 Concionatoris
1262 1029 1384 1065 officiis
1403 1027 1545 1074 egregie
1560 1026 1688 1072 diuque
1707 1025 1859 1061 functus.
1881 1025 2033 1060 Romam

407 1089 489 1125 visit
513 1094 720 1136 procurator
738 1103 755 1125 a
783 1092 974 1138 provincia.
1005 1093 1113 1128 Mort.
1135 1093 1252 1128 Vilnae
1271 1093 1323 1128 XI
1355 1091 1468 1126 octob.
1508 1089 1613 1124 1647.
1643 1088 1758 1134 Hujus
1789 1087 1843 1122 sui
1872 1087 2033 1133 magistri

406 1146 599 1181 orationem
618 1147 660 1181 de
696 1151 807 1182 morte
837 1148 858 1182 J
863 1159 923 1183 esu
943 1148 1071 1183 Christi
1098 1149 1191 1196 typis
1218 1148 1410 1195 vulgarunt
1428 1144 1601 1192 discipuli.
1627 1144 1733 1180 1615.
1760 1143 1907 1190 Scripsit
1925 1143 2032 1178 vitam

405 1202 443 1237 S.
477 1202 631 1237 Ladislai
650 1204 744 1250 regis
775 1204 984 1251 Hungariae,
1022 1206 1127 1242 1630.
1149 1206 1270 1241 Edidit
1299 1204 1458 1253 polonice
1478 1203 1659 1238 collectam
1685 1213 1706 1237 a
1736 1213 1774 1238 se
1808 1213 1851 1236 ex
1878 1200 2030 1247 antiquis

403 1258 650 1294 monumentis.

452 1332 829 1376 Varszevicius‚
847 1345 1021 1377 STANISL.,
1051 1336 1156 1371 vertit
1173 1348 1216 1372 ex
1234 1348 1350 1383 graeco
1365 1337 1401 1372 in
1419 1336 1566 1371 latinum
1584 1348 1590 1371 :

442 1395 589 1427 Historiae
611 1395 778 1435 AEthiopiae
791 1395 865 1427 libri
880 1396 925 1434 Χ;
941 1406 1052 1437 eosque
1067 1397 1267 1438 Sigismundo
1281 1398 1424 1440 Augusto
1438 1397 1554 1429 dicavit
1565 1397 1661 1438 priuS,
1678 1403 1771 1439 quam
1784 1404 1816 1427 se
1829 1394 2030 1436 aggregasset

485 1443 523 1474 ad
539 1443 725 1474 Societatem
739 1445 888 1475 nostram.

443 1490 512 1522 Dux
526 1491 727 1522 Peccatorum
739 1491 855 1523 Ludov.
869 1492 1070 1524 Granatensis
1086 1493 1203 1524 librum
1226 1503 1260 1525 ex
1275 1493 1434 1533 hispanico
1450 1492 1602 1525 convertit
1615 1492 1646 1525 in
1664 1491 1850 1532 polonicum.

451 1544 602 1594 vega,
621 1559 832 1589 EMMANUEL,
855 1548 1058 1589 LusitanuS,
1089 1553 1191 1584 natus
1220 1549 1469 1584 Conimbricae:
1502 1548 1714 1585 Societatem
1740 1547 1922 1594 amplexus
1937 1557 2027 1581 anno

406 1603 509 1639 1571.
540 1604 656 1639 Vilnae
674 1605 710 1639 in
736 1605 918 1641 academia
941 1605 977 1641 S.
995 1606 1201 1652 Theologiee
1226 1606 1346 1641 doctor
1365 1609 1399 1641 et
1425 1605 1484 1641 diu
1498 1605 1688 1652 professor,
1710 1604 1839 1639 ibidem
1859 1603 1895 1637 in
1913 1602 2027 1638 lucem

403 1659 511 1695 edidit
530 1659 640 1695 libros
659 1672 666 1694 :

401 1726 594 1758 Assertiones
631 1726 822 1767 theologicas
859 1727 896 1758 de
930 1727 1153 1767 augustissimo
1307 1726 1440 1761 calvini,
1466 1727 1497 1758 et
1525 1726 1622 1758 Bezae.
1655 1726 1699 1758 De
1723 1726 1941 1757 distributione
1969 1724 2023 1757 SS.

443 1774 648 1806 Eucharistiae
665 1774 863 1806 Sacramento
904 1775 1010 1806 contra
1038 1776 1151 1807 nostrae
1308 1774 1514 1806 Eucharistiae
1539 1774 1670 1805 subuna
1692 1774 1803 1814 specie,
1819 1776 1922 1805 contra
1938 1773 2026 1804 Hus-

443 1822 637 1862 tempestatis
684 1822 839 1860 sectarios,
885 1831 963 1854 anno
1004 1824 1092 1854 1585.
1109 1823 1154 1854 De
1309 1821 1395 1852 sitas.
1415 1821 1459 1853 De
1487 1821 1646 1861 principiis
1663 1821 1746 1852 fidei.
1779 1821 1860 1858 Fati,
1878 1821 2023 1852 Samosa-

443 1869 638 1901 divinissimo
656 1870 759 1900 missae
785 1870 944 1906 sacrificio,
964 1879 1043 1902 anno
1064 1871 1153 1902 1586.
1308 1869 1424 1900 teniani
1439 1869 1695 1909 dei,oppugnatio
1710 1880 1716 1900 :
1732 1870 1896 1900 etaeternae
1907 1868 2024 1900 Christi

443 1917 488 1948 De
537 1917 625 1948 cultu
662 1919 693 1948 et
734 1917 926 1949 invocatione
963 1918 1154 1957 Sanctorum,
1308 1917 1522 1957 generationis,
1545 1925 1683 1956 veraeque
1717 1916 1851 1948 Deitatis
1875 1915 2023 1955 defensio,

443 1965 549 1996 contra
564 1965 679 1996 librum
706 1965 833 1996 Volani:
850 1965 885 1997 de
900 1965 1074 1997 idololatria
1100 1966 1155 1998 Je-
1309 1966 1414 1996 contra
1435 1963 1636 1995 Blandratam
1652 1964 1682 1994 et
1706 1963 1904 1995 Franciscum
1926 1963 2020 1995 Davi-

441 2013 603 2045 suitarum.
620 2013 665 2044 De
690 2013 753 2044 vita
771 2014 802 2044 et
832 2013 990 2044 miraculis
1015 2014 1155 2051 Lutheri,
1308 2012 1388 2044 dem.
1409 2012 1534 2043 Viennae
1550 2011 1696 2048 Austriae,
1713 2021 1790 2043 anuo
1807 2012 1896 2043 1590.

444 2076 598 2110 Vocatus
614 2075 656 2109 P.
678 2074 885 2110 Emmanuel
900 2087 942 2110 ex
961 2075 1123 2110 Lituania
1138 2076 1302 2118 Romam,
1319 2075 1447 2111 ibidem
1468 2074 1552 2109 obiit
1566 2076 1613 2110 27
1621 2075 1762 2122 januar.
1785 2076 1889 2117 1648,
1908 2075 2022 2111 aetatis

399 2143 472 2166 suae
491 2132 551 2170 94,
573 2131 758 2166 Societatis
774 2130 832 2166 77.

448 2210 677 2253 Velther‚
698 2223 911 2253 AMBROSIUS,
929 2212 1031 2248 utiles
1046 2212 1154 2248 libros
1169 2212 1301 2258 aliquot
1316 2211 1505 2247 Estonibus
1519 2211 1642 2257 lingua
1657 2211 1769 2257 patria
1784 2211 1905 2247 edidit.

448 2291 679 2338 Zaluski‚
702 2304 823 2334 LUCAS,
842 2297 1004 2340 acceptus
1022 2294 1057 2328 in
1072 2293 1280 2329 Societatem
1306 2295 1410 2333 1620.
1440 2294 1555 2329 aetatis
1578 2295 1632 2329 16.
1655 2295 1780 2329 Docuit
1795 2294 2019 2330 humaniores

397 2349 545 2390 litteras,
579 2348 847 2394 philosophiam,
877 2353 910 2383 et
929 2349 1139 2395 theologiam
1170 2354 1243 2384 tum
1276 2350 1531 2391 scholasticam,
1548 2355 1622 2384 tum
1640 2350 1858 2396 polemicam.
1881 2350 2020 2385 Missio-

397 2405 487 2440 narii
514 2404 798 2450 quinquennium,
834 2405 1086 2440 concionatoris
1117 2409 1194 2440 octo
1226 2418 1332 2452 supra
1350 2406 1474 2452 viginti
1502 2418 1610 2441 annos
1641 2407 1779 2441 functus
1807 2418 1885 2441 cum
1917 2406 2018 2442 laude

403 2460 538 2496 officiis.
560 2460 706 2495 Praefuit
725 2460 835 2495 Sociis
854 2461 888 2495 in
916 2461 1090 2496 domicilio
1122 2461 1327 2503 Minscensi,
1351 2463 1478 2498 deinde
1497 2462 1613 2498 Vilnae
1641 2463 1677 2497 in
1709 2463 1810 2498 domo
1843 2462 2014 2508 professa.

395 2515 532 2553 Cretera
547 2528 580 2551 v.
598 2515 633 2551 in
652 2516 822 2576 Historia.
845 2516 950 2552 Edita
968 2528 990 2552 a
1004 2517 1100 2553 Luca
1119 2517 1153 2554 in
1172 2517 1284 2552 lucem
1303 2530 1309 2553 :
