2184 2953
607 302 711 330 LIBER
734 301 921 329 SECUNDUS
947 301 1155 335 (1571-1580).
1674 300 1712 331 87

100 396 258 442 ponendo
278 394 417 435 fundus,
439 392 599 433 aedificia,
621 404 727 432 areae,
748 391 839 425 horti
867 389 971 424 certis
996 389 1123 423 finibus
1148 389 1403 425 describuntur.
1435 392 1515 425 Jam
1547 392 1619 426 suis
1652 402 1713 426 rex

100 457 226 492 tabulis
245 460 279 491 et
305 467 410 502 agros
435 459 468 490 et
486 454 587 488 villas
615 458 648 488 et
678 454 861 489 latifundia
893 453 1048 499 Collegio
1076 453 1342 498 designaverat;
1379 458 1416 487 ut
1448 466 1489 488 ea
1524 454 1716 489 reddantur

99 519 249 564 integra,
270 518 395 552 litteris
421 517 502 552 inde
520 528 581 562 per
612 517 827 562 provinciam
855 516 1018 555 dimissis,
1041 515 1133 550 cives
1161 517 1266 551 etiam
1286 521 1390 562 atque
1419 517 1523 552 etiam
1544 518 1713 552 hortatur.

101 580 291 615 Commovit
327 591 369 613 ea
399 578 562 624 principis
595 578 788 612 liberalitas
824 578 980 611 homines
1018 578 1165 617 invidos,
1198 579 1385 613 haereticos
1420 579 1569 613 maxime
1592 583 1654 613 :ut
1683 579 1717 612 in

99 642 222 676 castris
253 645 326 675 tum
353 640 461 685 regiis
488 640 533 674 ad
560 640 668 674 millia
693 652 857 686 passuum
885 641 1003 675 decem
1030 641 1169 675 circiter
1201 642 1244 676 ab
1276 641 1402 687 oppido
1430 641 1573 675 Polocia
1596 642 1717 687 positis

99 703 342 742 versabantur,
377 713 582 737 succensere
617 702 764 748 principi
799 702 984 748 palamque
1017 702 1168 747 obloqui,
1202 703 1236 736 in
1274 702 1394 748 primis
1425 703 1719 748 procancellarius

103 765 287 805 Lituania}‚
326 765 595 799 calvinianarum
628 765 730 799 homo
763 767 913 812 partium
946 766 1157 806 studiosior;
1192 780 1206 794 ιε
1240 766 1539 811 protestabantur,
1576 766 1719 811 indigne

102 841 117 856 α
139 827 238 872 quasi
273 831 377 872 atque
408 827 575 872 injuriose
602 838 719 872 regem
756 839 862 873 agere
900 841 905 862 :
938 840 1000 874 per
1033 839 1111 861 eam
1138 827 1322 868 bonorum,
1361 839 1439 873 quae
1466 827 1720 862 Photianorum

103 903 117 917 α
142 892 259 924 essent
294 889 544 923 monachorum
571 889 724 934 propria,
748 890 1041 924 abalienationem
1063 890 1145 935 jura
1177 888 1320 934 infringi
1340 889 1453 935 patria
1475 902 1481 923 1
1504 888 1717 929 tabularum,

102 966 116 980 α
140 951 263 997 quibus
284 963 340 985 res
359 962 440 985 suas
459 951 609 998 posteris
640 955 760 985 cautas
788 954 938 998 majores
966 952 1170 990 voluissent,
1200 951 1275 985 tolli
1307 950 1525 985 sanctitatem
1548 964 1554 985 :
1576 951 1720 986 liberta-

102 1031 116 1044 ιε
138 1019 208 1050 tem
226 1015 504 1060 religionumque
521 1014 757 1049 immunitates
788 1014 946 1059 praffcidi.
979 1014 1126 1048 Coortos
1157 1013 1344 1048 admonere
1372 1013 1545 1059 princeps,
1562 1013 1721 1048 viderent

102 1092 116 1106 κ
138 1089 254 1124 porro,
278 1078 416 1112 detersa
444 1076 605 1123 caligine,
627 1088 730 1123 quam
759 1076 824 1111 sibi
841 1076 1035 1110 invidentia
1054 1075 1249 1110 offunderet
1275 1076 1351 1121 ipsa
1371 1090 1376 1110 ;
1401 1075 1522 1121 ecquid
1540 1088 1609 1110 non
1630 1076 1720 1121 {equi

101 1154 115 1169 α
138 1139 287 1185 bonique
314 1140 348 1173 in
377 1150 417 1173 eo
446 1151 508 1173 suo
533 1139 622 1174 foret
649 1138 794 1173 consilio
819 1150 826 1171 :
851 1148 930 1171 nam
964 1141 998 1171 et
1025 1138 1183 1172 coenobia
1214 1142 1248 1172 et
1275 1137 1409 1183 praedia
1439 1142 1472 1172 et
1498 1138 1628 1183 templa
1647 1149 1722 1182 pos-

102 1216 116 1230 κ
139 1201 295 1236 sederint
314 1212 397 1235 sane
416 1201 575 1235 homines
597 1212 708 1246 nuper
725 1199 813 1233 ritus
834 1198 1041 1239 (lrafcanici,
1064 1199 1119 1233 vel
1137 1199 1365 1233 inscientibus
1384 1198 1438 1233 vel
1458 1198 1721 1233 conniventibus

104 1277 118 1291 a
141 1273 258 1296 rerum
278 1262 485 1308 praesidibus
503 1275 510 1303 ;
535 1262 595 1307 jus
621 1266 737 1296 tamen
757 1264 863 1301 certe,
886 1260 976 1305 quod
996 1265 1121 1295 vocant
1139 1265 1358 1307 patronatus,
1377 1273 1483 1307 penes
1497 1272 1600 1306 reges
1620 1261 1722 1295 Polo-

102 1338 117 1352 κ
140 1323 208 1357 nise
236 1323 342 1357 fuisse
371 1335 506 1369 semper
525 1336 532 1365 ;
554 1327 658 1369 atque
689 1323 811 1357 eadem
838 1323 989 1367 quidem,
1012 1335 1090 1368 qua}
1116 1323 1181 1368 ipsi
1209 1335 1300 1357 nunc
1331 1323 1395 1357 sibi
1427 1323 1585 1357 certatim
1611 1322 1722 1356 vindi-

103 1398 117 1412 κ
140 1388 271 1425 carent,
306 1385 377 1419 suis
410 1385 516 1430 regiis
565 1396 640 1420 esse
682 1382 834 1419 consiliis
870 1387 1076 1428 recuperata
1115 1386 1149 1417 et
1181 1383 1301 1424 armis,
1341 1383 1464 1429 ecquid
1496 1396 1565 1418 non
1603 1395 1722 1418 eorum

103 1460 117 1474 ει
140 1445 278 1491 aliquis,
320 1446 440 1481 decem
475 1446 544 1481 illis
577 1451 610 1482 et
637 1450 768 1492 septem
804 1446 917 1485 annis,
953 1445 1077 1491 quibus
1116 1444 1151 1478 in
1186 1448 1356 1490 potestate
1391 1445 1616 1479 Moschorum
1648 1450 1723 1480 erat

103 1522 118 1536 α
141 1507 297 1550 Polocia,
321 1520 384 1543 sua
416 1509 573 1543 curiosus
605 1508 798 1555 repeteret?
830 1508 1061 1542 Facesserent
1088 1507 1220 1548 invidi;
1251 1507 1390 1542 adesset
1414 1508 1720 1554 procancellarius,

102 1583 117 1597 α
139 1569 376 1615 scriptumque
396 1581 496 1604 suum
515 1571 651 1616 regium
678 1570 794 1616 sigillo
825 1569 962 1615 publico
990 1569 1230 1603 communiret.
1257 1587 1272 1600 „

145 1631 196 1666 Eo
233 1631 382 1677 denique
409 1633 679 1678 tergiversante,
716 1644 788 1673 rex,
825 1636 862 1665 ut
891 1631 1010 1676 gladio
1043 1631 1239 1666 succinctus
1271 1632 1399 1672 stabat,
1430 1632 1571 1666 admota
1597 1633 1721 1679 capulo

100 1691 271 1727 dextera:
298 1705 353 1734 en,
376 1694 499 1739 inquit,
520 1695 597 1735 nisi,
617 1694 710 1740 quod
737 1695 959 1739 imperamus,
982 1697 1137 1727 actutum
1164 1693 1246 1734 fiat,
1269 1694 1423 1739 sigillum
1451 1695 1550 1728 nobis
1576 1700 1719 1740 praesto.

105 1754 296 1788 Percussus
323 1766 363 1789 eo
390 1755 556 1801 principis
585 1755 676 1790 dicto
710 1754 1006 1801 procancollarius
1039 1754 1187 1800 denique
1221 1755 1435 1800 obsequitur.
1459 1755 1585 1790 Oblata
1616 1756 1722 1790 Petro

104 1814 237 1861 Skarga
257 1815 456 1851 donationis
484 1818 594 1863 regias
624 1818 869 1851 instrumenta.
892 1815 992 1850 Arcis
1025 1816 1189 1861 praefecto
1221 1817 1408 1851 Francisco
1439 1817 1513 1851 Zuk
1544 1817 1722 1862 negotium

104 1875 235 1917 datum,
256 1877 441 1912 fundorum
460 1889 712 1924 pagorumquffi
734 1889 820 1923 quos
839 1877 996 1922 Collegio
1017 1877 1236 1912 attribuisset
1264 1889 1338 1917 rex,
1361 1879 1622 1923 possessoribus
1646 1879 1721 1925 jani

103 1949 193 1972 nunc
212 1939 380 1974 institutis
399 1939 690 1974 vindicandorum
710 1939 887 1973 continuo.
919 1939 1043 1984 Neque
1066 1938 1124 1973 ille
1146 1939 1285 1984 quidem
1305 1939 1417 1973 officio
1441 1951 1503 1974 suo
1522 1939 1644 1975 deesse
1662 1953 1721 1987 po-

102 2001 176 2041 tuit,
195 2001 249 2035 vir
267 2001 399 2037 scilicet
416 2002 598 2048 religionis
613 2002 795 2037 catholicae
810 2001 1105 2042 studiosissimus3
1128 2001 1201 2042 sed,
1223 2014 1301 2047 quae
1320 2001 1568 2043 reddebantur,
1587 2003 1723 2038 minora

105 2066 203 2096 erant
222 2062 281 2097 illa
301 2064 440 2098 omnino
467 2064 645 2098 hominum
664 2063 797 2097 invidia
816 2075 821 2097 z
845 2062 965 2097 inculti
985 2063 1043 2097 diu
1063 2073 1124 2108 per
1141 2062 1309 2097 tumultus
1327 2062 1471 2097 bellicos
1489 2063 1722 2109 virgultisque

106 2123 207 2157 obsiti
225 2125 355 2170 passim
373 2125 476 2170 agri:
498 2126 532 2159 in
552 2126 653 2171 pagis
685 2125 807 2161 domus
835 2125 966 2161 colonis
992 2137 1137 2160 vacuae:
1160 2137 1302 2172 magna,
1325 2138 1462 2172 quoquo
1488 2130 1523 2161 te
1551 2130 1719 2168 verteres,

107 2185 270 2221 solitudo.
293 2187 450 2225 Quatuor
469 2187 609 2221 omnino
628 2199 739 2222 annos
767 2201 809 2223 ex
840 2189 933 2222 0111111
950 2189 1080 2222 rustica
1099 2200 1137 2222 re
1157 2200 1225 2222 non
1245 2192 1382 2234 poterat
1400 2189 1559 2235 exprimi,
1581 2201 1648 2236 quo
1667 2191 1722 2225 vel

106 2250 176 2281 tres
196 2248 288 2282 Socii
304 2252 476 2294 utcunque
491 2248 689 2290 alerentur;
708 2249 800 2283 domi
815 2262 871 2284 res
889 2249 1056 2284 vestiaria
1070 2249 1180 2289 nulla,
1202 2249 1298 2284 nulla
1316 2250 1458 2284 cibaria.
1482 2251 1626 2285 Interim
1644 2251 1725 2287 hinc

105 2307 200 2342 illinc
220 2308 473 2344 Photianorum
492 2311 617 2344 civium
637 2311 772 2345 malitia
792 2322 917 2356 graves
939 2310 1050 2345 Sociis
1074 2310 1330 2345 exhibebantur
1347 2311 1530 2346 molestiae.
1549 2313 1588 2346 In
1608 2316 1726 2358 aperto

103 2369 230 2404 litteris
257 2370 338 2405 ludo
367 2371 518 2417 quinque
536 2372 647 2418 primo
675 2384 745 2406 non
771 2371 921 2416 amplius
950 2371 1224 2406 instituebantur
1244 2372 1415 2418 juvenes;
1436 2372 1553 2418 plures
1585 2373 1723 2414 deiude,

107 2434 210 2476 atque
229 2431 320 2467 inter
337 2432 427 2467 alios
446 2433 555 2479 ipsius
572 2433 732 2479 palatini,
754 2437 788 2467 et
803 2433 885 2467 dicti
903 2433 1122 2467 Rutenorum
1137 2434 1291 2480 episcopi
1304 2434 1367 2469 filii
1387 2435 1421 2469 in
1442 2447 1520 2470 eum
1539 2447 1576 2470 se
1610 2447 1728 2471 nume-

108 2504 183 2527 rum
203 2499 454 2540 aggregarunt.
479 2496 679 2541 Magisterii
707 2496 850 2531 labores
870 2497 1002 2543 primus
1031 2500 1140 2531 morte
1167 2497 1297 2542 optima
1327 2502 1360 2531 et
1392 2498 1567 2533 ineuntem
1598 2510 1727 2533 annum

1745 397 1807 423 1580

1742 442 1849 469 Fundus

1742 483 1873 509 condendo

1743 521 1872 547 domicilio

1743 559 1863 592 assigna-

1744 601 1795 625 tur.

1749 1516 1879 1543 Invidiam

1749 1557 1823 1583 sedat
1841 1564 1891 1582 rex,

1748 2082 1873 2108 Tenuitas

1748 2131 1831 2149 rerum
1841 2123 1895 2148 vin-

1749 2162 1847 2188 dicata-

1749 2209 1814 2227 rum.

1753 2393 1851 2420 Schola}
1870 2401 1896 2419 a·

1753 2436 1840 2466 pertaer
