2184 2953
650 287 756 314 LIBER
781 286 943 315 OCTAVUS
966 286 1174 323 (1620-11630).
1672 287 1731 318 303

111 376 272 410 Andreas
289 375 347 421 agi
363 387 491 421 magno
505 375 739 422 juvandorum
755 375 953 410 Sinensium
973 375 1315 420 desideri0‚eamque
1334 376 1399 410 sibi
1418 377 1631 421 provinciam
1646 389 1724 423 pre-

111 438 207 472 cibus
223 437 423 483 deposcere.
444 438 569 483 Neque
587 438 707 472 abnuit
722 437 929 484 praepositus
944 436 1127 471 Societatis
1147 436 1336 482 generalis,
1355 438 1488 472 Mutius
1501 439 1724 474 Vitellescus.

160 499 313 534 Decurso
334 499 451 544 itaque
478 499 666 545 theologici
691 499 795 534 studii
823 498 1006 539 curriculo,
1030 510 1155 533 navem
1174 498 1375 533 conscendit
1393 499 1521 534 alacer.
1545 501 1584 534 111
1603 501 1727 535 11111010

110 560 278 595 molestiis
297 561 494 606 morbisque
514 561 747 602 conflictatus,
768 562 817 595 ita
836 572 872 595 se
899 564 1095 595 constanter
1114 561 1234 605 gessit,
1258 564 1294 594 ut
1320 564 1438 595 nautae
1469 561 1645 596 Andream
1663 574 1726 608 pro

109 621 248 667 Angelo
263 622 387 656 comite
402 622 573 657 haberent
587 627 826 668 amarentque.
849 622 951 657 Prius
971 634 1073 668 quam
1092 622 1202 657 Goam
1221 623 1389 668 appulsus
1407 627 1511 664 esset,
1535 624 1724 659 convaluit.

110 686 187 727 Hic,
210 686 411 721 valetudine
427 698 495 721 non
512 686 597 721 satis
612 687 828 727 confirmata,
846 686 891 720 ad
907 686 1155 726 nosocomium,
1172 685 1304 730 linguae
1318 685 1438 720 sinieae
1452 688 1487 720 et
1500 686 1637 720 virtutis
1653 698 1726 721 suae

108 747 322 793 palaestram,
345 759 382 783 se
402 749 558 782 contulit.
583 750 779 789 Institutus,
810 761 891 783 mox
918 760 1036 783 omnes
1055 748 1114 782 ille
1134 747 1281 793 plateas,
1307 747 1415 788 vicos,
1446 747 1586 782 navalia
1613 748 1722 789 obire,

107 808 275 843 doctrinae
293 810 462 855 magister
489 810 707 845 christianae.
739 811 790 845 Eo
816 811 936 845 labore
957 815 991 845 et
1009 810 1134 844 ardore
1161 810 1269 843 animi
1294 820 1444 844 accensa
1461 809 1568 844 febris
1595 810 1721 845 acrior.

106 870 257 905 Consilio
273 872 397 906 medici
413 873 619 907 mutandum
639 876 715 908 erat
739 871 891 907 Δ[110110εο
910 871 1045 906 coelum.
1069 871 1233 905 Macaum
1244 874 1430 917 propterea
1440 872 1606 917 trajectus
1626 872 1722 913 Goa;

105 933 186 968 hinc
202 934 237 968 in
254 935 432 980 regionem
449 935 653 970 salubrioris
671 934 755 970 coeli
770 934 936 974 Sinicam,
955 933 1168 979 provinciam
1180 933 1329 973 Fokien,
1345 932 1535 968 translatus
1553 933 1599 980 (1).
1622 934 1724 968 Omni

106 1007 146 1031 eo
161 996 250 1037 loco,
269 997 383 1042 quoad
410 1001 556 1042 poterat,
585 1009 701 1032 rerum
720 1008 877 1037 suarum,
900 1008 1014 1042 praeco
1033 997 1173 1038 Christi,
1195 997 1361 1031 ardenter
1380 997 1575 1043 satagebat.
1599 998 1724 1033 Morbo

106 1058 151 1092 ad
167 1062 358 1092 extremum
383 1059 552 1104 pertinaci
574 1062 607 1093 et
627 1070 689 1092 3110
709 1058 891 1103 religionis
911 1058 1113 1092 christianae
1132 1058 1246 1092 studio
1265 1058 1458 1093 conficitur.
1481 1059 1578 1093 Abiit
1596 1071 1615 1094 e
1643 1060 1723 1094 civi-

106 1122 175 1153 tate
191 1119 329 1154 Sinensi
349 1119 540 1159 Techenfu,
563 1120 717 1165 principe
740 1120 876 1154 urbium
908 1120 943 1153 in
976 1131 1084 1165 regno
1109 1119 1258 1160 Fokien‚
1277 1120 1349 1155 sive
1368 1120 1536 1161 Fochieu‚
1558 1121 1603 1155 ad
1625 1133 1723 1156 coro-

107 1193 200 1222 nam,
221 1193 330 1227 nuper
351 1182 414 1215 sibi
433 1193 495 1226 por
514 1182 626 1215 visum
645 1193 666 1216 a
684 1182 756 1216 Deo
785 1182 1006 1227 promissam,
1034 1183 1135 1217 nonis
1155 1183 1428 1228 septembribus;
1451 1183 1724 1229 quinquennium

108 1243 142 1277 in
166 1255 207 1278 eo
231 1243 362 1277 difficili
380 1243 469 1284 1000,
492 1255 590 1290 aegra
610 1247 777 1289 perpetuo
796 1243 1005 1284 valetudine,
1028 1244 1157 1289 insigni
1175 1256 1252 1279 cum
1275 1244 1378 1279 laude
1402 1248 1436 1279 et
1450 1245 1561 1279 fructu
1581 1245 1723 1280 salutari

108 1310 280 1341 versatus.
300 1307 700 1341 ParentaruntAndreae
714 1305 877 1340 catholici
892 1305 919 1338 F
923 1305 1104 1339 ochieveni
1119 1306 1211 1341 cives
1221 1305 1316 1341 luctu
1330 1310 1364 1341 et
1378 1306 1507 1352 pietate
1522 1307 1699 1353 praecipua
1713 1320 1720 1348 ;

106 1368 371 1413 appositumque
402 1367 535 1401 tumulo
567 1371 825 1401 monumentum
858 1368 1098 1402 honorificum.
1134 1368 1220 1403 Haec
1250 1380 1268 1403 e
1299 1369 1476 1414 Japonicis
1511 1369 1552 1403 P.
1588 1368 1724 1411 Alberti

107 1429 305 1464 Mencinski
325 1430 448 1464 Poloni
467 1430 592 1464 litteris
613 1430 680 1463 11110
699 1430 826 1463 nostris
850 1430 964 1464 verbis
982 1429 1235 1465 transtulimus.

154 1491 399 1528 Academicum
413 1491 528 1525 Vilnae
545 1491 752 1536 Collegium,
770 1491 925 1536 ejusdem
941 1491 1103 1525 eximium
1117 1492 1233 1532 decus,
1250 1492 1290 1526 P.
1310 1492 1560 1528 Constantinus
1579 1494 1725 1540 Szyrvid

109 1552 227 1588 valere
241 1553 349 1599 jussit
367 1553 449 1587 anni
466 1553 568 1598 hujus
591 1552 625 1586 X
644 1552 814 1587 kalendas
830 1552 1055 1598 septembres
1079 1553 1112 1587 Is
1133 1557 1208 1588 erat
1221 1554 1286 1593 vir,
1304 1555 1362 1600 qui
1380 1555 1451 1590 suis
1473 1556 1638 1602 exemplis
1657 1556 1724 1590 vir-

107 1618 218 1649 tutum
250 1615 362 1649 studia
394 1615 666 1655 commendaret,
698 1614 914 1649 castimonia}
944 1615 980 1648 in
1011 1615 1146 1659 primis,
1169 1627 1186 1650 a
1204 1616 1347 1651 lustrico
1378 1617 1541 1663 baptismi
1562 1618 1658 1653 fonte
1680 1619 1725 1653 ad

107 1687 307 1721 supremum
329 1677 411 1710 vitae
438 1677 529 1711 diem
549 1681 698 1711 servatae
723 1676 946 1722 integerrime
965 1689 971 1710 :
993 1680 1065 1711 tum
1093 1676 1272 1719 doctrinae,
1292 1678 1469 1719 navitatis,
1492 1679 1672 1714 industriae
1689 1680 1725 1714 in

107 1737 200 1771 omni
220 1738 345 1777 officio,
364 1749 473 1783 eoque
497 1738 693 1784 multiplici.
717 1738 818 1783 Saepe
834 1738 892 1773 ille
909 1738 1031 1773 eodem
1050 1738 1105 1773 die
1119 1738 1221 1773 modo
1236 1739 1297 1773 tibi
1312 1740 1447 1774 divinas
1466 1740 1602 1775 litteras
1617 1741 1722 1787 expli-

107 1798 209 1834 cabat
232 1799 403 1846 interpres
422 1813 428 1835 :
460 1789 576 1841 modo,
598 1811 811 1835 concursans
844 1800 977 1841 domos,
999 1801 1142 1845 aegrotis
1173 1800 1295 1836 aderat
1320 1802 1475 1836 medicus
1501 1803 1720 1837 animorum:

107 1873 211 1901 nunc,
225 1862 395 1897 matutino
414 1866 583 1909 tempore,
598 1863 633 1897 in
648 1862 775 1907 templo
795 1861 992 1896 academico
1009 1862 1224 1903 Lituanicus,
1247 1874 1325 1897 mox
1344 1863 1378 1896 in
1398 1875 1460 1897 suo
1479 1864 1724 1899 canonicorum

109 1923 308 1964 Polonicus,
343 1924 568 1959 concionator
599 1924 826 1970 praedicabat,
866 1924 1048 1969 utrobique
1083 1935 1288 1969 semperque
1318 1925 1461 1958 utiliter.
1492 1925 1649 1959 Monitus
1680 1927 1724 1961 ab

108 1985 237 2025 amicis,
260 1989 297 2019 ut
325 1985 390 2019 sibi
405 1990 576 2031 parceret,
595 1997 706 2030 neque
724 1989 795 2020 tam
818 1985 919 2020 facile
935 1985 1046 2020 multa
1065 1998 1154 2021 unus
1177 1987 1367 2032 susciperet
1386 1988 1541 2033 negotia,
1562 2000 1725 2034 quorsum

108 2045 228 2092 igitur,
267 2048 514 2093 respondebat,
553 2059 589 2083 se
623 2048 753 2089 vivere,
793 2048 860 2082 nisi
892 2051 929 2082 ut
959 2048 1084 2093 gloriae
1115 2048 1243 2082 divinae
1274 2060 1378 2083 causa
1411 2049 1601 2085 laboraret.
1639 2051 1725 2097 Ejus

108 2108 215 2142 animi
234 2109 287 2143 sui
310 2113 533 2144 monumenta
563 2109 597 2143 111
630 2109 728 2144 libris
748 2110 865 2150 etiam,
892 2121 914 2143 a
936 2120 973 2144 se
996 2110 1214 2155 conscriptiS,
1237 2110 1408 2156 editisque
1428 2111 1463 2145 in
1485 2111 1611 2153 11100111,
1628 2113 1724 2158 genti

110 2181 182 2204 suae
193 2169 354 2204 Lituanae
372 2170 512 2215 reliquit
530 2170 703 2216 praeclara
718 2170 767 2216 (¹2).
794 2170 909 2205 Morte
928 2170 1141 2212 imminente,
1160 2183 1288 2217 magna
1312 2183 1388 2206 cum
1404 2173 1511 2207 animi
1530 2173 1720 2219 voluptate,

110 2243 249 2278 compos
263 2232 321 2267 ille
336 2233 475 2267 omnino
491 2234 646 2273 rationis,
660 2232 816 2267 narravit
831 2233 946 2272 sociis,
960 2233 1161 2278 apparuisse
1176 2233 1242 2267 sibi
1257 2245 1356 2268 suum
1384 2234 1520 2270 beatum
1545 2239 1724 2281 parentem

78 2335 81 2338 Ι
112 2292 299 2338 Ignatium,
322 2305 427 2339 seque
445 2294 489 2328 ab
508 2294 567 2328 illo
588 2295 631 2328 ad
652 2295 861 2329 Societatem
880 2295 1150 2339 triumphantem
1166 2307 1241 2330 esse
1260 2295 1455 2331 invitatum.

158 2354 384 2389 Vilnensibus
402 2367 515 2390 annus
541 2356 596 2389 hic
623 2356 789 2402 pestilens
821 2368 826 2390 :
863 2356 1086 2402 quamobrem
1111 2359 1226 2391 rector
1252 2357 1462 2392 novitiorum
1489 2359 1610 2394 Simon
1638 2359 1719 2395 Β10-

154 2427 198 2468 (1)
231 2430 341 2459 Librum
372 2440 385 2459 a
415 2433 443 2461 Ρ.
472 2432 581 2460 Andrca
612 2433 736 2461 editum:
770 2432 890 2460 Fortuna
921 2432 1043 2460 Panstw.
1074 2429 1146 2469 [sive
1174 2432 1206 2459 de
1232 2435 1379 2461 mutatione
1408 2433 1564 2474 reynorum]
1597 2436 1658 2464 vide
1693 2437 1720 2464 in

113 2484 241 2522 catalogo
257 2486 424 2521 scriptorum
438 2489 609 2514 nostrorum.
627 2502 661 2505 —
677 2483 720 2523 (2)
743 2485 812 2513 Vide
828 2486 966 2513 cumdem.

1752 380 1814 407 1631

1751 1377 1841 1403 Monu-

1750 1418 1868 1442 mentum

1751 1455 1868 1481 Andreae.

1817 1495 1832 1519 5

1751 1534 1780 1560 P.
1798 1533 1863 1560 Con-

1751 1566 1886 1592 stantiuus

1750 1605 1859 1639 Szyrvid

1751 1645 1841 1672 Vilnae.
