2184 2953
230 370 293 396 1579

229 415 280 442 Res
293 415 327 442 ab
345 421 374 441 eo

228 456 315 489 gestae.

203 717 206 720 ⁴
228 684 375 719 Religionis

228 726 355 753 studium.

231 1057 367 1083 Laudatur

231 1107 247 1125 a
281 1099 368 1125 Hosio

230 1139 370 1167 cardinali.

399 272 438 302 60
767 272 1041 301 LITUANICARUM
1067 271 1279 300 SOCIETATIS
1298 271 1384 299 JESU
1407 270 1659 301 HISTORIARUM

400 363 453 397 M.
475 363 622 397 ducatus
654 363 830 398 Lituaniae
857 376 864 398 :
890 368 962 397 tum
987 362 1234 398 Luceoriensis
1261 362 1428 408 episcopi,
1455 361 1604 408 denique
1627 373 1720 398 anno
1754 363 1847 400 1555
1872 364 1917 399 ad
1940 364 2021 400 Vil-

400 437 528 461 nenses
560 425 689 460 infulas
720 425 853 460 meritis
885 437 947 471 per
970 425 1087 459 omnia
1115 424 1230 458 officia
1261 424 1334 458 suis
1363 427 1554 469 promotus.
1582 425 1705 460 Adfuit
1735 438 1881 472 praeseS‚
1906 426 2023 462 Vilnae

401 487 603 534 conjugium
626 488 693 523 rite
718 488 931 528 ineuntibus,
953 487 974 521 J
979 486 1085 522 oanni
1109 485 1309 521 Finlandiae
1332 490 1406 520 tum
1428 486 1590 533 principi,
1618 487 1745 522 deinde
1772 488 1907 523 Sueoiae
1931 489 2021 535 regi,

401 554 435 585 et
458 551 658 586 Catharinae
678 551 762 586 filiae
787 549 1006 596 sigismundi
1030 550 1045 583 I
1069 549 1164 594 regis
1188 548 1359 583 Poloniae.
1386 548 1574 583 Haereticis
1597 551 1773 584 turmatim
1797 562 1815 585 a
1835 551 2026 586 Germania

402 615 436 648 et
466 613 615 648 Prussia
647 613 683 647 in
714 612 915 647 Lituaniam
942 611 1231 657 irrumpentibus,
1265 621 1456 655 eorumque
1487 610 1632 645 ducibus
1668 622 1709 645 ac
1744 612 1914 657 patronis,
1941 613 2025 647 viris

401 675 631 722 principibus,
659 675 753 709 omni
776 677 916 714 conatu,
939 674 1015 719 ipso
1038 674 1114 708 Deo
1138 672 1262 713 fretuS,
1289 672 1488 707 resistebat.
1516 673 1701 708 Laudabat
1732 686 1774 709 ex
1792 675 1909 709 animo
1933 675 2028 709 istud

401 737 438 772 in
462 737 655 772 Valeriano
673 736 858 782 religionis
886 735 1052 776 studium,
1079 738 1208 781 praeter
1236 734 1338 776 alios,
1365 734 1627 769 Varmiensium
1657 736 1805 771 antistes
1836 736 2027 771 cardinalis

402 800 601 836 Stanislaus
621 799 765 834 Hosius.
796 798 1005 833 Documenti
1038 809 1145 832 causa
1169 808 1275 832 unam
1297 797 1354 831 hic
1377 797 1452 842 ejus
1484 796 1529 831 ad
1552 797 1781 833 Valerianum
1813 798 2029 845 alteramque

402 862 586 909 epistolam
615 861 803 896 recitamus
833 873 840 895 :
869 860 983 906 prima
1014 859 1153 906 quidem
1185 858 1308 893 laudat
1338 858 1523 893 consilium
1556 860 1722 905 episcopi,
1749 860 1841 906 quod
1868 860 2029 895 cadaveri

402 924 553 959 hominis
573 923 731 958 haeretici
747 934 847 957 sacro
867 922 903 956 in
921 921 997 956 loco
1022 921 1238 967 sepulturam
1257 920 1463 966 negaverit:
1484 935 1500 949 κ
1523 921 1702 966 Pergrati,
1725 922 1847 967 inquit,
1870 934 2029 957 rumores

406 1001 421 1015 ιι
444 986 489 1021 ad
513 997 576 1020 nos
599 985 795 1020 afferuntur
814 984 857 1019 de
883 996 937 1025 eo,
955 983 1248 1029 quemadmodum
1267 982 1368 1017 Doni.
1389 982 1519 1016 Vestra
1539 982 1620 1017 forti
1635 988 1736 1029 atque
1760 995 1889 1029 magno
1912 984 2029 1019 animo

407 1063 422 1078 a
445 1048 674 1083 satanismum
697 1058 719 1081 a
740 1058 813 1081 suae
837 1046 999 1081 dioecesis
1031 1045 1159 1080 finibus
1186 1044 1394 1091 propulsare
1426 1048 1586 1085 conatur,
1612 1056 1724 1091 neque
1755 1046 1946 1091 potentiam
1974 1057 2031 1080 cu-

407 1125 422 1140 ιι
438 1111 603 1157 jusquam
622 1109 838 1149 reformidat,
866 1121 932 1155 quo
956 1108 1071 1143 minus
1094 1119 1156 1142 suo
1180 1107 1333 1153 pastoris
1357 1105 1470 1141 officio
1496 1111 1639 1141 strenue
1670 1108 1859 1153 fungatur;
1890 1112 1925 1142 et
1943 1119 2030 1154 quos

406 1187 422 1202 a
444 1173 602 1207 viventes
632 1171 813 1206 nobiscum
838 1175 873 1206 et
899 1183 976 1206 cum
1000 1170 1161 1205 Ecclesia
1184 1170 1251 1204 Dei
1274 1169 1533 1204 communicare
1564 1169 1721 1204 noluisse
1745 1170 1924 1216 intelligit,
1950 1171 2030 1206 illos

407 1251 422 1266 a
444 1239 613 1276 mortuos,
640 1235 702 1274 ita,
734 1238 771 1269 ut
796 1235 880 1280 jura
906 1233 1128 1279 praecipiunt,
1159 1232 1241 1278 quin
1269 1235 1303 1266 et
1330 1232 1406 1278 ipsa
1440 1232 1531 1266 ratio
1561 1232 1771 1278 praescribit,
1800 1244 1822 1266 a
1854 1233 2030 1268 communi

405 1312 420 1327 κ
443 1297 579 1344 piorum
602 1296 782 1331 hominum
811 1295 994 1341 sepultura
1023 1298 1132 1329 arcet.
1161 1293 1252 1332 Quid
1278 1294 1370 1328 enim
1403 1297 1519 1340 potest
1547 1305 1624 1328 esse
1654 1294 1802 1339 aequius,
1837 1306 1941 1340 quam
1976 1298 2027 1335 ut,

406 1376 421 1390 ει
443 1360 581 1406 qualem
605 1370 642 1394 se
669 1358 814 1404 quisque
831 1357 927 1395 facit,
953 1368 1016 1403 pro
1042 1357 1106 1391 tali
1128 1356 1324 1391 habeatur?
1344 1356 1409 1390 Est
1436 1356 1576 1402 aliquis,
1598 1356 1657 1402 qui
1679 1368 1743 1391 suo
1764 1356 1875 1402 ipsius
1892 1356 2027 1403 judicio

405 1438 421 1452 ει
444 1435 482 1458 se
504 1422 715 1457 condemnat
736 1433 743 1456 ε
766 1421 825 1467 qui
848 1421 1074 1466 semetipsum
1100 1431 1122 1454 a
1147 1419 1283 1465 piorum
1314 1422 1405 1453 coetu
1437 1419 1555 1465 ejicit:
1579 1419 1834 1454 communicare
1857 1432 1934 1454 cum
1957 1420 2027 1455 illis

406 1500 422 1515 a
444 1488 585 1520 recusat
615 1497 622 1519 :
652 1485 733 1530 quin
763 1495 921 1519 seorsum
957 1483 1023 1517 sibi
1059 1482 1172 1517 altare
1196 1484 1318 1516 contra
1353 1481 1466 1516 altare
1506 1481 1611 1527 erigit
1641 1494 1647 1515 :
1678 1481 1881 1516 cathedram
1905 1486 2028 1518 contra

406 1564 422 1579 α
444 1549 647 1584 cathedram
686 1548 887 1589 constituit;
916 1559 1029 1593 neque
1074 1546 1209 1581 dubitat
1248 1545 1339 1580 idem
1379 1545 1466 1579 illud
1505 1549 1647 1591 patrare
1682 1545 1832 1586 facinus,
1866 1547 1962 1592 quod
1992 1547 2027 1582 in

407 1626 422 1641 α
446 1611 547 1651 Core,
565 1611 721 1650 Dathan‚
744 1613 777 1645 et
799 1610 934 1644 Abiron
957 1609 1167 1655 gravissimo
1190 1607 1360 1653 supplicio
1382 1607 1630 1641 vindicandum
1654 1619 1731 1642 esse
1752 1609 1846 1642 Deus
1877 1609 2025 1643 censuit.

408 1688 424 1703 κ
447 1673 539 1712 Quid
562 1673 668 1707 habet
698 1672 728 1706 is
755 1672 848 1717 quod
867 1675 1047 1717 queratur,
1074 1671 1103 1705 si
1122 1670 1259 1716 qualem
1278 1681 1316 1704 se
1342 1670 1416 1715 ipse
1442 1668 1524 1704 fecit
1551 1669 1811 1705 schismaticum
1848 1674 1882 1705 et
1914 1671 2027 1706 haere-

409 1750 424 1765 κ
446 1735 565 1776 ticum,
602 1734 682 1769 talis
717 1745 739 1768 a
773 1734 840 1780 piis
876 1733 1051 1772 omnibus,
1096 1736 1130 1767 et
1170 1735 1327 1766 mortuus
1366 1743 1387 1765 a
1427 1732 1600 1766 communi
1645 1732 1827 1778 sepultura
1873 1732 2029 1767 fidelium

409 1812 424 1826 κ
446 1797 600 1832 omnium
619 1796 804 1831 arceatur?
834 1796 916 1830 Non
935 1807 1022 1841 opus
1034 1794 1110 1840 Jam
1138 1792 1554 1829 excommunicationibus
1574 1797 1607 1827 et
1625 1793 1819 1828 interdictis
1843 1807 1849 1828 :
1871 1794 1937 1840 ipsi
1963 1794 2029 1829 sibi

409 1874 425 1889 a
447 1859 557 1895 sacris
588 1859 750 1894 omnibus
784 1857 1064 1897 interdixerunt;
1096 1855 1300 1891 executione
1339 1858 1474 1889 tantum
1515 1866 1601 1900 opus
1639 1859 1703 1896 est,
1737 1860 1775 1891 ut
1806 1867 1869 1902 pro
1899 1856 2029 1891 talibus

410 1937 425 1952 u
446 1922 657 1962 habeantur,
688 1920 826 1966 qualem
859 1920 925 1965 ipsi
960 1922 1083 1953 contra
1110 1929 1147 1952 se
1178 1917 1386 1952 sententiam
1416 1916 1574 1951 tulerint.
1611 1916 1650 1951 Id
1681 1918 1710 1951 si
1743 1918 1784 1951 ab
1812 1917 1888 1952 aliis
1914 1918 2026 1959 fieret,

411 1999 426 2014 κ
449 1983 586 2019 etiamsi
605 1983 703 2017 nulla
725 1982 867 2029 gravior
881 1981 1000 2027 aliqua
1015 1979 1274 2014 animadversio
1298 1983 1514 2024 sequeretur,
1533 1979 1653 2014 credat
1666 1980 1751 2014 mihi
1766 1980 1866 2014 Doni.
1884 1980 2025 2020 Vestra,

410 2062 426 2077 κ
447 2058 519 2081 non
550 2044 735 2080 difficulter
764 2044 921 2090 plerique
953 2043 999 2077 ad
1024 2042 1175 2077 officium
1203 2041 1458 2086 sanitatemque
1488 2040 1656 2076 redirent.
1688 2042 1926 2080 Quamobrem
1960 2053 2027 2076 non

412 2124 428 2139 a
450 2120 592 2155 possum
617 2118 687 2142 non
714 2106 941 2141 vehementer
970 2104 1115 2139 laudare
1143 2104 1244 2138 Dom.
1274 2103 1451 2142 Vestram,
1481 2115 1558 2148 quae
1590 2115 1672 2138 vere
1704 2115 1796 2138 nunc
1829 2104 2030 2149 episcopum

414 2186 429 2200 a
451 2181 561 2216 agere
579 2168 729 2208 videtur,
752 2168 834 2202 dum
853 2167 969 2202 ovium
988 2178 1131 2201 suarum
1156 2164 1261 2199 saluti
1279 2176 1341 2210 per
1368 2164 1590 2210 disciplinam
1616 2165 1722 2199 etiam
1760 2165 2032 2200 ecclesiasticam

414 2248 430 2262 «ι
452 2232 653 2279 prospicere
688 2234 848 2265 conatur.
879 2229 959 2263 Non
995 2228 1108 2263 deerit
1133 2228 1228 2262 Deus
1260 2226 1389 2261 sanctis
1430 2227 1532 2261 Dom.
1562 2227 1701 2262 Vestrae
1737 2227 1942 2269 conatibus;
1972 2228 2029 2273 qui

416 2311 432 2326 a
454 2294 559 2330 etiam
586 2305 645 2328 cor
663 2293 830 2339 principis
844 2292 919 2338 jam
947 2303 986 2326 eo
1007 2290 1195 2326 inclinasse
1213 2288 1362 2329 videtur,
1386 2292 1423 2323 ut
1441 2289 1555 2334 magis
1573 2293 1678 2335 atque
1703 2290 1817 2335 magis
1836 2301 1874 2324 se
1891 2301 1912 2324 a
1931 2301 2031 2335 sepa-

415 2372 430 2387 u
452 2356 599 2392 rationis
619 2354 774 2389 consiliis
801 2354 993 2388 abhorrere
1020 2352 1193 2388 ostendat.
1224 2351 1269 2386 Et
1295 2354 1389 2384 certe
1416 2351 1444 2385 si
1470 2351 1571 2386 nobis
1590 2351 1707 2385 omnia
1734 2351 1884 2386 adversa
1902 2351 2029 2392 forent,

414 2436 429 2451 a
452 2420 549 2467 prius
575 2422 691 2453 tamen
716 2417 833 2451 omnia
857 2421 891 2451 et
913 2416 1004 2451 ferre
1028 2420 1061 2450 et
1087 2414 1201 2449 facere
1228 2416 1262 2448 et
1287 2413 1359 2458 pati
1388 2424 1450 2447 nos
1478 2417 1668 2459 oporteret,
1700 2414 1804 2448 etiam
1832 2415 1861 2449 si
1889 2414 2029 2449 exilium

415 2498 431 2513 ιι
454 2480 686 2519 subeundum,
707 2479 763 2514 vel
789 2489 883 2514 mors
909 2479 987 2525 ipsa
1016 2477 1107 2513 foret
1132 2474 1340 2522 expetenda,
1363 2486 1465 2520 quam
1493 2479 1530 2510 ut
1555 2475 1704 2510 officium
1730 2487 1752 2511 a
1770 2476 1870 2511 nobis
1898 2476 2028 2521 requiri
