2184 2953
631 319 736 347 LIBER
761 318 936 347 SEPTIMUS
958 318 1165 353 (1620-1630).
1673 312 1732 344 277

118 409 236 455 digitis
259 410 414 456 captivas
433 410 573 445 dimittit
596 411 746 446 tabulas.
769 412 954 458 Spectasse
975 411 1008 444 id
1032 410 1189 444 miraculi
1208 410 1368 443 dicuntur
1386 408 1519 454 aliquot
1552 407 1728 441 hominum

119 472 240 506 millia.
264 472 389 507 Lectas
407 473 556 518 publice,
575 474 735 508 dimissas
750 485 770 508 a
788 479 935 513 mortuo,
958 473 1093 507 litteras
1116 471 1419 517 metropolitanus,
1449 470 1536 504 benc
1554 473 1727 515 precatus,

119 533 231 568 eidem
246 534 407 568 restituit.
425 535 599 575 Mortuus,
617 535 673 569 hic
692 535 797 569 etiam
808 535 893 569 vivit
912 534 1056 579 :recipit
1071 545 1171 568 suum
1190 534 1330 579 pignus,
1351 532 1455 577 idque
1485 531 1624 577 stringit
1639 531 1732 576 digi-

119 596 163 630 tis
189 596 330 641 pariter.
355 596 525 630 Commoti
553 597 766 642 spectaculo,
788 597 934 631 fremere
962 607 1080 631 omnes
1112 596 1255 641 gaudio,
1294 600 1327 629 et
1358 593 1529 640 gratulari
1559 594 1601 627 de
1621 592 1733 626 salute

119 661 250 692 aeterna
264 657 395 691 Meletii
414 669 420 691 z
444 658 574 703 gratias
600 670 706 703 agere
726 663 872 704 patrono
891 671 965 698 suo,
986 658 1084 692 beato
1100 658 1265 703 martyri3
1291 657 1349 703 qui
1368 655 1584 695 adversario,
1608 658 1641 688 et
1664 654 1732 688 for-

120 722 212 753 tasse
236 719 330 754 necis
345 719 449 753 etiam
472 720 605 755 auctori
626 732 712 760 suae,
735 732 806 755 non
821 720 922 754 modo
946 720 1096 766 gratiam
1115 719 1230 754 delicti
1250 718 1383 758 fecerit,
1406 717 1466 751 sed
1490 717 1612 751 salutis
1627 716 1732 750 ctiam

120 781 296 826 negotium
311 786 454 815 aeternae
468 785 539 816 tam
556 783 666 816 amice
685 794 747 816 suo
774 782 881 816 tuitus
905 782 1008 816 fuerit
1027 781 1232 827 patrocinio.
1261 781 1386 815 Postea
1404 790 1508 825 quam
1526 778 1569 813 de
1590 778 1734 812 consilio

122 843 270 883 Meletii,
297 844 341 877 ad
369 843 561 878 Ecclesiam
588 844 784 878 Romanam
808 844 951 889 recepti,
978 844 1212 878 renuntiatum
1240 850 1305 881 est,
1335 841 1541 886 resipiscere
1572 840 1735 875 continuo

121 904 345 945 schismatici,
366 906 401 939 in
416 906 533 951 primis
545 906 791 940 Vitebsccnses
811 918 817 939 :
836 906 968 951 majore
986 905 1020 938 in
1041 904 1114 939 dies
1136 915 1277 938 numero
1297 903 1440 937 affluere
1451 903 1494 937 ad
1512 902 1736 948 inquisitores

123 966 216 1001 necis
234 978 255 1000 a
272 967 431 1001 Romano
448 967 615 1001 Pontifice
634 967 815 1012 delegatos
841 980 846 1001 :
866 978 1046 1001 commune
1065 967 1196 1000 crimen
1215 977 1315 1000 suum
1334 965 1491 999 confiteri
1509 965 1731 1010 poenitentes;

123 1040 186 1063 sua
204 1029 308 1063 etiam
328 1029 502 1063 sententia
533 1029 679 1063 subituri
716 1040 837 1074 poenas
872 1029 1004 1063 scelere
1036 1028 1162 1074 dignas
1193 1040 1269 1068 suo,
1300 1038 1523 1073 quascunque
1554 1026 1737 1072 exegerint

117 1090 277 1137 judices:
301 1101 402 1125 orare
433 1102 495 1136 pro
527 1102 564 1125 se
583 1091 741 1136 quisque,
774 1095 811 1125 ut
846 1091 910 1124 rite
935 1090 981 1124 ad
1016 1090 1209 1125 Ecclesiam
1234 1090 1431 1124 Romanam
1462 1092 1704 1135 aggregentur
1726 1100 1732 1121 :

125 1152 242 1186 multis
256 1152 418 1198 lacrymis
437 1153 530 1197 apud
549 1153 750 1187 sacerdotes
766 1156 904 1186 nostros
918 1164 981 1197 per
999 1152 1237 1187 confessiones
1253 1163 1330 1186 cum
1344 1151 1571 1197 parricidium
1587 1154 1660 1184 tum
1675 1161 1738 1184 sua

126 1214 270 1259 quisque
289 1213 417 1248 delicta
435 1214 628 1259 deplorare.
647 1214 733 1252 Quae
750 1218 821 1248 tam
836 1213 918 1248 felix
939 1214 1088 1248 civitatis
1107 1214 1329 1260 commutatio
1347 1213 1484 1259 judices
1500 1213 1628 1258 gaudio
1646 1224 1738 1247 com-

126 1276 233 1322 plevit
250 1275 457 1311 incredibili.
471 1275 597 1310 Actum
615 1275 811 1321 igiturcum
826 1276 1075 1322 poenitentibus
1094 1276 1373 1311 clementissime.
1389 1275 1537 1310 Relatus
1553 1279 1686 1321 martyr
1703 1275 1738 1309 in

127 1337 315 1372 Beatorum
336 1349 515 1371 numerum
533 1337 615 1371 anni
638 1338 743 1377 1643,
758 1338 862 1372 XVII
880 1338 1048 1373 kalendas
1063 1338 1225 1384 quintiles
1240 1339 1283 1372 ab
1298 1338 1442 1372 Urbano
1453 1338 1558 1378 VIlI;
1581 1337 1635 1371 cui
1649 1337 1684 1371 in
1700 1348 1740 1371 eo

127 1399 268 1444 negotio
296 1398 483 1439 cunctanti,
515 1402 620 1444 atque
658 1399 796 1434 interim
834 1400 1081 1445 gravissimum
1107 1400 1142 1434 in
1175 1400 1331 1434 morbum
1368 1399 1524 1445 delapso,
1559 1398 1652 1432 fama
1688 1402 1741 1433 est

129 1460 333 1506 apparuisse
360 1461 453 1494 hunc
478 1465 637 1495 nostrum
673 1461 889 1497 antistitem:
918 1461 1112 1496 restituisse
1147 1462 1364 1507 desperatam
1392 1464 1527 1507 aegroto
1555 1460 1702 1495 salutem
1729 1472 1735 1494 ς

129 1522 295 1557 monitum
310 1523 354 1556 ab
373 1523 494 1557 eodem
514 1523 695 1557 Urbanum
706 1534 849 1563 esse,ne
868 1535 985 1558 sacros
1003 1523 1166 1564 honores,
1188 1535 1274 1569 quos
1292 1524 1358 1558 sibi
1372 1524 1495 1558 haberi
1511 1523 1618 1558 vellet
1630 1523 1737 1563 Deus,

127 1596 247 1619 servus
266 1596 445 1619 servorum
460 1584 524 1618 Dei
545 1585 732 1619 decernere
751 1585 909 1619 tardaret
922 1585 1037 1620 lentus
1056 1586 1228 1631 cognitor.

176 1646 345 1691 Rigensis
365 1646 524 1692 Collegii,
556 1658 666 1692 nuper
685 1646 843 1692 dissipati
875 1647 955 1692 (vid.
986 1647 1041 1681 hic
1067 1659 1162 1682 num.
1196 1648 1242 1692 3),
1262 1647 1431 1693 reliquiae,
1454 1651 1603 1693 quatuor
1622 1647 1736 1681 Socii:

128 1709 196 1743 duo
216 1708 430 1748 sacerdotes,
451 1708 594 1743 totidem
611 1709 801 1754 adjutores,
819 1709 854 1742 in
869 1709 1001 1754 praedio
1021 1720 1082 1743 suo
1099 1710 1272 1755 Pergeno,
1294 1722 1363 1744 non
1381 1710 1485 1755 longe
1504 1709 1677 1755 disjuncto
1697 1709 1741 1743 ab

128 1770 226 1809 urbe,
248 1769 450 1804 haerebant:
469 1769 586 1810 laturi,
608 1782 857 1815 quamcunnlue
877 1775 1028 1816 possent,
1050 1783 1126 1805 cum
1142 1782 1307 1817 oppresso
1327 1771 1445 1816 Rigae,
1467 1774 1540 1805 tum
1559 1769 1687 1804 circum
1706 1769 1742 1803 in

131 1831 267 1877 oppidis
283 1836 317 1865 et
331 1832 429 1878 pagis
445 1831 623 1871 derelicto,
645 1832 772 1877 populo
792 1844 891 1877 opem
907 1832 1091 1867 catholico.
1109 1833 1216 1867 Aditu
1246 1833 1395 1867 civitatis
1411 1832 1455 1866 ab
1473 1832 1647 1866 haereticis
1663 1843 1740 1877 pro-

129 1892 243 1934 hibiti,
265 1905 357 1928 nunc
384 1893 429 1927 ad
448 1893 661 1928 Polonoruin
693 1898 819 1934 castra,
842 1895 943 1928 modo
971 1894 1016 1929 ad
1046 1895 1237 1940 oppidanos
1257 1899 1290 1929 et
1308 1905 1466 1940 paganos
1485 1894 1741 1935 excurrebant;

131 1955 292 1989 crebrius
327 1955 552 1990 conferebant
586 1967 623 1990 se
648 1956 858 1995 Mittaviam,
881 1956 915 1990 in
944 1956 1063 1990 urbem
1091 1956 1289 1991 Curlandiae
1320 1955 1524 2001 principem,
1554 1956 1745 1990 Lituanicis

130 2016 300 2051 insessam
319 2017 437 2063 copiis.
469 2018 558 2052 Tum
581 2018 637 2052 hic
668 2021 740 2052 tum
775 2019 858 2053 alibi
881 2019 1037 2064 insignes
1068 2018 1219 2065 percepti
1238 2018 1396 2052 laborum
1427 2018 1570 2052 fructus.
1593 2017 1746 2052 Circum-

133 2079 337 2113 sonantibus
357 2079 505 2125 denique
524 2080 674 2114 hostium
695 2080 812 2118 armis,
843 2079 958 2113 rurale
987 2079 1089 2113 etiam
1117 2090 1217 2113 suum
1237 2078 1389 2124 oportuit
1408 2078 1522 2113 deseri
1547 2078 1744 2113 latibulum.

134 2140 277 2175 Duobus
307 2140 479 2175 Mittavire
506 2141 647 2181 relictis,
677 2141 744 2175 duo
765 2141 838 2181 alii,
874 2141 1033 2175 sacerdos
1064 2140 1164 2181 alter,
1197 2140 1286 2174 alter
1315 2140 1424 2174 laicus
1450 2139 1601 2185 adjutor,
1623 2140 1747 2185 aegroti

133 2201 248 2242 ambo,
282 2202 317 2235 in
354 2202 487 2248 sylvam
524 2202 716 2248 proximam
745 2214 782 2237 se
809 2202 952 2236 abdunt.
988 2201 1136 2247 Adjutor
1166 2201 1339 2241 Andreas,
1357 2201 1430 2246 Jam
1457 2212 1577 2241 senex,
1607 2201 1642 2235 in
1670 2201 1747 2235 sinu

135 2263 263 2313 Patris,
286 2263 379 2298 Socii
414 2263 466 2298 sui
497 2264 680 2304 carissimi,
724 2264 888 2298 aerumnis
918 2263 1095 2298 confectus
1129 2263 1285 2297 moritur.
1322 2263 1434 2298 Gente
1464 2263 1520 2297 hic
1539 2266 1614 2298 erat
1644 2263 1744 2304 Livo,

136 2336 225 2359 unus
244 2336 263 2359 e
294 2325 413 2370 primis
434 2325 544 2360 Sociis
577 2326 744 2371 Rigensis
777 2325 949 2371 Collegii:
980 2326 1032 2359 vir
1050 2325 1209 2370 simplex,
1244 2325 1394 2370 integer,
1424 2329 1516 2359 recte
1535 2325 1580 2359 ad
1611 2336 1748 2359 omnem

136 2385 217 2420 vitae
236 2397 439 2432 morumque
462 2386 600 2421 laudem
616 2388 794 2422 institutus
812 2400 818 2421 ε
841 2388 953 2421 cultor
971 2387 1007 2421 in
1026 2387 1144 2433 primis
1164 2387 1341 2432 religiosae
1361 2375 1575 2432 paupertatis
1590 2397 1746 2421 severus.

185 2450 320 2484 Vendae
347 2461 481 2495 quoque
501 2457 648 2496 quatuor
667 2449 790 2495 reliqui
808 2462 826 2485 e
845 2450 1011 2484 distracto
1048 2449 1202 2495 Collegio
1236 2450 1327 2484 inter
1352 2450 1508 2496 pericula
1527 2454 1667 2484 strenue
1687 2460 1751 2483 sua

139 2512 398 2557 exequebantur
430 2511 562 2552 officia;
596 2511 653 2557 qui
684 2511 746 2545 hos
765 2511 798 2545 in
836 2512 975 2546 civitate
1003 2511 1158 2546 curanda
1182 2511 1358 2557 juvarent,
1392 2512 1488 2546 missi
1519 2511 1608 2551 duo;
1632 2522 1750 2546 mense

1759 411 1821 437 1623

1765 974 1902 1002 Conversio

1764 1014 1908 1040 animorum

1766 1055 1792 1079 iu
1828 1053 1909 1079 schis-

1766 1094 1876 1120 maticis.

1830 1627 1859 1651 16

1770 1666 1865 1698 Rigen·

1770 1707 1838 1732 sium
1872 1706 1916 1732 So-

1770 1746 1865 1771 ciorum
1876 1753 1914 1770 re-

1770 1787 1900 1818 liquorum

1771 1832 1838 1850 curae
1880 1824 1906 1848 et

1775 1862 1914 1896 angustiae.

1777 2149 1906 2176 Mittaviae

1778 2189 1908 2215 Sociorum

1777 2229 1888 2255 labores.
