2184 2953
675 287 781 317 LIBER
803 286 960 317 DECIMUS
982 285 1193 325 (1650-1664).
1685 283 1743 316 385

132 381 260 416 ciscani
274 393 351 417 cum
366 392 427 417 suo
442 381 645 428 provinciali
658 381 822 428 praefecto
833 381 864 416 N
870 380 980 416 icolao
997 378 1178 418 Galeckio,
1193 377 1325 419 officiis,
1339 380 1443 424 atque
1458 378 1625 413 concione
1641 378 1746 413 etiam

129 443 279 486 funebri,
297 455 358 490 por
377 445 568 479 antistitem
584 444 813 480 Franciscani
838 443 989 490 collegii,
1011 446 1048 477 ut
1068 444 1203 482 vocant,
1238 440 1490 481 Guardianum,
1510 441 1552 476 de
1584 440 1746 475 laudibus

130 508 152 542 J
155 508 278 543 oannis
297 508 428 549 habita,
442 509 683 544 honestarunt.
699 507 885 543 Praecessit
902 507 994 541 hunc
1009 506 1050 540 ad
1065 504 1295 539 aeternitatcm
1311 514 1329 538 e
1348 502 1556 537 Rcsseliano
1574 502 1743 548 Collegio,

131 571 167 606 X
184 571 355 607 kalendas
374 572 469 613 maii,
491 583 583 607 anno
602 572 684 607 vitae
703 583 775 607 sure
799 569 1056 617 septuagesimo
1089 568 1199 615 primo
1229 568 1269 602 P.
1301 566 1498 602 Stanislaus
1517 565 1744 607 Kosinskius‚

131 632 255 668 nobilis
286 633 477 674 Masovita,
500 644 611 668 annos
629 633 676 667 36
695 632 936 668 missionarius
955 631 1100 671 aulicus,
1135 641 1290 665 novenos
1322 629 1453 664 Rector
1485 627 1744 673 Collegiorum;

131 695 347 737 Polocensis,
381 700 416 731 01
450 696 537 731 alias
571 695 820 742 Derpatensis;
853 695 906 729 vir
936 697 1077 740 propter
1116 692 1303 741 candorem
1331 691 1449 733 animi,
1480 690 1744 731 humanitatem,

132 757 354 805 prudentiam
382 758 606 804 singularem,
624 758 660 792 in
686 758 879 793 tractandis
898 756 1048 803 negotiis
1068 755 1270 796 navitatem,
1294 765 1429 788 morum
1460 753 1684 798 elegantiam,
1715 755 1749 787 et

131 821 340 868 probitatem
363 821 522 856 omnibus
553 832 667 861 carus,
691 821 725 854 in
755 821 875 867 primis
893 820 981 854 Divo
1009 818 1183 864 Josaphat
1201 816 1445 851 Polocensium
1460 815 1720 862 archiepiscopo
1739 827 1746 855 ;

133 884 230 930 cujus
249 883 355 919 vitam
379 883 483 919 etiam
498 883 694 919 accuratius
710 883 786 917 aliis
801 881 998 917 Stanislaus
1014 880 1223 926 descriptam
1239 878 1376 924 reliquit
1392 878 1440 924 (1).
1463 878 1516 912 Ex
1535 877 1746 924 pestilentia,

133 958 200 994 qua
214 946 466 982 intereuntibus
494 946 608 980 Vilnae
625 946 747 980 aderat.
764 944 980 983 mortalibus,
1003 943 1083 977 vitae
1104 953 1175 977 suae
1189 953 1262 988 prae
1282 940 1394 975 salute
1408 940 1556 975 alioruin
1576 944 1750 985 contemp-

134 1014 205 1050 tor,
226 1009 271 1044 ad
304 1008 407 1043 istam
427 1012 640 1043 senectutem
660 1007 848 1054 superavit.
884 1006 1014 1041 Plenus
1035 1004 1148 1040 [etatis
1167 1008 1201 1039 et
1228 1004 1269 1038 P.
1291 1003 1404 1038 Lucas
1431 1002 1616 1036 Zaluskius
1641 1014 1659 1037 0
1678 1001 1751 1035 Vil-

134 1071 238 1107 nensi
251 1071 486 1117 professorum
502 1071 603 1104 domo
620 1069 797 1115 migravit,
820 1080 911 1103 110110
928 1078 1033 1114 supra
1055 1066 1310 1112 sexagesimum
1330 1076 1434 1105 anno,
1461 1064 1504 1098 ab
1523 1064 1611 1098 inita
1635 1062 1752 1098 Socie-

134 1137 203 1169 tate
230 1133 333 1168 tertio
352 1136 386 1167 et
404 1131 694 1178 quinquagesimo
715 1131 751 1176 (Q)
770 1143 776 1165 ς
798 1131 852 1165 vir
869 1130 1068 1164 litteratura
1087 1127 1239 1173 eleganti
1258 1127 1424 1172 magister
1439 1125 1659 1172 eloqoentiae,
1678 1125 1753 1171 phi-

133 1194 315 1241 losophice,
332 1193 535 1239 theologiae,
559 1194 645 1228 bene
664 1193 791 1238 diuque
810 1193 845 1226 in
861 1192 988 1226 scholis
1007 1194 1189 1231 versatus3
1208 1189 1482 1236 quinquennium
1496 1187 1750 1228 missionarius,

138 1261 215 1292 octo
240 1260 273 1291 et
292 1257 432 1291 vicenos
452 1256 690 1295 concionator,
723 1266 854 1300 praeses
886 1265 996 1300 nuper
1022 1252 1181 1288 nascenti
1211 1251 1339 1286 Minsci
1372 1249 1527 1295 Collegio
1559 1249 1753 1295 impositus.

133 1319 256 1355 Elatus
279 1319 370 1354 XIII
395 1317 468 1352 kal.
503 1317 717 1363 septembres
738 1316 924 1362 religiosus
942 1327 1040 1361 {eque
1059 1314 1282 1360 eruditusque
1312 1314 1375 1347 vir.
1408 1312 1538 1347 Plociae
1560 1311 1756 1357 ‘Collegium

137 1384 251 1417 rector
285 1391 386 1415 suum
415 1379 676 1425 reliquit,'anno
696 1379 778 1412 vitre
803 1377 1104 1423 spiinquagesimo‚
1127 1376 1168 1410 ab
1187 1376 1350 1421 ingressu
1368 1375 1402 1409 111
1424 1374 1635 1409 Societatem
1652 1373 1754 1408 tertio

139 1455 243 1490 supra
256 1443 490 1488 trigesimum,
503 1442 589 1477 XVI
602 1440 774 1476 kalendas
789 1441 1008 1480 novembres,
1023 1440 1138 1474 Lucas
1154 1437 1386 1484 Paprockius,
1398 1437 1474 1471 loco
1489 1439 1592 1471 natus
1603 1435 1755 1481 equestri

139 1505 175 1540 in
198 1505 368 1545 Masovia,
390 1504 566 1539 territorio
586 1504 821 1550 Dobrynensi.
853 1502 1059 1547 Thcologiae
1079 1501 1121 1536 de
1139 1500 1295 1535 moribus
1314 1510 1456 1546 operam
1476 1499 1571 1533 dedit
1589 1498 1755 1544 magister

140 1567 357 1602 decennium.
381 1566 444 1600 Vir
462 1566 582 1600 multae
603 1565 822 1605 eruditionis,
850 1565 885 1599 in
905 1565 1007 1599 rebus
1032 1563 1181 1598 maxime
1205 1562 1341 1608 patriis.
1363 1562 1550 1596 Professus
1570 1565 1651 1595 vota
1671 1571 1753 1605 qua-

139 1633 230 1669 tuor,
252 1630 370 1675 quinto
395 1629 538 1676 insuper
553 1629 739 1663 obstrinxit
758 1639 795 1662 se
815 1628 888 1662 Deo
911 1639 918 1661 z
941 1631 978 1660 ut
991 1637 1034 1661 ne
1050 1625 1227 1660 minimam
1246 1624 1351 1659 etiam
1366 1623 1503 1669 culpam
1522 1622 1755 1657 voluntariam

140 1692 381 1727 committeret.
405 1691 529 1726 Multis
547 1691 746 1732 virtutibus,
778 1691 869 1725 inter
888 1690 963 1723 11ωο
992 1688 1160 1735 patientia
1179 1687 1328 1732 insignis
1349 1691 1382 1720 et
1408 1685 1632 1726 fortitudine3
1655 1696 1757 1730 quam

142 1766 204 1790 suo
223 1754 363 1800 quidam
378 1753 482 1794 malo,
500 1753 662 1788 homulus
677 1752 858 1791 audacior,
880 1752 978 1797 isque
994 1762 1104 1796 nuper
1122 1761 1140 1785 e
1159 1750 1331 1785 Societate
1351 1749 1494 1794 ejectus,
1513 1751 1675 1794 expertus
1690 1750 1753 1782 est.

142 1816 241 1852 Nihil
260 1816 326 1850 sibi
345 1816 532 1851 obnoxium
548 1817 690 1850 Patrem
716 1815 774 1849 ille
794 1814 1012 1849 contumeliis
1037 1812 1173 1859 operuit
1204 1811 1346 1846 nefariis
1366 1823 1372 1844 z
1395 1810 1478 1855 quin
1509 1809 1625 1850 etiam,
1647 1809 1758 1843 virum

144 1883 266 1914 nactus
287 1879 379 1913 0111111
399 1878 612 1925 superiorem
635 1878 775 1923 injuria,
807 1887 957 1923 suasque
975 1875 1180 1910 assultantis
1211 1874 1378 1908 serentem
1406 1872 1561 1907 modeste
1593 1872 1758 1917 intempe-

144 1942 231 1982 rias,
253 1953 323 1975 non
343 1944 394 1975 est
413 1940 543 1975 veritus
562 1940 594 1974 ei
613 1940 647 1973 in
679 1943 865 1984 conspectu
895 1938 1081 1972 multorum
1113 1937 1298 1983 colaphum
1329 1936 1534 1981 infringere.
1557 1935 1627 1970 Sed
1659 1946 1758 1969 suum

145 2004 269 2051 impius
289 2003 396 2038 multo
424 2002 522 2050 pejus
548 2002 641 2037 ultus
662 2006 713 2037 est
731 2001 866 2036 facinus
888 2013 895 2035 ι
917 2001 1011 2035 haud
1042 1999 1150 2035 multo
1170 2003 1248 2046 post
1267 2010 1329 2034 suo
1361 1999 1427 2033 sibi
1455 1998 1564 2033 cultro
1597 1997 1759 2032 exhausit

148 2067 252 2102 miser
270 2067 390 2102 vitam.

194 2129 336 2164 Arianae
356 2132 458 2163 sectae
476 2127 598 2173 pestis,
610 2127 686 2173 jam
709 2126 790 2161 olim
809 2126 996 2171 importata
1015 2123 1050 2158 in
1070 2124 1254 2158 Poloniam
1275 2123 1488 2170 vulgataque
1506 2123 1648 2169 passim,
1667 2133 1759 2156 anno

148 2191 286 2226 demum
307 2190 399 2239 2658
414 2201 476 2236 per
491 2189 626 2224 civilem
646 2188 868 2226 sententiam,
890 2187 1073 2221 Varsaviae
1092 2187 1127 2220 in
1148 2186 1296 2220 comitiis
1316 2185 1541 2232 generalibus
1558 2185 1679 2225 latam,
1701 2184 1758 2219 de-

147 2253 229 2299 pelli
261 2253 375 2299 coepit.
404 2252 444 2286 Id
476 2251 567 2298 quod
599 2252 726 2286 factum
756 2250 889 2296 pridem
923 2248 1088 2294 oportuit,
1124 2247 1332 2282 sustentavit
1363 2247 1476 2281 adhuc
1508 2245 1761 2292 prolatavitque

148 2313 284 2348 Polona
301 2325 398 2360 gens,
417 2313 613 2359 peregrinis
633 2313 867 2348 circumventa
885 2310 1078 2351 fraudibus,
1101 2321 1163 2355 per
1182 2311 1331 2356 speciem
1348 2309 1497 2344 maxime
1521 2308 1640 2343 civicae
1657 2307 1760 2341 liber-

147 2378 231 2413 tatis
249 2390 256 2412 :
275 2377 372 2424 quasi
386 2389 467 2412 vero
481 2377 558 2412 11000
572 2377 608 2411 111
622 2375 852 2422 religionibus
867 2374 971 2409 etiam
987 2384 1071 2419 quas
1087 2371 1152 2405 sibi
1171 2372 1315 2418 quisque
1329 2371 1482 2411 finxerit,
1500 2368 1644 2416 perinde
1660 2372 1762 2414 atquc

190 2451 317 2492 (1)]31111.
339 2452 411 2482 Viln.
427 2461 499 2482 anno
519 2454 650 2482 1665,-
663 2450 703 2490 (⁶2)
718 2452 795 2480 Alibi
809 2451 879 2479 hunc
896 2451 960 2488 lego
977 2452 1117 2496 mortuum
1134 2455 1207 2475 anno
1226 2447 1315 2482 1673,
1333 2447 1369 2475 ⁶20
1386 2446 1508 2485 augusti,
1525 2452 1598 2474 anno
1611 2445 1699 2474 aetatis
1716 2445 1763 2473 69.

149 2506 250 2537 Libros
266 2508 347 2543 hujus
365 2508 486 2537 auctor1s
501 2508 556 2537 vid.
575 2508 602 2535 in
618 2505 753 2542 catalogo
774 2506 953 2541 scriptorum.

1636 2550 1667 2576 49

1772 388 1834 414 1657

1827 497 1858 523 30

1772 537 1802 563 P.
1815 536 1909 562 Kosin-

1773 576 1814 602 ski
1828 576 1916 602 Resse·

1772 616 1812 642 lii.

1778 1015 1807 1040 P.
1818 1011 1923 1040 Zaluski

1778 1056 1871 1082 Vilnae.

1780 1471 1807 1497 P.
1819 1471 1913 1504 Papre-

1781 1509 1821 1535 cki
1854 1509 1911 1534 Plo-

1780 1550 1834 1574 Cim.

1781 1589 1850 1614 Laus
1862 1595 1924 1621 111-,10-

1781 1627 1864 1661 cipua.

1786 2106 1849 2132 1658

1841 2144 1871 2170 31

1785 2184 1875 2211 Ariani
1885 2182 1930 2217 eji-

1785 2224 1890 2249 ciuntur
1901 2230 1930 2248 ex

1785 2262 1900 2289 Potomia.
