2184 2953
252 397 312 423 1581

316 1025 339 1049 3.

252 1065 371 1092 Possevi-

252 1112 301 1129 nus
313 1103 400 1129 Ponti-

252 1142 307 1168 ficis
325 1141 358 1168 ad

253 1182 362 1208 Polonos

252 1221 356 1253 legatus

252 1260 317 1285 visit
329 1260 377 1286 Re-

252 1299 351 1332 ginani.

253 1381 403 1407 Difficultas

253 1420 394 1453 legationis

253 1457 281 1483 in
298 1457 384 1483 causis

254 1497 344 1530 Regis.

424 300 463 330 92
794 299 1066 329 LITUANICARUM
1092 298 1304 326 soelETATls
1325 298 1409 326 JESU
1434 298 1684 326 HISTORIARUM

472 392 576 437 Spem
594 392 759 437 optimam
777 390 984 426 revocandae
1002 401 1064 435 per
1091 400 1168 424 eam
1187 389 1405 424 occasionem
1425 389 1615 425 Moscoviae
1646 389 1691 424 ad
1710 389 1878 424 Ecclesiae
1897 401 2048 424 commu-

422 455 563 489 nionem
598 465 640 488 ea
672 453 802 499 legatio
836 453 954 499 injecit
988 451 1176 496 Gregorio.
1216 451 1286 485 Per
1316 451 1452 485 litteras
1481 451 1605 496 primo,
1640 462 1760 496 regem
1791 451 2049 485 ‘conciliaturus

422 516 582 557 Basilidi,
602 516 738 562 putavit
756 514 961 550 tentandum
979 512 1143 548 Pontifex
1160 525 1167 553 ;
1189 524 1227 547 re
1254 513 1304 547 ita
1321 525 1392 547 non
1416 512 1637 558 procedente,
1668 512 1859 546 Antonium
1888 512 2048 547 Possevi-

423 589 518 619 num,
536 590 555 613 e
573 577 750 612 Societate
771 577 1001 616 sacerdotem,
1020 576 1132 610 virum
1152 576 1187 610 in
1203 577 1326 622 paucis
1346 588 1472 611 navum
1488 579 1522 610 et
1540 576 1746 622 sapientem,
1771 575 1926 621 legatum
1946 575 2049 610 desti-

422 644 484 674 nat
501 640 548 674 ad
573 641 736 675 Polonos.
767 638 922 685 Septimo
941 637 1002 673 ille
1030 637 1203 672 kalendas
1223 638 1353 684 apriles
1378 638 1473 677 exiit,
1497 637 1700 683 Severigino
1731 636 1898 672 Basilidis
1916 636 2048 683 legato,

422 701 481 747 qui
499 701 613 737 adhuc
636 702 760 736 Romae
779 701 943 741 haeserat,
977 700 1178 734 comitante.
1206 699 1411 745 Praecipuus
1447 699 1559 734 honor
1581 700 1729 745 utrique,
1748 711 1954 745 quacunque
1985 700 2052 735 iter

421 763 589 803 facerent,
611 775 632 797 a
646 761 845 797 civitatibus
865 760 992 796 Italicis
1010 765 1064 795 est
1082 760 1236 801 habitus,
1255 761 1436 795 admonitu
1456 762 1605 796 maxime
1626 761 1806 796 Pontificis
1825 773 1831 795 z
1850 773 1917 807 quo
1936 762 2050 807 magis

419 824 542 871 legati,
564 829 599 860 et
623 836 685 871 per
704 836 781 858 eum
800 822 967 869 principis
990 822 1044 857 sui
1072 823 1105 857 in
1133 828 1297 870 suscepta
1329 823 1575 858 benevolentia
1604 835 1645 858 ac
1673 823 1741 859 fide
1756 823 2051 859 confirmarentur

422 887 542 927 animi,
560 886 746 932 aditusque
765 896 806 920 ea
820 884 1082 931 opportunitate
1096 886 1318 930 praeconibus
1337 886 1520 931 religionis
1539 885 1735 926 catholicae,
1762 898 1840 920 cum
1860 886 1894 919 in
1914 886 2051 921 Mosco-

423 949 515 983 viam
534 949 658 994 ipsam,
691 952 764 982 tum
783 958 846 993 per
860 958 937 981 eam
970 947 1004 980 in
1030 946 1194 992 regiones
1221 947 1411 987 Asiaticas,
1445 947 1482 980 in
1506 947 1631 992 quibus
1662 947 1824 982 videlicet
1850 947 1958 988 nulla,
1993 952 2054 983 aut

424 1015 518 1045 certe
538 1010 674 1045 modica
697 1009 756 1043 lux
789 1009 948 1044 veritatis
967 1008 1183 1053 evangelicae
1213 1009 1406 1049 affulserat,
1429 1009 1544 1043 aditus
1563 1009 1699 1044 facilior
1728 1009 1922 1056 patefieret.
1951 1011 2054 1046 Seve-

425 1072 540 1118 rigino
559 1072 735 1106 Lubecam
762 1071 883 1116 Praga
912 1069 957 1103 ad
988 1081 1082 1103 mare
1108 1069 1283 1104 Balticum
1318 1070 1528 1113 declinante,
1563 1084 1630 1118 quo
1661 1072 1738 1107 vela
1767 1072 1863 1107 ocius
1887 1073 1987 1108 daret
2018 1074 2053 1108 in

426 1135 589 1180 patriam,
608 1133 834 1173 possevinus,
857 1137 952 1166 recta
967 1130 1194 1172 contendens,
1215 1133 1368 1179 acceptis
1383 1136 1605 1184 aRudolpho
1622 1137 1761 1172 Caesare
1779 1137 1823 1171 ad
1843 1137 1893 1171 M.
1917 1138 2055 1173 Mosco-

428 1196 493 1230 viae
521 1195 644 1230 ducem
674 1195 814 1235 litteriS,
849 1194 1070 1235 Varsaviam,
1092 1195 1174 1230 inde
1204 1195 1342 1230 Annam
1375 1197 1534 1234 Poloniae
1562 1199 1718 1245 reginam
1746 1210 1789 1234 ex
1808 1199 1973 1234 mandato
2001 1200 2056 1235 sui

428 1258 609 1293 Pontificis
629 1258 672 1292 de
698 1257 802 1292 rebus
829 1255 978 1290 Sueticis
997 1255 1181 1297 allocutus,
1208 1256 1308 1292 lectis
1331 1269 1374 1293 ex
1392 1258 1537 1295 Austria
1556 1261 1679 1301 Sociis,
1703 1261 1841 1296 Joanne
1861 1261 2052 1307 Campano,

428 1321 551 1366 dequo
579 1319 741 1359 diximus,
772 1322 807 1353 et
825 1318 1005 1364 Stephano
1024 1318 1230 1359 Drenoccio‚
1265 1319 1517 1361 sacerdotibus,
1539 1332 1580 1355 ac
1610 1321 1744 1355 duobus
1769 1320 1881 1361 laicis,
1912 1320 2055 1356 Andrea

429 1383 628 1418 Modestino
648 1385 682 1417 et
692 1379 866 1416 Michaele
877 1379 1201 1420 MorienQVilnam
1217 1382 1261 1416 ad
1276 1382 1401 1417 XVIII
1417 1382 1557 1418 kalend.
1568 1383 1679 1429 julias
1689 1383 1873 1418 incolumis
1883 1383 2051 1428 pervenit.

479 1446 546 1480 Hic
566 1445 659 1480 Socii
683 1444 724 1479 de
739 1443 843 1478 rebus
863 1443 1061 1478 domesticis
1096 1443 1252 1490 legatum
1284 1446 1484 1481 Romanum
1520 1445 1646 1480 docent
1667 1460 1681 1474 a
1708 1457 1714 1479 :
1737 1444 1815 1491 cogi
1848 1445 2051 1486 exercitum,

433 1523 448 1537 α
476 1508 614 1554 impleri
632 1507 805 1553 legiones,
825 1505 941 1540 omnia
956 1506 1010 1539 sui
1028 1506 1124 1551 regis
1144 1508 1290 1542 consilia
1309 1513 1467 1555 spectare
1481 1507 1524 1542 ad
1537 1518 1636 1542 arma
1653 1507 1823 1542 adversus
1838 1507 2052 1548 Basilidem;

431 1586 446 1600 a
468 1581 581 1616 neque
601 1570 675 1615 ipso
690 1569 784 1603 luctu
799 1579 841 1602 ex
861 1567 956 1601 obitu
971 1567 1140 1603 carissimi
1169 1570 1234 1605 sibi
1253 1571 1375 1617 capitis
1394 1570 1513 1604 fratris
1533 1570 1587 1604 sui
1611 1569 1863 1615 Christophori.
1886 1569 2054 1616 Transyl-

430 1649 444 1664 κ
462 1633 575 1668 vaniae
595 1632 763 1673 Palatini,
790 1643 901 1677 nuper
920 1631 1104 1672 demortui,
1136 1644 1210 1666 rem
1238 1633 1303 1667 sibi
1319 1644 1395 1667 esse
1427 1632 1640 1679 impeditam.
1673 1632 1799 1677 Copias
1820 1632 1895 1678 jam
1911 1631 1999 1667 alias
2018 1632 2054 1667 in

429 1712 444 1726 α
466 1696 592 1731 Albam
611 1695 777 1730 Russiam
791 1697 1002 1733 contractas,
1025 1693 1113 1728 alias
1127 1694 1330 1741 propediem
1349 1694 1588 1741 profecturas3
1608 1694 1723 1728 vereri
1738 1705 1775 1728 se
1795 1696 1994 1739 propterea,
2014 1706 2055 1730 ea

428 1772 444 1786 α
464 1756 648 1792 Possevini
673 1758 751 1790 tamv
763 1754 913 1789 difficilis
930 1754 1062 1800 legatio
1082 1754 1234 1790 fructum
1270 1755 1423 1801 aliquem
1439 1761 1474 1790 ut
1502 1755 1590 1790 ferat
1609 1769 1615 1796 ;
1648 1755 1751 1801 idque
1770 1766 1833 1789 rex
1851 1755 1938 1800 ipse,
1960 1755 2053 1791 facta

426 1834 441 1848 e<
463 1818 632 1866 postridie
646 1818 763 1863 legato
783 1817 972 1858 audientia,
1006 1816 1226 1852 confirmavit
1249 1830 1254 1852 :
1276 1818 1507 1864 nequicquam
1524 1815 1730 1856 Basilidem,
1753 1815 1845 1861 quod
1867 1815 1941 1862 ipse
1961 1827 2051 1850 com-

429 1898 444 1910 a
466 1881 645 1920 meruerit,
675 1891 737 1926 per
763 1879 851 1914 alios
881 1890 902 1913 a
925 1890 962 1913 se
990 1878 1194 1924 deprecari;
1226 1879 1261 1914 id
1289 1880 1402 1925 ipsum
1432 1878 1572 1913 astutiae
1600 1889 1686 1919 sure,
1711 1878 1783 1924 jam
1817 1877 1898 1912 olim
1931 1877 2053 1912 vicinis

430 1959 445 1973 a
471 1942 633 1988 cognitae,
661 1945 694 1976 et
710 1940 844 1975 fraudis
867 1951 946 1975 esse
976 1940 1118 1986 plenum
1142 1953 1147 1974 :
1176 1941 1253 1975 istis
1281 1941 1414 1976 scilicet
1450 1939 1547 1974 tricis
1576 1944 1797 1974 cunctantem
1816 1939 1903 1979 dies,
1928 1939 2052 1984 quibus

430 2019 445 2033 α
458 2005 533 2051 jam
552 2003 656 2038 hodie
675 2003 718 2038 de
749 2014 884 2038 summa
902 2013 1018 2036 rerum
1036 2002 1129 2037 ferro
1149 2002 1327 2037 decretum
1359 2005 1463 2042 esset,
1494 2002 1680 2036 extrahere
1699 2014 1706 2042 ;
1729 2000 1818 2035 illud
1847 2013 1946 2035 suum
1969 2001 2049 2036 reli-

430 2082 445 2096 sa
468 2067 583 2113 gionis
598 2066 750 2100 studium
764 2065 856 2112 apud
877 2064 1082 2099 Pontificem
1101 2064 1203 2099 malis
1223 2064 1294 2097 suis
1309 2063 1442 2098 artibus
1461 2075 1538 2098 esse
1562 2063 1719 2098 obtentui
1743 2075 1750 2103 ;
1774 2062 1892 2097 omnia
1911 2062 2049 2096 interim

430 2145 445 2158 α
472 2130 542 2165 alia
568 2129 741 2164 meditari.
770 2128 986 2173 Inspicerent
1013 2138 1115 2172 porro
1153 2126 1397 2172 deprecatores
1420 2125 1598 2159 hominem
1631 2124 1773 2171 propius
1801 2136 1807 2157 2
1834 2123 2050 2158 aestimarent

432 2210 447 2223 a
470 2193 663 2228 Basilidem
682 2204 725 2228 ex
744 2204 806 2227 suo
825 2192 935 2238 ipsius
954 2190 1096 2236 ingenio
1124 2194 1158 2224 et
1177 2188 1330 2223 moribus
1354 2201 1360 2228 ;
1382 2199 1422 2221 ac
1441 2190 1513 2221 tum
1533 2187 1670 2221 demum
1701 2185 1746 2220 ad
1769 2184 2049 2220 benevolentiam

431 2272 446 2285 κ
465 2267 551 2302 erga
580 2255 756 2290 hominem
779 2254 1029 2289 consentirent.
1061 2253 1107 2287 Se
1149 2250 1286 2297 quidem
1322 2249 1449 2288 omnia,
1485 2247 1675 2294 quamlibet
1706 2247 1872 2287 difficilia,
1907 2258 1970 2292 pro
2006 2257 2048 2281 ea

431 2332 447 2346 a
465 2328 566 2363 quam
597 2316 816 2351 sanctissimo
841 2315 971 2350 Christi
998 2315 1032 2348 in
1064 2313 1167 2348 terris
1199 2311 1339 2346 Vicario
1364 2312 1505 2346 deberet
1541 2310 1773 2350 observantia,
1801 2321 1862 2344 seu
1885 2310 2047 2355 persequi

431 2397 446 2411 κ
462 2380 610 2428 jusserit
629 2391 689 2414 seu
718 2380 889 2419 omittere,
912 2383 1181 2425 p1·aestaturun1;
1209 2380 1327 2410 tamen
1358 2376 1507 2421 utrique,
1534 2387 1611 2410 cum
1631 2374 1829 2421 imperanti,
1848 2377 1920 2407 tum
1939 2373 2045 2419 impe-

430 2458 445 2471 «
468 2446 545 2477 rata
582 2440 777 2486 exequenti‚
805 2440 997 2474 cavendum
1026 2450 1104 2473 esse
1122 2437 1321 2483 diligenter,
1352 2449 1395 2472 ne
1414 2438 1494 2472 hinc
1521 2437 1618 2472 labes
1646 2437 1764 2483 aliqua
1787 2435 1967 2481 religionis
1988 2447 2040 2470 re-

429 2520 443 2533 -s
468 2504 586 2549 gniva,
598 2501 844 2536 ecclesiasticae
858 2502 1020 2547 potestati
1036 2501 1097 2538 sic,
1111 2500 1159 2533 uti
1170 2503 1223 2534 est.
1242 2498 1403 2539 Polonia,
1418 2499 1558 2537 addicti,
1571 2500 1804 2543 consequatur
1819 2509 1825 2530 :
1840 2508 1942 2543 quani
1952 2500 2044 2531 certe
