2184 2953
372 297 432 329 448
1054 294 1284 324 APPENDICESv

369 403 573 445 praesz'debit
594 413 726 445 :porro
745 402 919 435 Zabadias
950 402 1009 444 qui
1029 404 1079 434 est
1094 401 1170 434 duoe
1200 401 1237 433 iu
1263 401 1364 433 domo
1394 399 1500 439 Juda,
1521 408 1628 442 super
1645 408 1686 431 ea
1705 407 1811 440 opera
1826 398 1906 438 erit,
1923 408 2000 441 quae

372 460 419 492 ad
434 459 529 502 reyis
556 460 705 501 officium
718 459 913 500 pertinent.
937 456 1040 491 Unde
1071 455 1239 502 sequitur,
1271 455 1317 489 ad
1339 456 1434 502 regis
1465 456 1616 491 officium
1635 467 1707 491 non
1737 456 1911 501 pertinere
1930 456 1999 491 dis-

372 513 579 559 positionem
597 513 640 549 de
662 514 765 549 rebus
785 516 819 548 et
847 512 1006 559 personis
1042 511 1298 552 ecclesiasticis,
1335 512 1460 558 quippe
1492 511 1536 546 ad
1564 511 1628 546 Dei
1660 510 1790 546 cultum
1817 511 1948 546 directe
1966 515 2001 547 et

374 568 613 615 principaliter
634 569 816 604 institutis.
844 568 1016 607 Quocirca
1040 567 1070 602 si
1084 567 1120 601 in
1137 566 1216 612 lege
1244 567 1368 609 veteri,
1390 579 1493 613 quam
1513 566 1692 613 apostolus
1710 570 1812 601 vocat
1830 566 1922 613 (Gal.
1940 567 2000 614 IV)

374 637 554 660 servorum
583 625 711 672 legem,
746 636 863 660 rerum
895 627 930 659 et
972 633 1202 670 personarum
1232 622 1566 658 eccelesiasticarum
1598 621 1779 668 dispositio
1806 622 1851 656 ad
1874 620 1999 657 summi

374 681 566 717 sacerdotis
597 681 751 717 tribunal
773 681 967 727 spectabat,
1003 691 1074 713 non
1109 690 1188 713 vero
1220 678 1265 713 ad
1290 678 1446 724 regalem
1464 684 1498 714 et
1516 679 1694 725 politicam
1729 678 1998 720 auctoritatem;

373 737 482 772 multo
497 737 608 784 magis
623 737 659 772 id
677 748 777 772 novae
795 737 886 783 legis
905 736 1145 771 sacerdotibus
1166 736 1344 776 convenit,
1363 748 1453 782 quae,
1473 740 1563 772 teste
1587 735 1747 782 apostolo
1780 735 1857 770 loco
1876 736 1995 777 citato,

373 797 426 830 est
436 794 493 829 lex
501 795 692 830 liberorum
702 798 736 830 et
751 794 915 834 filiorum,
930 797 964 829 et
982 805 1072 839 quae,
1086 797 1124 827 ut
1135 793 1226 827 idem
1237 792 1416 839 apostolus
1427 791 1476 827 ait
1497 792 1563 838 (ep.
1578 792 1622 826 ad
1638 792 1810 827 Hebraeos
1823 791 1925 831 VIII,
1946 792 1994 836 6),

372 849 410 883 in
423 848 624 884 melioribus
642 848 929 895 promissionibus
948 852 1070 884 sancta
1089 852 1154 888 est,
1177 852 1280 894 atque
1299 849 1348 882 ita
1369 860 1432 883 sua
1451 847 1659 883 excellentia
1672 851 1826 881 veterem
1838 850 1994 893 superat,

373 904 462 939 sicut
480 916 606 951 corpus
622 908 656 940 et
670 904 786 950 imago
801 907 969 950 superant
986 905 1158 945 umbram,
1180 907 1218 938 ut
1233 904 1325 939 idem
1339 906 1519 949 comparat
1534 902 1589 949 (ad
1610 902 1794 943 Hebraeos,
1816 903 1864 943 X,
1886 902 1929 949 l).

423 961 533 996 Porro
560 961 596 995 in
614 959 827 995 contrarium
843 959 945 1006 objici
960 964 1091 1006 posset,
1112 960 1147 994 id
1163 960 1255 1006 quod
1270 972 1313 995 ex
1331 959 1511 1006 principiis
1529 958 1622 994 veris
1645 957 1854 1004 theologicis
1873 958 1999 993 asserit

375 1018 537 1052 Becanus
548 1016 595 1062 (in
613 1015 770 1050 Manuali
785 1018 998 1050 controvers.
1014 1016 1075 1050 lib.
1089 1015 1133 1056 V,
1152 1027 1180 1050 c.
1204 1016 1271 1059 17),
1287 1015 1449 1049 nimirum
1459 1026 1563 1061 posse
1581 1014 1771 1060 principem
1790 1014 1999 1049 catholicum

375 1084 445 1108 non
475 1071 587 1107 solum
611 1072 813 1118 permittere
842 1082 902 1106 seu
937 1071 1089 1106 tolerare
1115 1071 1150 1105 in
1186 1082 1248 1105 suo
1274 1074 1367 1105 statu
1403 1070 1599 1111 haereticos,
1626 1070 1687 1105 sed
1719 1070 1824 1104 etiam
1854 1070 1995 1116 pacisci,

375 1132 410 1163 et
440 1128 643 1174 promittere
675 1138 712 1162 se
753 1138 813 1161 eos
844 1126 1095 1172 permissurum
1128 1138 1190 1162 seu
1238 1126 1492 1167 toleraturum;
1526 1126 1615 1160 sicut
1646 1137 1731 1171 ergo
1773 1125 1856 1160 addi
1883 1129 2000 1172 potest

375 1183 576 1219 tolerationi
599 1182 797 1229 promissio,
814 1182 918 1217 immo
934 1187 968 1218 et
977 1184 1228 1229 juramentum,
1256 1182 1285 1217 si
1310 1186 1363 1218 est
1385 1181 1569 1229 promissio
1588 1181 1640 1217 rei
1653 1181 1771 1223 licitae,
1794 1181 1844 1216 ita
1862 1182 1999 1218 videtur

376 1250 479 1286 posse
507 1239 611 1274 etiam
628 1238 685 1274 Iex
703 1238 769 1273 hac
783 1238 826 1273 de
844 1249 881 1273 re
896 1238 991 1273 ferri.

436 1294 506 1330 Sed
524 1294 727 1341 responderi
746 1297 860 1340 potest
882 1307 888 1329 z
910 1294 1142 1340 promissione
1159 1293 1222 1328 tali
1239 1305 1309 1328 non
1329 1292 1436 1327 adimi
1452 1296 1658 1339 potestatem
1674 1291 1843 1338 puniendi
1859 1292 2000 1328 haereti-

378 1364 449 1392 cos,
468 1351 529 1386 sed
548 1355 681 1385 tantum
701 1349 863 1396 impediri
890 1353 1007 1385 actum
1038 1350 1230 1395 punitionis
1253 1362 1260 1390 ;
1291 1349 1371 1394 quia
1398 1349 1456 1394 qui
1484 1349 1654 1395 promittit
1681 1359 1718 1383 se
1748 1348 1900 1394 aliquem
1931 1360 2000 1383 non

377 1408 592 1455 puniturum,
610 1417 680 1440 non
700 1405 783 1440 dicit
803 1417 839 1441 se
859 1418 928 1440 non
948 1418 1050 1452 posse
1070 1419 1148 1442 eum
1171 1407 1309 1453 punire,
1331 1406 1393 1442 sed
1408 1410 1543 1441 tantum
1559 1406 1729 1452 promittit
1755 1417 1791 1441 se
1811 1417 1881 1440 non
1898 1404 1997 1452 puni-

374 1469 504 1499 turum.
535 1462 582 1497 At
596 1462 625 1497 si
642 1462 700 1497 lex
727 1462 807 1497 talis
822 1462 985 1504 ferretur,
1008 1476 1076 1498 non
1096 1467 1232 1498 tantum
1248 1464 1421 1498 adimeret
1439 1466 1553 1497 actum
1579 1462 1784 1508 punitionis,
1814 1461 1876 1497 sed
1889 1462 1997 1508 ipsam

374 1523 584 1567 potestatem
604 1522 638 1553 et
663 1518 907 1553 auctoritatem
925 1518 1104 1565 puniendi.
1133 1519 1210 1554 Hoc
1225 1523 1354 1559 autem,
1373 1522 1410 1553 ut
1424 1530 1530 1564 supra
1549 1518 1678 1552 dictum
1698 1522 1763 1560 est,
1794 1518 1999 1565 injuriosum

378 1579 470 1611 esset
488 1574 614 1609 divinis
633 1578 667 1609 et
684 1574 847 1608 humanis
873 1574 1025 1621 legibus,
1052 1586 1158 1621 supra
1177 1575 1469 1615 commemoratis,
1492 1586 1569 1620 quae
1589 1574 1674 1609 dant
1700 1578 1909 1620 potestatem
1938 1586 1999 1620 pu-

378 1631 496 1667 niendi
514 1631 699 1666 haercticos
719 1634 753 1665 et
772 1630 893 1665 volunt
914 1642 990 1666 eam
1009 1631 1163 1666 residere
1182 1632 1218 1666 in
1238 1631 1474 1666 ecclesiastico
1493 1634 1526 1666 et
1544 1630 1684 1677 politico
1704 1631 1921 1677 magistratu.

966 1798 1162 1826 QUAERITUR
1193 1798 1350 1823 SECUNDO
1374 1800 1380 1821 :

383 1898 440 1931 Au
459 1897 567 1940 possit
585 1896 802 1938 episcopatus
828 1894 1102 1935 Premislieusis,
1130 1895 1191 1938 qui
1208 1906 1400 1938 numquam
1418 1896 1486 1937 suit
1504 1896 1541 1928 in
1571 1896 1714 1936 Uuioue,
1732 1906 1795 1929 nec
1809 1896 1996 1938 episcopos,

436 1975 577 2014 eoecepio
604 1971 784 2010 moderno,
806 1971 922 2003 mzitos
954 1971 1098 2009 lzahuii;
1123 1981 1182 2010 au,
1200 1972 1358 2012 inquam,
1383 1974 1460 2012 post
1494 1975 1640 2004 mortem
1666 1972 1828 2006 moderni
1850 1971 2001 2014 episcopi

432 2049 523 2081 uniti
537 2048 650 2091 possit
668 2046 808 2079 restitui
820 2046 1063 2087 schismaticis,
1085 2046 1191 2079 salvis
1209 2047 1351 2079 cautelis
1365 2047 1568 2079 animarum
1583 2048 1598 2079 ?

433 2165 559 2211 Resp,
581 2175 650 2199 non
670 2174 783 2210 posse.
811 2163 844 2197 1ο
875 2162 913 2197 Si
938 2161 1037 2197 fieret
1064 2162 1140 2197 haec
1167 2162 1387 2208 episcopatus
1417 2162 1462 2197 ab
1485 2162 1591 2198 unitis
1614 2162 1743 2198 ablatio
1763 2162 1912 2209 (etiamsi
1936 2174 2005 2198 non

383 2224 501 2256 essent
523 2219 802 2254 inconvenientia
816 2218 886 2253 alia
901 2218 1077 2264 graviora,
1101 2218 1297 2264 praesertim
1317 2218 1514 2253 animarum
1534 2230 1626 2253 nunc
1649 2219 1755 2254 unitis
1785 2218 2004 2253 subditarum

384 2275 570 2323 pernicie&
592 2288 670 2321 quee
684 2278 901 2321 sequeretur,
925 2275 954 2309 si
974 2274 1276 2309 schismaticorum
1314 2274 1478 2320 regimini
1512 2274 1787 2321 subjicerentur),
1809 2274 2004 2310 alienaren-

383 2335 441 2366 tur
461 2331 505 2366 ab
524 2330 628 2364 unitis
647 2342 723 2364 cum
739 2331 776 2365 S.
798 2330 844 2365 R.
868 2330 910 2364 E.
928 2342 935 2364 ε
953 2330 1123 2377 imprimis
1138 2330 1315 2365 domicilia
1329 2342 1430 2366 sacra
1445 2334 1479 2366 et
1490 2331 1675 2372 catholica,
1694 2330 1743 2365 uti
1759 2334 1840 2365 sunt
1858 2330 2000 2377 templa,

383 2386 611 2426 monasteria,
632 2386 850 2421 xenodochia
885 2389 951 2421 etc.
973 2400 980 2428 ;
1019 2387 1145 2422 deinde
1184 2386 1424 2421 alienarentur
1459 2398 1560 2421 sacra
1595 2386 1752 2432 supellex
1787 2390 1821 2421 et
1851 2386 2005 2432 pretiosa

382 2442 545 2484 mobilia;
566 2442 708 2477 tandem
727 2442 966 2478 alienarentur
994 2443 1097 2478 etiam
1116 2444 1208 2478 bona
1237 2442 1377 2477 stabilia
1400 2447 1433 2478 et
1460 2442 1616 2478 redditus
1636 2443 1744 2477 annui
1768 2454 1810 2477 ex
1828 2441 1899 2476 illis
1926 2453 2004 2488 pro-

383 2501 583 2543 venientes,
612 2500 736 2547 quibus
771 2500 925 2547 episcopi
959 2501 1089 2547 aliique
1115 2500 1343 2537 ecclesiastici
1376 2511 1416 2535 ac
1443 2511 1562 2535 eorum
1593 2498 1713 2534 famuli
1744 2501 1999 2534 sustentantur.
