2184 2953
262 416 324 443 1620

324 1022 357 1048 46

267 1061 361 1094 Regio-

266 1102 384 1126 montum

268 1141 336 1168 Socii
356 1150 371 1167 a

266 1180 382 1214 principe

267 1220 397 1245 Borussiae

267 1267 404 1284 accersun-

268 1300 312 1323 tur
320 1305 350 1323 ex
357 1297 418 1324 Var-

268 1337 333 1363 mia.

280 2111 387 2138 Contro—

279 2150 366 2176 versia

280 2198 337 2216 cum
356 2190 407 2215 hae-

283 2229 371 2254 seticis
397 2228 428 2254 dc

282 2268 417 2301 Religionc

281 2315 349 2334 vera.

429 304 489 336 258
525 339 528 343 ⁴
829 300 1103 330 LITUANICARUM
1128 299 1341 329 SOCIETATIS
1363 300 1449 329 JESU
1473 300 1725 329 HISTORIARUM

433 411 547 441 suum,
580 398 682 444 quasi
712 397 798 431 illud
825 397 1004 432 heroicum
1027 401 1175 437 amaret,
1207 397 1340 442 totique
1371 395 1568 442 posteritati
1599 397 1736 441 putaret
1766 392 2053 428 commendabile.

433 462 603 497 Triduum
621 460 779 507 quaesitis
800 459 961 494 omnibus
989 458 1034 492 ad
1065 458 1213 493 salutem
1233 458 1299 492 viis
1323 461 1526 504 oppugnata
1553 468 1574 490 a
1601 455 1712 491 Sociis
1738 454 1900 490 scelerati
1918 453 2058 488 insania

433 524 595 571 pertinax
621 522 749 557 rationi
776 521 925 567 denique
953 521 1136 555 concessit.
1166 521 1326 555 Tandem
1352 519 1542 566 aliquando
1574 518 1729 553 criminis
1758 521 1948 556 auctorem,
1984 516 2057 550 sive

434 585 672 631 impulsorem,
695 595 764 617 non
779 583 853 629 jam
873 582 983 628 (quod
1001 582 1119 617 animo
1146 582 1383 628 persuadebat
1408 575 1469 616 suo
1497 592 1515 616 e
1535 581 1694 615 doctrina
1722 578 1859 614 Calvini
1886 578 1929 613 de
1955 588 2062 612 causa

433 651 657 694 peccatorum
687 644 839 690 efficace)
866 644 1071 685 Deuin‚'sed
1101 644 1229 679 malum
1261 644 1403 678 omnino
1432 643 1625 677 daemonem
1653 652 1820 686 suamque
1839 650 1983 686 pravam
2002 650 2061 673 vo-

433 709 600 744 luntatem
629 718 706 742 esse
725 706 910 745 intellexit,
929 706 1033 751 idque
1053 706 1173 741 sanior
1191 705 1406 747 affirmabat3
1424 717 1461 740 se
1480 708 1668 751 propterea
1689 703 1764 749 ipse
1783 701 2058 741 condemnabat;

438 771 609 817 probabat
636 771 826 808 decretum,
861 769 1044 815 leniusque
1075 758 1212 804 dicebat
1239 780 1315 803 esse
1347 779 1409 802 suo
1441 767 1566 802 merito
1599 765 1819 812 supplicium.
1837 764 1979 798 Violata
2004 774 2066 809 per

437 833 581 873 caedem,
608 832 795 876 clausaque
821 830 1009 866 interdicto
1040 830 1235 877 Collegiata
1265 830 1425 869 ecclesia,
1450 834 1612 864 ornatum
1638 828 1848 862 festinanter
1870 826 2067 873 proximum

437 894 622 930 Societatis
656 892 837 939 templum,
876 898 1105 939 apertumque
1150 893 1284 927 monitu
1326 892 1438 937 regio,
1469 891 1632 936 deinceps
1667 889 1824 935 exemplo
1867 888 1962 934 regis
1999 887 2065 921 fre-

438 956 600 1002 quentari
631 955 735 1001 coepit
763 955 809 1000 (1).

491 1019 727 1053 prutenorum
744 1017 816 1051 sive
832 1016 1069 1050 Borussorum
1088 1015 1261 1060 princeps,
1285 1014 1593 1059 Brandeburgicus
1608 1013 1750 1054 elector,
1768 1023 1935 1058 magnam
1955 1012 2068 1047 Sociis

442 1081 571 1115 nostris
593 1079 859 1114 Variniensibus
889 1077 1079 1111 voluntatis
1109 1088 1181 1111 suaa
1206 1076 1473 1111 admirationem
1502 1076 1621 1116 movit,
1643 1075 1845 1121 pariterque
1865 1086 1960 1121 spem
1988 1074 2070 1110 fecit

442 1141 652 1188 recipiendae
679 1141 713 1174 in
739 1140 930 1180 prussiam,
954 1140 1026 1185 jam
1052 1139 1110 1173 diu
1143 1138 1267 1177 exulis,
1302 1138 1484 1183 religionis
1517 1137 1699 1172 catholicae
1722 1149 1728 1171 :
1752 1148 1845 1177 nam,
1872 1148 1959 1182 quos
1986 1141 2070 1172 ante

443 1204 500 1238 vix
532 1203 603 1249 pati
622 1206 760 1248 poterat
786 1201 1009 1236 considentes
1038 1200 1073 1235 in
1095 1200 1210 1235 vicina
1235 1212 1309 1234 suae
1333 1200 1522 1246 provinciae
1541 1199 1698 1239 Varinia‚
1725 1198 1783 1232 ille
1802 1199 1958 1233 Jesuitas
1982 1199 2070 1233 invi-

444 1265 530 1300 tavit
548 1265 690 1299 tandem
717 1264 1005 1309 Regiomontum,
1036 1262 1150 1297 inissis
1178 1262 1281 1296 etiam
1309 1262 1468 1296 curribus
1497 1261 1568 1296 suis
1593 1260 1872 1306 Brunsbergam.
1896 1260 2072 1295 Advectos

444 1327 578 1372 accepit
605 1326 755 1371 benigne
787 1330 892 1371 atque
924 1323 1130 1360 honorifice.
1154 1324 1262 1369 Atqui
1289 1324 1358 1358 alio
1383 1323 1560 1370 spectabat
1591 1334 1632 1357 ea
1655 1322 1822 1368 principis
1851 1322 2069 1363 humanitas;

444 1389 489 1424 ad
510 1389 742 1435 profitendam
763 1389 894 1424 scilicet
913 1389 1130 1423 voluntatem
1145 1398 1243 1421 suani
1266 1386 1385 1432 legato
1408 1385 1634 1425 Polonorum,
1657 1385 1840 1430 languenti
1859 1384 1954 1430 apud
1975 1396 2013 1420 se
2032 1397 2074 1420 ex

444 1463 538 1486 casu.
563 1451 807 1497 Spectaculum
827 1451 863 1485 in
881 1449 1135 1495 theriotrophio
1162 1450 1381 1484 venatoriuin
1418 1449 1536 1494 legato
1574 1449 1679 1483 dabat
1711 1449 1898 1482 Borussus.
1923 1448 2074 1494 Figebat

446 1518 479 1548 et
492 1514 566 1559 ipse
581 1514 673 1548 seras
692 1513 809 1548 alacer
833 1525 839 1547 2
862 1513 952 1547 inter
971 1523 1032 1546 eas
1052 1512 1158 1546 alcein
1175 1512 1325 1546 mediam
1345 1512 1394 1546 sic
1417 1511 1547 1557 trajicit
1571 1515 1608 1545 ut
1628 1510 1751 1545 eadem
1771 1510 1901 1556 glande
1918 1510 2070 1556 legatus,

445 1588 487 1610 ex
511 1576 661 1610 adversa
683 1579 845 1621 spectans
865 1586 982 1615 scena,
1006 1574 1220 1608 vulneretur.
1254 1574 1346 1608 Casu
1373 1573 1511 1608 tametsi
1538 1574 1679 1607 mininie
1706 1573 1917 1614 voluntario,
1939 1577 2074 1608 conter-

444 1638 531 1673 ritus
550 1638 725 1684 princeps,
749 1649 766 1671 e
785 1637 935 1682 vestigio
955 1636 1000 1670 ad
1020 1637 1188 1677 saucium,
1211 1636 1349 1671 venian]
1365 1640 1439 1670 orat
1458 1649 1464 1670 :
1487 1635 1621 1670 solatur
1644 1648 1650 1670 z
1672 1636 1899 1681 languentem
1928 1635 2016 1681 apud
2037 1646 2075 1670 se

446 1704 543 1735 curat
572 1700 772 1746 diligenter.
808 1700 903 1734 Inter
928 1699 1004 1733 haec
1032 1703 1149 1733 monet
1177 1703 1348 1739 amanter,
1372 1698 1401 1732 si
1428 1698 1508 1743 quid
1536 1709 1556 1732 a
1584 1709 1621 1732 se
1646 1698 1852 1743 postularet,
1882 1697 2015 1744 prolixe
2038 1708 2075 1732 se

448 1762 632 1796 facturum.
656 1761 711 1796 Ad
734 1761 811 1795 haec
830 1772 928 1806 {eger
950 1773 956 1794 :
979 1765 1159 1806 pergrata,
1179 1760 1303 1805 inquit,
1329 1760 1397 1794 ista
1420 1760 1517 1800 1111111,
1539 1760 1714 1806 princeps,
1738 1771 1824 1805 erga
1839 1771 1893 1794 me
1912 1759 2074 1794 voluntas

448 1827 526 1864 tua;
549 1823 594 1857 ad
609 1822 785 1857 cumulum
809 1834 913 1868 porro
929 1827 1067 1856 tuorum
1084 1823 1118 1856 in
1138 1834 1192 1857 me
1212 1822 1459 1857 beneficiorum
1479 1821 1626 1867 perutile
1640 1821 1724 1856 mihi
1744 1833 1869 1856 munus
1888 1820 2072 1866 adjeceris,

451 1885 478 1919 si
500 1885 641 1931 oppido,
660 1896 865 1930 quocunque
889 1884 961 1925 illo,
984 1884 1141 1930 proximo
1169 1885 1399 1924 sacerdotem,
1417 1895 1564 1929 eumque
1583 1884 1603 1918 J
1608 1883 1769 1922 esuitam,
1793 1883 1837 1917 ad
1855 1882 2076 1917 tractandum

450 1959 566 1982 secum
591 1947 714 1981 salutis
736 1958 823 1981 meae
842 1947 1023 1992 negotium
1037 1946 1187 1992 jusseris
1209 1947 1352 1981 accersi.
1376 1945 1473 1981 Nihil
1494 1957 1614 1980 morae.
1633 1946 1709 1980 Duo
1734 1957 1753 1980 e
1773 1945 1921 1991 collegio
1943 1945 2076 1980 Bruns·

450 2009 615 2054 bergensi
645 2009 770 2043 Patres
800 2007 966 2043 adducti:
993 2009 1179 2054 benignius
1209 2021 1269 2055 spe
1294 2020 1358 2044 sua
1381 2020 1402 2042 a
1429 2009 1585 2054 principe
1613 2009 1746 2054 accepti
1770 2020 1811 2043 ac
1840 2008 1966 2043 deinde
1997 2012 2078 2043 sunt

451 2071 576 2106 habiti.
604 2071 803 2106 Secundum
831 2082 933 2105 curas
960 2082 1057 2115 aegro
1086 2071 1275 2117 impensas,
1306 2071 1500 2116 vigilabant
1528 2071 1651 2105 intenti
1678 2071 1713 2105 in
1740 2071 1959 2106 occasionem
1989 2070 2078 2105 lucri

453 2133 615 2167 salutaris
636 2133 671 2167 in
691 2133 773 2166 aula
792 2133 959 2178 principis
988 2133 1155 2168 haeretica
1173 2133 1342 2174 faciendi;
1365 2144 1444 2168 ecce
1459 2145 1542 2167 vero
1566 2133 1657 2168 hanc
1676 2134 1750 2180 ipse
1768 2134 1928 2179 princeps
1952 2132 2075 2173 offert;

455 2195 585 2229 coactis
606 2195 641 2228 in
664 2194 833 2240 palatium
862 2194 1157 2240 Regiomontanae
1186 2207 1258 2229 suae
1286 2195 1476 2229 academiae
1495 2195 1616 2241 primis
1643 2195 1832 2241 magistris,
1862 2193 2079 2240 praemonitis

454 2256 523 2291 illis
544 2262 647 2301 atque
667 2257 710 2290 ad
726 2261 903 2291 certamen
918 2257 1108 2291 instructis.
1130 2257 1317 2291 Provocati
1337 2257 1646 2302 Brunsbergenses
1666 2257 1834 2291 adversus
1850 2256 2078 2302 praesidentes

455 2319 540 2353 istos
569 2318 707 2364 pugiles
731 2318 948 2352 descendunt
977 2318 1112 2353 alacres
1148 2319 1184 2352 in
1211 2330 1366 2353 arenam.
1403 2319 1558 2363 ObJ'ectae
1588 2319 1853 2354 lutheranorum
1879 2317 2075 2352 sententiae.

456 2380 680 2425 Disceptatur
707 2379 742 2413 in
769 2384 957 2425 conspectu
982 2380 1149 2426 principis
1174 2384 1208 2415 et
1234 2379 1430 2426 frequentia
1453 2392 1635 2425 procerum
1667 2380 1872 2415 aulicorum.
1903 2379 2079 2424 Repetitae

455 2453 517 2488 per
545 2453 604 2476 eos
629 2441 704 2475 dies
732 2442 917 2487 aliquoties
944 2443 1206 2483 controversiae,
1229 2442 1291 2477 sed
1308 2442 1421 2477 fructu
1451 2442 1567 2483 nullo;
1589 2443 1774 2483 haereticis,
1797 2441 1888 2488 quod
1916 2441 2000 2488 ipsis
2019 2452 2072 2476 so-

498 2510 537 2546 (1)
560 2510 700 2540 Varsaviae
722 2514 847 2546 apertum
869 2513 1001 2547 templum
1024 2512 1124 2539 (lomus
1147 2514 1264 2539 nostrae.
