2184 2953
241 393 304 420 1572

234 645 263 671 P.
289 644 379 672 Zdela-

233 684 336 710 ritzius.

233 722 325 749 Vid.de
334 723 381 750 hoc

235 762 378 789 Professore

231 801 265 827 ad
299 801 376 828 disci-

231 842 305 875 pulos
323 843 377 876 epi-

229 882 322 909 stolam
344 885 374 910 P.

229 922 375 951 Sunneriin

229 963 372 996 appendice

227 1000 306 1034 hujus
342 1003 373 1030 li-

226 1040 274 1068 bri.

220 1323 336 1397 Augfssti
353 1367 365 1393 Ι

221 1401 299 1435 Regis
311 1404 366 1431 obi-

221 1443 271 1468 tus.

417 296 457 327 46
795 300 1068 329 LITUANICARUM
1093 301 1305 329 SOCIETATIS
1327 301 1412 330 JESU
1435 302 1686 331 HISTORIARUM

412 387 564 433 hospitio
589 388 787 431 afferretur,
821 402 893 425 rem
924 391 1188 436 transigendam
1214 391 1421 426 festinanter
1456 392 1607 432 conficit,
1629 392 1816 438 prudentia
1843 393 2029 438 singulari,

410 448 600 494 Sociosque
623 461 751 493 secum,
769 452 822 486 sui
836 452 1015 487 Vilnensis
1030 452 1179 499 Collegii
1196 456 1289 488 tecta
1303 456 1554 498 respectantes,
1573 453 1671 488 tricis
1686 454 1760 500 ejus
1779 454 2032 500 hospitalitatis

407 510 559 556 expedit.
577 511 724 547 Viennae
742 512 777 546 in
798 513 992 559 Collegium
1012 514 1222 549 novitiorum
1250 514 1434 549 Societatis
1449 519 1624 560 acceptus,
1643 514 1767 550 deinde
1786 515 1901 550 Vilnae
1920 516 2031 562 philo-

408 573 542 619 sophiae
560 574 741 620 ingressus
760 576 886 622 spatia,
904 576 950 610 ad
972 581 1209 623 praeparatam
1229 577 1295 611 sibi
1313 588 1335 611 a
1361 577 1435 611 Deo
1461 577 1657 613 laureolam
1680 579 1894 624 properavit.
1926 579 2029 613 Hunc

408 639 505 670 sexto
526 635 605 671 idus
627 637 770 683 apriles,
792 638 999 684 discipulum
1023 650 1123 673 suum
1150 639 1330 685 magister,
1353 639 1395 674 P.
1415 639 1569 674 Thomas
1589 640 1817 682 Zdelaricius,
1839 652 1932 675 anno
1946 640 2028 676 vitae

407 697 688 744 quadragesimo,
712 699 747 733 in
768 700 943 736 Societate
970 705 1094 736 octavo
1118 713 1224 747 supra
1252 701 1425 736 decimum
1446 702 1601 736 nondum
1628 706 1764 744 exacto,
1787 706 1994 737 consecutus
2018 717 2023 736 :

404 758 553 795 honesta
569 762 701 806 pariter
718 761 855 797 ablatus
874 768 998 804 morte,
1010 763 1047 797 in
1064 763 1133 798 illis
1148 763 1228 798 Divi
1247 763 1417 808 Stephani
1435 763 1551 798 verbis
1571 776 1577 797 :
1601 764 1747 799 Domine
1766 764 1787 799 J
1791 776 1866 806 esu,
1889 765 2026 810 suscipe

405 821 564 867 spiritum
582 834 709 858 meum.
732 824 796 858 Vir
814 825 967 859 omnium
986 825 1255 867 existimatione,
1287 826 1425 871 qualem
1452 831 1566 861 rector
1585 826 1732 873 Collegii
1750 828 1916 862 describit
1934 828 2025 863 Var-

403 884 607 926 szevickius,
629 885 757 931 pietate
776 887 982 932 praecellens
1010 901 1015 922 :
1036 888 1186 934 exempli
1211 888 1459 934 probatissimi,
1482 888 1690 923 obedientiae
1708 889 1813 930 filius,
1831 889 2024 924 consolatio

401 949 435 980 et
453 946 590 992 requies
608 948 811 993 praesidum.
832 949 931 984 Adeo
949 950 1110 996 expedito
1129 950 1175 984 ad
1193 950 1455 996 obsequendum
1474 954 1550 985 erat
1567 950 1696 986 animo.
1722 951 1845 986 Multis
1868 963 1931 997 pro
1951 963 2022 986 me-

400 1007 466 1041 rito
490 1007 651 1043 laudibus
674 1010 866 1045 ornabatur
884 1012 927 1046 ab
946 1012 1119 1051 omnibus,
1143 1023 1205 1047 seu
1231 1012 1359 1047 latinas
1385 1011 1445 1046 ille
1465 1023 1527 1047 seu
1546 1023 1682 1058 graecas
1702 1012 1837 1048 litteras
1858 1024 1919 1048 seu
1946 1012 2021 1058 phi-

398 1068 605 1115 losophiam,
626 1082 729 1116 quam
749 1072 853 1106 etiam
874 1073 910 1107 111
936 1073 1080 1108 Austria
1101 1074 1304 1113 tradiderat,
1326 1073 1548 1119 profiteretur
1571 1086 1577 1108 :
1600 1073 1672 1108 sive
1696 1073 1827 1120 linguis
1854 1066 2020 1109 301111001-Δ

396 1131 551 1166 nandum
577 1137 670 1168 esset
696 1134 854 1179 gentium
883 1134 1041 1175 aliarum,
1071 1135 1183 1170 sciens
1210 1136 1398 1170 multarum
1425 1148 1431 1170 z
1462 1147 1605 1181 graecae,
1626 1135 1760 1177 latinae,
1790 1136 2016 1182 germanicae,

396 1194 614 1240 hungaricae,
645 1196 814 1242 polonicae
842 1201 876 1232 et
901 1210 980 1244 quae
1008 1198 1086 1239 sibi,
1117 1202 1200 1233 nato
1227 1199 1263 1233 in
1290 1198 1431 1233 dioecesi
1461 1198 1645 1244 Zagrabiae
1678 1198 1834 1233 Dravum
1866 1199 1958 1234 inter
1984 1203 2019 1235 et

396 1258 539 1300 Savum,
557 1264 633 1295 erat
650 1261 779 1306 patria,
801 1260 1024 1296 solavonicae.

402 1331 403 1334 ¹
443 1321 529 1356 Cum
548 1322 640 1358 Socii
658 1334 721 1358 sua
739 1322 856 1358 Vilnae
874 1323 965 1358 inter
983 1335 1020 1359 se
1038 1327 1247 1370 percensent
1264 1324 1401 1364 damna,
1424 1322 1609 1358 Poloniam
1634 1322 1775 1357 interim
1797 1322 1901 1369 gravi
1919 1323 2016 1358 luctu

391 1383 499 1420 afficit
517 1385 716 1421 universam
734 1397 828 1421 mors
848 1386 1064 1432 Sigismundi
1080 1386 1234 1432 Augusti
1260 1385 1385 1431 Regis,
1407 1383 1509 1418 nonis
1535 1382 1739 1429 quintilibus
1766 1384 1800 1431 (1)
1827 1385 2010 1432 Knyszini,

390 1446 426 1480 in
444 1446 570 1493 oppido
587 1447 815 1493 Podlacffiae,
837 1460 928 1483 anno
946 1449 1061 1483 aetatis
1080 1444 1232 1484 secundo
1252 1459 1358 1494 supra
1376 1447 1719 1493 quinquagesimum,
1737 1448 1840 1493 regni
1858 1449 1903 1483 ab
1918 1449 2013 1484 obitu

388 1508 544 1554 parentis
563 1509 616 1543 sui
635 1509 850 1555 Sigismundi
870 1510 899 1550 I,
921 1510 1089 1555 vigesimo
1117 1515 1240 1558 quarto
1264 1508 1457 1549 demortui;
1479 1508 1523 1542 ab
1541 1508 1616 1554 ipso
1636 1512 1781 1554 parente
1804 1521 1915 1555 regno
1942 1511 2011 1545 im-

390 1571 524 1615 positus
559 1576 634 1606 erat
652 1572 886 1606 -consiliorum
905 1572 1080 1619 particeps
1102 1579 1136 1609 et
1153 1573 1306 1608 muneris
1326 1582 1415 1606 anno
1439 1570 1550 1611 1539,
1577 1571 1738 1615 regnavit
1762 1571 1879 1617 itaque
1898 1584 2010 1608 annos

387 1635 445 1671 33.
468 1636 653 1671 Extinctus
677 1637 776 1671 nonis
799 1637 880 1682 julii
905 1642 955 1682 12),
983 1637 1071 1672 feria
1100 1635 1265 1675 secunda,
1291 1632 1519 1668 sacramentis
1547 1632 1707 1666 omnibus
1739 1632 1807 1667 ritu
1835 1632 2008 1667 catholico

385 1698 628 1743 praemunitus.
659 1699 828 1744 Princeps
856 1699 925 1740 hic,
954 1703 991 1733 ut
1027 1697 1149 1732 laudat
1186 1695 1303 1741 regius
1337 1694 1417 1728 olim
1451 1693 1598 1734 aulicus,
1633 1694 1747 1728 Lucas
1780 1694 2004 1735 Gornickius,

384 1761 553 1806 praeditus
572 1765 648 1796 erat
678 1762 862 1796 virtutibus
888 1761 1095 1808 praecipuis;
1127 1771 1273 1806 quarum
1295 1756 1468 1804 praeclara
1490 1755 1639 1801 posteris
1664 1755 1803 1801 reliquit
1830 1756 2003 1803 exempla,

382 1823 507 1868 quibus
526 1823 718 1859 dominatui
741 1836 818 1864 suo,
843 1825 879 1858 in
896 1824 1016 1859 liberis
1032 1823 1181 1858 maxime
1208 1820 1418 1872 civitatibus,
1432 1818 1525 1852 docti
1543 1818 1768 1853 moderentur
1786 1820 1836 1865 (3).
1858 1819 1911 1853 Ea
1929 1823 2005 1854 erat

380 1885 577 1927 clementia,
600 1890 639 1920 ut
663 1887 763 1932 regia
790 1897 853 1920 sua
875 1886 1030 1928 decreta,
1052 1886 1166 1932 capite
1185 1883 1290 1919 etiam
1310 1882 1477 1924 damnati,
1508 1882 1717 1928 probarent,
1747 1894 1858 1928 neque
1877 1883 2001 1917 civium

380 1947 471 1982 ullus
490 1953 594 1987 esset,
616 1947 674 1993 qui
692 1959 756 1993 pro
777 1947 890 1996 salute
917 1947 1084 1993 principis
1112 1946 1238 1981 offerre
1264 1955 1300 1979 se
1327 1944 1505 1990 quibusvis
1534 1944 1697 1989 periculis
1721 1944 1910 1986 dubitaret,
1931 1951 1998 1980 etc.

378 2009 447 2044 Sed
465 2009 632 2044 facilitate
658 2010 754 2055 regis
789 2010 888 2044 abusi
916 2014 997 2044 sunt
1021 2010 1066 2043 ad
1095 2019 1192 2043 suam
1215 2006 1394 2041 libidinem
1421 2010 1455 2040 et
1477 2006 1592 2051 gentis
1615 2006 1803 2051 perniciem
1826 2007 1995 2041 haeretici.

376 2071 626 2106 Dissimulante
652 2072 841 2106 clementer
867 2072 933 2106 hoc
958 2071 1128 2117 principe,
1151 2077 1323 2116 quatenus
1342 2067 1537 2113 profuderit
1556 2078 1592 2102 se
1611 2068 1812 2102 mortalium
1836 2068 1996 2114 petulan-

376 2132 437 2173 tia,
459 2138 588 2178 praeter
614 2133 703 2167 alios
721 2137 842 2168 narrat
869 2133 1140 2178 Christophorus
1164 2129 1428 2168 Hartknochus,
1458 2129 1783 2164 Passenheimensis
1805 2130 1854 2176 (4),
1884 2130 1996 2164 Toru-

376 2195 548 2229 nieusium
568 2200 699 2240 pastor,
721 2196 824 2229 homo
849 2207 867 2230 e
889 2195 1007 2230 schola
1026 2193 1253 2229 Luteranica.

417 2281 463 2321 (Ἰ)
487 2283 564 2318 Apud
587 2283 722 2311 Joaiinem
742 2283 864 2310 Leonem
893 2284 917 2310 in
938 2283 1061 2311 Historia
1089 2281 1207 2309 l'russia·
1235 2283 1359 2308 mortuus
1382 2279 1507 2306 kalendis
1530 2278 1610 2312 junii.
1636 2294 1674 2298 —
1697 2277 1744 2317 (⁶2)
1768 2279 1798 2308 V.
1814 2279 1894 2307 Luem
1914 2278 1991 2308 Gor-

375 2337 456 2364 niclxii
484 2337 581 2372 Dzz‘eje
606 2346 629 2364 w
655 2337 776 2364 Korouic
803 2337 944 2376 Polslzioy,
976 2344 1040 2374 pag.
1070 2337 1136 2364 195.
1165 2351 1204 2355 —
1228 2333 1270 2372 (3)
1297 2333 1334 2361 De
1363 2333 1432 2360 libro
1464 2332 1572 2369 Magios)
1595 2332 1754 2368 ’Ἑν-1111101111,
1778 2337 1841 2368 post
1873 2339 1990 2362 mortem

373 2391 489 2425 Augusti
516 2392 541 2418 in
570 2391 771 2418 bibliothecam
801 2390 917 2428 Collegii
943 2390 1083 2418 Vilnensis
1110 2390 1256 2421 transl-nto,
1286 2388 1340 2414 viil.
1375 2387 1446 2422 apud
1474 2386 1504 2414 P.
1530 2387 1826 2415 Ai1;1111.ix'a1·amovski
1857 2389 1906 2416 lib.
1928 2388 1990 2415 Fa-

372 2448 421 2472 cies
455 2453 545 2472 rerum
571 2445 799 2477 Sarmaticarum,
818 2452 881 2481 pag.
898 2445 944 2473 52.
970 2460 1004 2464 —
1030 2442 1076 2482 (4)
1100 2442 1258 2477 Christopli.
1285 2440 1492 2468 llastknocliius
1509 2440 1557 2468 lib.
1576 2448 1595 2474 1,
1616 2448 1641 2468 0.
1659 2441 1686 2473 2,
1712 2449 1776 2476 pag.
1792 2442 1820 2474 9,
1846 2442 1880 2468 (10
1895 2441 1986 2477 Repu.

372 2499 439 2526 blica
454 2498 596 2526 Polonz'ca.
