2184 2953
648 311 755 339 Llssssn
779 310 965 339 sncuunus
994 309 1208 349 (1571-1580).
1707 310 1746 340 49

136 398 230 438 olim,
252 398 501 444 Vitembergae,
524 399 657 434 famoso
677 400 737 435 illo
756 401 952 434 litterarum
980 404 1013 434 et
1031 400 1175 434 haeresis
1195 411 1268 434 suae
1288 400 1469 445 magistro,
1492 400 1653 446 Philippo
1672 401 1748 434 Me-

135 460 321 495 Ianchtone
336 461 389 494 usi
409 465 538 495 essent.
558 461 592 495 Is
607 461 735 503 Vilnae,
754 473 846 496 anno
866 461 1015 510 instituti
1036 461 1183 506 Collegii
1203 461 1327 506 primo,
1346 461 1548 495 Varsevicio
1577 466 1610 496 ot
1632 462 1750 496 Balta-

136 534 215 557 sare
234 523 428 556 Hostovino
455 523 501 556 ad
520 535 557 557 se
587 524 755 565 invitatis,
787 524 820 558 in
849 535 1051 558 consessum
1070 535 1252 568 procerum
1268 527 1302 557 et
1321 523 1501 557 doctorum
1520 523 1663 569 aliquot,
1679 535 1751 558 ser·

135 595 273 618 monem
300 584 342 618 de
360 585 532 630 religione
559 585 708 627 sincera,
731 586 878 620 maxime
898 585 941 619 de
972 585 1200 619 Sacramento
1224 584 1346 618 altaris
1366 589 1399 618 et
1431 585 1589 619 Ecclesia
1608 586 1751 631 ejusque

135 646 248 691 capite
267 646 407 687 visibili,
430 647 605 682 excitavit.
629 648 789 693 Quinque
820 647 1038 681 continenter
1058 647 1163 680 horas
1183 646 1226 680 de
1256 646 1360 680 rebus
1388 645 1575 691 propositis
1595 646 1748 692 disputa-

134 711 218 747 tum,
238 706 484 742 Chodkiovicio
504 707 629 743 deinde
642 720 715 743 rem
735 708 983 742 catholicorum
998 707 1169 753 probante
1182 707 1309 752 magis,
1328 707 1609 753 audientiamque
1625 708 1752 743 nostris

134 768 308 813 theologis
343 768 531 814 benignius
566 770 728 804 faciente.
764 770 935 815 Dogmata
974 768 1156 814 religionis
1192 768 1375 802 catholicae
1414 768 1539 802 nostri
1569 770 1751 803 sententiis

135 833 335 865 sanctorum
362 831 507 865 Patrum
538 844 544 865 :
569 832 706 872 Irenaei,
746 831 923 878 Cypriani,
952 830 1154 876 Augustini,
1186 830 1439 877 Chrysostomi,
1469 842 1615 876 quorum
1642 831 1751 866 libros

135 903 271 938 quoque
289 892 409 926 afferri
436 893 710 939 sibijusserant‚
732 893 999 927 confirmabant.
1031 893 1234 926 Perattento
1266 892 1326 926 ille
1356 892 1473 925 animo
1492 892 1648 937 miraque
1674 904 1750 927 cum

133 953 312 988 alacritate
327 954 474 995 auditos,
491 955 589 988 libris
606 955 751 989 Patrum
770 954 863 1000 apud
890 966 927 989 se
948 954 1105 993 retentis,
1133 954 1255 988 Socios
1270 954 1401 987 dimisit
1418 954 1623 988 honorifice.
1650 954 1751 988 Post-

132 1016 219 1050 ridie
236 1016 359 1050 iisdem
387 1020 587 1051 nostrorum
614 1017 845 1062 argumentis,
868 1028 946 1062 quae
973 1016 1141 1050 memoria
1172 1016 1315 1050 tenebat
1342 1016 1444 1055 bene,
1475 1016 1524 1050 sic
1553 1017 1750 1051 Luteranos

133 1078 424 1123 Calvinianosque
443 1078 621 1112 ministros
636 1078 784 1123 agitavit
799 1078 1004 1124 disputator,
1024 1082 1060 1112 ut
1076 1078 1251 1118 ruborem,
1271 1077 1457 1112 maledicta
1476 1078 1510 1111 in
1529 1078 1698 1118 Jesuitas,
1718 1082 1751 1112 et

130 1151 238 1186 prope
251 1140 425 1187 lacrymas
440 1140 577 1175 miseris
593 1140 764 1174 elicuerit.
782 1141 933 1174 Tantum
949 1140 1088 1186 quidem
1108 1151 1149 1175 ea
1167 1152 1244 1174 cum
1258 1140 1434 1175 haereticis
1450 1140 1654 1175 velitatione
1672 1152 1750 1186 pro-

132 1202 271 1243 fectum,
289 1206 327 1236 ut
340 1201 422 1236 inde
436 1202 612 1247 princeps,
629 1202 745 1236 missis
760 1202 956 1247 spretisque
972 1202 1138 1235 ministris
1154 1206 1340 1243 sectarum,
1360 1214 1436 1236 cum
1457 1202 1585 1236 nostris
1603 1202 1751 1236 familia-

133 1264 205 1298 rius
221 1263 385 1309 agitaret‚
416 1274 605 1308 eorumque
624 1264 767 1308 scripta,
785 1263 875 1297 inter
891 1275 932 1298 ea
947 1264 1043 1298 Petri
1064 1263 1193 1298 Canisii
1213 1264 1474 1303 catechismum,
1493 1268 1527 1298 et
1541 1262 1750 1310 Hieronymi

133 1326 319 1360 Torrensis
351 1324 612 1359 Confessionem
639 1325 935 1371 Augustinianam
961 1326 1135 1360 lectitaret
1154 1325 1354 1371 diligenter.
1377 1326 1434 1361 Sic
1452 1326 1608 1367 affectus,
1627 1325 1749 1360 eodem

134 1399 226 1422 anno
245 1388 428 1421 Varsaviae
446 1387 601 1422 consiliis
620 1388 726 1422 animi
745 1388 798 1421 sui
821 1399 897 1421 cum
926 1388 967 1421 P.
990 1387 1018 1421 F
1023 1388 1179 1422 rancisco
1199 1388 1335 1428 Toleto,
1362 1392 1435 1422 tum
1455 1388 1746 1428 Poenitentiariae,

133 1453 171 1484 ut
188 1453 327 1490 vocant,
345 1449 512 1494 praetorii,
535 1452 569 1483 et
589 1449 708 1484 Sacrae
730 1449 967 1494 Inquisitionis
1005 1449 1213 1490 consiliario,
1239 1450 1425 1484 Pontificio
1457 1450 1631 1495 Gregorio
1659 1450 1748 1484 XIII

135 1511 181 1546 ad
199 1511 352 1546 Polonos
372 1511 520 1556 Legato‚
538 1522 630 1545 anno
654 1514 732 1556 post
759 1511 850 1545 1593
873 1511 905 1544 in
928 1511 1119 1556 Collegium
1136 1511 1374 1546 Cardinalium
1397 1515 1572 1558 cooptato,
1598 1524 1751 1546 commu-

136 1573 394 1613 nicatis‚coram
413 1573 592 1608 cardinale
607 1573 865 1608 Commendono
889 1573 1096 1619 religionem
1115 1574 1322 1608 catholicam
1346 1574 1524 1620 professus
1548 1578 1620 1615 est;
1647 1578 1751 1620 atque

138 1636 212 1682 ejus
236 1635 464 1682 professionis
485 1635 637 1681 diploma
657 1646 678 1669 a
702 1646 739 1669 se
758 1635 992 1680 conscriptum
1018 1635 1126 1669 voluit
1149 1636 1253 1670 etiam
1276 1636 1448 1682 publicari
1473 1650 1479 1671 :
1507 1636 1654 1671 daturus
1678 1648 1750 1670 om-

138 1698 238 1733 nibus
258 1698 514 1736 documentum,
536 1697 619 1743 quid
638 1698 711 1743 ipse
735 1697 777 1731 de
805 1697 907 1731 sectis
939 1697 1064 1731 alienis
1086 1697 1211 1732 deinde
1225 1698 1412 1740 judicarim
1448 1710 1491 1732 ex
1515 1710 1555 1733 eo
1583 1698 1639 1733 die
1672 1698 1752 1733 reli-

137 1760 252 1805 gionis
275 1759 456 1794 catholicae
480 1763 722 1805 propugnator
749 1759 949 1793 acerrimus.
972 1759 1128 1804 Roganti
1152 1759 1341 1804 aliquando
1373 1760 1515 1805 praesidi
1531 1760 1753 1794 Vilnensium

137 1822 306 1867 palatino,
339 1822 583 1856 haereticorum
613 1824 762 1867 patrono
795 1821 955 1866 principi,
982 1820 1064 1865 quid
1083 1826 1175 1855 esset
1195 1832 1298 1866 quam
1317 1821 1361 1856 ob
1382 1833 1455 1856 rem
1479 1833 1500 1856 a
1523 1822 1754 1857 sectatoribus

138 1883 273 1923 Luteri,
298 1884 396 1930 cujus
418 1887 452 1917 et
484 1884 557 1929 ipse
578 1882 739 1917 laudaret
762 1894 885 1927 nuper,
912 1886 945 1916 et
966 1886 1016 1915 tot
1038 1882 1098 1915 alii
1122 1882 1226 1916 hodie
1252 1883 1442 1928 probarent
1465 1883 1636 1923 instituta,
1664 1884 1753 1918 defe-

137 1945 242 1980 cisset
263 1957 269 1979 :
291 1960 306 1974 α
330 1945 411 1991 quin
431 1945 513 1984 imo,
536 1945 656 1991 inquit,
682 1944 830 1989 resipui;
853 1944 893 1977 ab
909 1955 950 1978 ea
965 1944 1056 1978 enim
1085 1944 1226 1984 recessi,
1249 1944 1283 1978 in
1299 1956 1415 1989 quam,
1442 1956 1519 1979 cum
1543 1945 1756 1981 salutaribus

139 2010 297 2044 initiarer
315 2010 424 2055 aquis,
449 2009 605 2043 dixeram
628 2012 898 2043 sacramentum.
913 2025 927 2038 ,υ
945 2008 1095 2041 Tantum
1120 2008 1249 2053 profuit
1273 2008 1398 2043 Carolo
1418 2020 1460 2043 ea
1483 2009 1703 2043 familiaritas
1724 2013 1758 2043 et

140 2071 329 2118 disputatio
352 2070 556 2106 Varsevicii.
584 2070 651 2104 Hic
674 2070 812 2116 qualem
836 2081 873 2103 se
898 2072 1083 2114 praestaret
1110 2069 1186 2104 aliis
1205 2070 1323 2110 etiam,
1344 2074 1474 2116 praeter
1494 2070 1584 2105 alios
1608 2074 1757 2105 testatus

143 2136 194 2168 est
228 2132 424 2168 Stanislaus
455 2132 771 2171 Rozdrazevskius‚
792 2142 904 2176 nuper
938 2130 998 2165 ille
1021 2142 1042 2164 a
1072 2131 1311 2176 gubernaculo
1344 2132 1581 2166 Pultoviensis
1605 2132 1753 2177 Collegii

140 2194 281 2229 Vilnam
304 2194 496 2235 traductus,
527 2195 583 2229 his
602 2195 752 2229 Romam
775 2192 976 2239 perscriptis
998 2205 1004 2226 :
1029 2192 1147 2227 audivi
1171 2193 1313 2227 Patrem
1345 2193 1587 2229 Varsevicium
1618 2195 1755 2229 concio-

142 2260 290 2297 nantem,
315 2260 349 2291 et
372 2257 613 2291 exhortantem
632 2256 771 2295 fratres,
798 2258 832 2289 et
850 2266 926 2288 cum
946 2254 1160 2299 principibus
1175 2255 1390 2295 actitantem,
1416 2255 1511 2290 Deus
1526 2256 1633 2290 bone!
1653 2268 1755 2301 quam

141 2318 278 2353 beatam
301 2322 382 2363 puto
411 2317 631 2359 Societatem,
650 2317 705 2352 cui
732 2319 867 2351 tantum
898 2316 1007 2349 virum
1030 2316 1065 2349 in
1088 2315 1143 2350 his
1166 2316 1324 2361 partibus
1350 2316 1459 2351 dedit!
1491 2329 1592 2362 quam
1617 2317 1755 2352 beatam

142 2379 337 2421 Poloniam‚
367 2392 444 2426 quae
468 2391 559 2414 nunc
575 2382 618 2414 'eo
645 2379 772 2413 fruitur
800 2378 890 2412 viro!
914 2378 1008 2411 Deus
1032 2377 1077 2411 sit
1099 2377 1302 2413 benedictus
1327 2383 1360 2413 et
1374 2379 1586 2414 Beatissima
1610 2380 1749 2414 Maria!

142 2442 240 2477 Petri
262 2454 397 2488 quoque
417 2442 553 2487 Skarga
584 2441 693 2475 virtus
716 2441 848 2486 majora
872 2440 906 2473 in
931 2439 1004 2473 dies
1031 2440 1190 2485 capiebat
1216 2440 1329 2475 laudis
1352 2442 1583 2482 incrementa3
1617 2446 1655 2476 ut
1677 2452 1754 2486 pro-

141 2507 258 2549 pterea
281 2504 395 2538 carior
417 2503 719 2548 venerabiliorque
743 2502 846 2536 etiam
871 2505 975 2546 atque
990 2501 1094 2535 etiam
1112 2501 1213 2536 fieret
1235 2503 1461 2548 principibus.
1487 2504 1525 2538 In
1556 2503 1650 2537 luctu
1679 2506 1754 2537 erat

1611 2563 1624 2587 7

1779 407 1843 432 1572

1778 448 1821 472 tus
1832 445 1866 471 ad
1875 444 1926 471 Ec-

1778 484 1892 510 clesiam.

1835 1333 1875 1359 J5.

1779 1373 1923 1399 Toletusad

1779 1410 1889 1436 Polonos

1782 1449 1908 1482 Legatus.

1843 2218 1880 2242 16.

1784 2255 1927 2282 Varscvicii

1783 2296 1850 2322 laus.

1843 2461 1850 2484 l
1858 2461 1870 2484 T

1784 2500 1812 2525 P.
1832 2499 1931 2530 Skarga
