2184 2953
252 429 316 455 1640
325 433 327 435 ’

253 469 318 496 Vide
324 468 400 503 plura

252 510 279 536 in
288 508 400 535 historia

253 547 374 575 Lubienii

253 590 286 617 ad
299 590 388 615 finem.

319 727 352 753 39

252 767 282 793 Ρ.
296 766 399 793 Sarbie-

254 807 291 833 vii
302 806 353 833 elo-

254 846 338 880 gium.

254 1033 401 1061 Nobilitas.

253 1147 352 1174 Tiroci-

253 1186 336 1213 nium.

253 1425 387 1453 Doctrina.

253 1725 340 1751 Romae

253 1773 311 1791 cum
320 1764 399 1792 laude

253 1806 382 1831 versatur.

253 2154 360 2188 Scripta

259 2196 383 2222 auctoris.

427 327 487 359 328
818 330 1092 359 LITUANICARUM
1118 329 1330 358 SOClETATlS
1350 328 1435 357 JESU
1460 329 1709 358 HISTORIARUM

430 435 446 450 a
468 432 579 467 genus
602 422 782 456 hominum
814 422 912 457 facile
944 422 1060 457 furore
1092 423 1304 468 corripitur;
1339 426 1373 457 et
1404 422 1520 463 audet,
1558 423 1650 468 quod
1677 422 1759 456 olim
1777 427 1974 469 gygantes:
1996 424 2054 459 vel

430 497 445 511 α
468 483 582 529 ipsum
596 484 716 529 jovem
747 496 880 519 summo
909 485 1097 519 deturbare
1125 484 1227 519 coelo.
1249 483 1368 519 Meum
1382 488 1417 519 te
1436 484 1530 525 dixi;
1552 495 1633 519 nam
1657 483 1714 518 hic
1728 488 1833 519 natus
1852 496 1902 526 es,
1923 485 1981 520 ubi
1999 497 2055 521 me

429 558 445 573 κ
468 545 562 579 Deus
594 545 709 590 posuit
740 557 884 591 pascere
915 557 1059 591 gregem
1091 557 1191 580 suum
1231 563 1246 577 n
1285 545 1332 591 (in
1359 545 1502 580 dioecesi
1541 545 1673 580 scilicet
1700 545 1876 587 Plocensi,
1903 546 1979 581 loco
2010 546 2055 581 ad

428 606 600 640 Narviam
634 611 669 642 et
705 607 866 653 Bngum;
905 619 990 652 quos
1034 608 1090 642 hic
1127 612 1231 654 poeta
1269 607 1394 642 fluvios
1424 619 1487 653 pro
1522 607 1714 648 natalibus,
1748 608 1872 654 patriis
1907 608 2053 650 scilicet,

428 669 586 703 amnibus
618 668 773 703 carmine
810 669 990 713 celebrat).

479 745 494 759 α
514 731 600 766 Haec
614 731 690 777 ipsa
702 731 858 766 Societas
874 732 1000 778 (pergit
1015 731 1173 775 antistes)
1188 731 1242 765 cui
1257 742 1383 766 nomen
1398 731 1621 773 dedisti,mea
1636 735 1701 766 est.
1716 732 1808 767 Nam
1823 736 1903 768 voto
1917 733 2056 768 institu-

430 806 446 821 ec
464 797 568 838 toque
585 805 660 832 suo,
672 793 838 838 obsequio
857 794 1054 839 eorum‚qui
1070 794 1147 839 plus
1164 794 1198 827 in
1214 798 1305 828 coetu
1320 793 1475 828 fidelium
1490 805 1593 840 posse
1607 794 1864 834 existimantur,
1875 806 1912 830 se
1928 794 2055 829 obstri-

428 869 443 884 α
462 859 553 889 ctam
568 867 644 890 esse
658 856 852 901 profitetur.
862 857 935 890 „Ita
948 856 1192 891 benevolentia
1203 856 1406 901 conjunctos
1420 867 1463 890 ne
1474 867 1567 891 mors
1578 856 1717 901 quidem
1730 857 2055 902 separavit.Carum

427 927 528 951 suum
546 917 683 952 visurus
701 918 893 953 antistitem
916 918 1072 953 Mathias
1088 919 1171 952 anni
1191 918 1347 964 ejusdem
1369 918 1418 952 IV
1437 929 1547 952 nonas
1566 918 1695 964 apriles
1713 930 1829 953 musas
1856 930 1938 954 suas
1957 931 2054 954 mor-

427 979 514 1014 tales
540 980 658 1014 valere
681 980 791 1025 jussit
822 981 1018 1015 Varsaviae.
1055 981 1161 1015 Ortus
1193 980 1385 1026 perillustri
1419 991 1564 1025 genere,
1601 981 1700 1026 isque
1724 992 1910 1027 germanus
1946 982 2055 1017 frater

428 1041 664 1076 Masoviensis
684 1042 831 1088 palatini
853 1042 1032 1077 stanislai.
1054 1043 1134 1076 Jam
1154 1053 1254 1088 puer,
1276 1053 1424 1088 perosus
1438 1043 1597 1088 profana,
1620 1054 1712 1077 anno
1732 1043 1886 1078 aetatulae
1907 1044 2054 1090 septimo

430 1103 562 1138 decimo
591 1105 757 1139 Societati
773 1117 810 1140 se
849 1105 975 1140 obtulit
1011 1105 1125 1145 161&
1152 1116 1218 1150 quo
1247 1115 1284 1139 se
1315 1104 1419 1150 paulo
1449 1108 1551 1144 ante,
1584 1105 1797 1139 venerabilis
1826 1105 1889 1140 Dei
1920 1116 2054 1146 servus,

429 1166 589 1201 Andreas
609 1167 757 1207 Bobola,
792 1167 901 1201 nobili
920 1168 1052 1213 pariter
1082 1170 1185 1202 natus
1216 1167 1361 1208 familia,
1386 1167 1474 1202 1611
1509 1167 1725 1209 contulerat3
1756 1168 1874 1214 itaque
1901 1168 2058 1204 Mathias

429 1228 597 1263 carissimi
625 1229 728 1275 hujus
761 1229 853 1264 Socii
872 1229 1038 1275 religioso
1071 1229 1231 1263 convictu
1261 1240 1391 1263 annum
1418 1233 1529 1264 totum
1560 1230 1685 1264 fruitus
1717 1233 1781 1264 est.
1806 1230 1946 1268 Quanto
1966 1234 2059 1266 esset

427 1290 580 1335 ingenio,
602 1292 678 1337 jam
699 1291 904 1326 adolescens
937 1292 1097 1338 probavit
1116 1292 1315 1338 insigniter.
1334 1291 1390 1326 Ad
1412 1303 1532 1326 omnes
1564 1297 1658 1326 artes
1681 1292 1845 1327 liberales
1877 1304 1898 1327 a
1929 1297 2058 1328 natura

427 1353 677 1393 conformatus,
699 1353 814 1388 studio
841 1354 984 1400 perfecit
1003 1354 1108 1395 sacili,
1130 1359 1168 1389 ut
1180 1355 1322 1400 juvenis
1341 1354 1529 1389 admodum
1553 1355 1687 1395 multis,
1718 1360 1801 1390 natu
1829 1355 1934 1390 etiam
1950 1367 2056 1401 gran-

427 1415 596 1456 dioribus,
630 1415 830 1451 litterarum
850 1416 1016 1452 studiosis
1032 1417 1188 1463 pariter,
1211 1416 1382 1451 doctrinae
1404 1416 1568 1451 laudibus
1588 1416 1823 1452 antecelleret.
1855 1417 1977 1452 Poesis
1991 1428 2056 1452 sua

426 1492 497 1515 non
516 1479 610 1514 domi
628 1483 765 1514 tantum
783 1480 905 1514 habuit
931 1491 1123 1526 praecones,
1155 1480 1216 1514 sed
1235 1480 1339 1514 etiam
1368 1479 1403 1513 in
1424 1478 1539 1518 Italia,
1569 1483 1674 1525 atque
1693 1480 1781 1514 adeo
1797 1480 1833 1514 in
1851 1480 1927 1525 ipsa
1941 1480 2028 1515 urbe
2045 1493 2052 1521 ;

427 1554 507 1588 quo,
525 1542 569 1576 ad
589 1541 843 1576 conficiendum
863 1542 1035 1588 reliquum
1054 1542 1246 1588 theologici
1265 1541 1371 1576 studii
1390 1540 1603 1576 curriculum
1618 1542 1746 1576 missus
1767 1541 1829 1576 fuit
1847 1553 1940 1576 anno
1963 1542 2056 1578 1622

428 1616 507 1639 cum
525 1603 648 1638 Sociis:
660 1603 800 1639 Joanne
817 1604 1045 1645 Gruzevskio,
1063 1604 1207 1638 Andrea
1226 1603 1298 1643 illo,
1319 1603 1413 1648 apud
1433 1603 1599 1638 Sinenses
1617 1608 1767 1645 mortuo,
1791 1605 1993 1638 Rudomina
2006 1604 2051 1651 (1),

428 1665 581 1701 Osvaldo
593 1665 778 1711 Kriger‚et
792 1666 939 1700 Nicolao
951 1666 1104 1707 Zavisza,
1128 1665 1362 1700 scholasticis.
1384 1664 1435 1699 Ibi
1448 1665 1498 1699 sic
1518 1665 1697 1711 ingenium
1710 1665 1807 1700 Italis
1818 1670 1852 1700 et
1862 1665 2055 1700 doctrinam

421 1728 562 1775 juvenis
581 1739 677 1762 suam
691 1728 956 1773 approbavit,ut
970 1728 1044 1774 ipse
1060 1728 1173 1768 etiam,
1196 1727 1295 1761 divus
1314 1726 1373 1761 ille
1388 1739 1562 1762 musarum
1582 1728 1742 1768 antistes,
1766 1728 1932 1763 Urbanus
1946 1728 2049 1768 VIII,

433 1790 607 1824 adamarit
625 1794 763 1836 poetam
794 1796 964 1831 nostrum,
985 1790 1151 1835 lauroque
1179 1789 1371 1824 ornaverit.
1392 1789 1578 1824 Certarunt
1597 1789 1631 1823 in
1659 1790 1809 1824 amando
1829 1790 2054 1836 ornandoque

430 1853 567 1888 Mathia
578 1852 1002 1898 principes.litteratorum
1021 1852 1253 1887 aestimatores
1269 1865 1275 1892 ;
1299 1855 1379 1886 ante
1394 1851 1481 1886 alios
1504 1863 1511 1886 :
1539 1851 1749 1885 Franciscus
1767 1852 1954 1886 cardinalis
1968 1852 2055 1886 Bar-

430 1916 585 1955 berinus,
606 1914 735 1949 Paulus
769 1915 933 1955 Ursinus,
968 1915 1145 1949 Jordanus
1174 1915 1358 1949 Bracciani
1391 1914 1474 1954 dux,
1493 1925 1553 1948 rex
1584 1914 1798 1948 Polonorum
1817 1914 2050 1956 Vlasdislaus,

427 1978 584 2012 <Ioannes
608 1977 845 2024 Tyszkievicz,
867 1982 901 2012 et
919 1977 1085 2012 Albertus
1105 1977 1325 2018 Raclivillus;
1347 1976 1560 2011 castellanus
1580 1976 1648 2017 hic,
1670 1976 1847 2022 palatinus
1861 1976 1933 2017 ille,
1964 1977 2051 2012 Tro-

428 2041 542 2074 0611515
558 2052 565 2080 ;
584 2044 621 2074 111
635 2052 713 2074 011111
737 2041 829 2081 aliis,
856 2040 1076 2075 Baltasarem
1110 2040 1297 2079 Moretum,
1322 2038 1532 2073 Michaelem
1550 2037 1629 2071 Von
1661 2038 1723 2072 der
1742 2038 1886 2078 Ketten,
1910 2038 2050 2085 Sylves-

426 2106 517 2136 trum
533 2103 774 2143 Petrasancta,
787 2103 916 2137 amicos
931 2101 1102 2137 Sarbievii
1113 2101 1397 2146 laudatoresque,
1412 2100 1506 2134 viros
1523 2099 1601 2133 illos
1620 2099 1857 2141 doctissimos,
1876 2101 2044 2136 omittam.

477 2164 613 2198 Praeter
627 2164 751 2210 lyrica,
765 2165 838 2210 jam
854 2164 960 2198 tantis
979 2164 1156 2199 celebrata
1170 2163 1346 2202 laudibus,
1362 2161 1538 2196 laudanda
1557 2162 1845 2207 pariter,poetica
1859 2162 1956 2197 vario
1975 2173 2050 2197 car-

426 2225 556 2259 minum
575 2237 717 2271 genere,
740 2226 1189 2266 oratoria,concionatoria,
1203 2224 1457 2271 philosophica,
1475 2224 1686 2270 theologica,
1701 2224 1858 2269 quaedam
1882 2224 1917 2258 in
1936 2224 2048 2260 lucem

426 2287 554 2327 emisit,
575 2289 736 2333 quaedam
750 2288 954 2327 emittenda,
975 2292 1087 2322 morte
1102 2292 1300 2333 occupatus,
1323 2286 1491 2320 destituit.
1512 2286 1646 2320 Horum
1670 2286 1785 2332 capita
1800 2298 1956 2332 operum⁷
1978 2287 2048 2322 col-

426 2350 517 2385 lecta
526 2353 604 2395 post
619 2350 853 2395 Lipsiensium
869 2362 970 2385 curas
987 2350 1096 2396 plura,
1110 2349 1308 2395 percensuit
1326 2359 1436 2393 nuper
1455 2348 1672 2383 academicus
1688 2348 1941 2389 noster,Vilnae
1961 2349 2046 2383 artis

426 2413 571 2460 poeticae
590 2413 758 2458 magister
776 2414 824 2457 (e).
848 2413 933 2447 Cum
952 2412 1067 2447 Vilnae
1094 2411 1307 2457 theologiam
1325 2410 1493 2451 traderet,
1517 2415 1616 2445 nocte
1642 2412 1792 2457 quadam
1807 2411 2047 2446 lucubrantem

467 2487 511 2527 (1)
529 2489 567 2516 De
588 2489 642 2516 hoe
657 2489 719 2516 vide
737 2496 764 2517 n.
784 2489 832 2515 44.

471 2544 508 2581 (2)
520 2543 579 2572 Lib.
593 2542 627 2570 R.
645 2542 676 2570 P.
692 2542 777 2570 Math.
802 2541 903 2570 Casim.
924 2543 1057 2570 Sarbievii
1074 2546 1201 2578 poemata
1216 2550 1249 2570 cx
1265 2541 1384 2571 vetustis
1402 2551 1468 2572 mss.
1487 2547 1555 2573 etc..
1571 2544 1702 2577 collecta,
1716 2551 1788 2572 anno
1810 2544 1898 2572 1757.
