2184 2953
206 372 269 399 1663

202 2357 324 2423 Turbssidae

201 2445 241 2464 res
248 2438 347 2472 patriae.

377 276 436 307 398
745 280 1021 312 LITUANICARUM
1044 284 1255 313 SOCIETATIS
1275 284 1360 314 JESU
1384 281 1634 313 HISTORIARUM

377 368 450 415 ipse
480 373 553 404 tum
579 373 833 418 aegrotantibus
859 387 989 422 magna
1016 388 1093 411 cum
1116 376 1299 423 diligentia
1315 376 1430 412 facere
1450 376 1557 417 cibos,
1580 374 1802 420 suaviterque
1827 373 1992 415 invitans,

374 432 419 466 ad
436 443 495 467 ora
523 433 648 470 afferre
665 448 672 470 ε
690 436 764 482 ipse
783 438 952 473 morbosis
979 438 1126 474 lectulos
1157 442 1329 480 sternere,
1351 439 1607 474 medicamenta
1621 437 1820 484 propinare,
1842 448 1995 483 angores

374 495 483 529 animi
509 497 729 533 sermonibus
755 498 873 535 levare
902 504 936 535 et
962 501 1130 536 consiliis.
1152 501 1322 536 Famulos
1346 512 1483 547 quoque
1510 504 1608 535 tanta
1626 499 1772 534 curabat
1798 498 1992 545 diligentia,

373 561 411 592 ut
423 558 498 604 jam
516 571 586 594 non
600 562 772 596 communi
787 562 1026 598 sacerdotibus
1050 564 1181 598 nostris
1199 564 1322 610 patris,
1341 564 1402 599 sed
1417 563 1592 610 praecipuo
1612 562 1770 609 parentis
1785 562 1839 596 sui
1855 562 1994 597 nomine

372 624 532 657 amanter
546 622 590 657 ab
605 623 654 658 eis
674 627 869 659 vocaretur.
886 625 983 671 Vigil
1007 625 1053 660 ad
1067 637 1203 661 omnem
1224 627 1313 662 bene
1344 626 1501 663 merendi
1522 625 1752 666 occasionem,
1775 624 1994 660 animadver-

372 683 482 726 tebat,
499 684 529 719 si
547 686 685 731 quibus,
703 686 866 721 extrariis
883 687 999 729 etiam,
1021 700 1160 734 quoquo
1188 689 1253 723 sibi
1272 689 1448 735 integrum
1466 688 1557 725 foret
1590 687 1717 728 officio,
1739 687 1879 722 adesset
1901 699 1908 721 τ
1927 687 1992 721 ita-

373 757 440 793 que
474 747 626 788 miseris,
660 748 718 794 qui
747 748 1039 794 periclitantibus,
1077 751 1135 796 qui
1171 751 1217 785 ad
1234 751 1431 786 Ecclesiam
1457 750 1665 786 catholicam
1685 749 1904 789 revocandis,
1932 752 1994 784 aut

372 808 590 854 corrigendis
609 809 655 844 ad
684 810 831 857 frugem,
855 811 955 847 daret
982 823 1134 858 operam,
1163 813 1238 859 ipse
1269 817 1398 860 praesto
1423 817 1511 850 erat.
1544 812 1755 859 Expeditum
1784 811 1830 846 ita
1862 810 1993 846 fecerat

370 870 484 906 virum
508 871 644 918 inquies
665 873 815 915 animus,
837 885 956 909 amore
987 875 1105 910 divino
1128 876 1377 911 inflammatus.
1400 876 1478 912 Hoc
1513 887 1550 911 se
1568 875 1737 922 agitante,
1765 886 1904 910 cessare
1923 885 1995 909 non

371 936 518 979 poterat.
546 934 638 969 Hinc
655 934 715 969 illa
745 936 816 970 divi
834 937 990 982 parentis
1010 937 1121 972 nostri
1138 950 1205 973 vox
1223 951 1230 972 :
1254 950 1273 973 0
1294 938 1388 973 Deus
1404 939 1451 975 mi
1469 939 1475 975 !
1495 949 1514 973 0
1531 937 1560 973 si
1576 942 1611 973 te
1641 937 1804 972 homines
1820 940 1965 972 nossent
1983 937 1990 972 !

374 1006 468 1042 saepe
487 996 750 1043 Christophoro‚
772 997 842 1033 alia
862 999 966 1034 etiam
979 1000 1152 1041 narranti,
1178 1001 1387 1046 minimeque
1413 1000 1624 1040 advertenti,
1646 1012 1689 1035 ex
1719 999 1841 1034 intimo
1856 1002 1995 1045 pectore

374 1059 590 1105 erumpebat.
613 1059 698 1094 Cum
719 1060 766 1094 ad
791 1072 890 1096 aram
917 1066 1126 1108 operaretur
1155 1064 1277 1103 sacris,
1299 1064 1482 1110 ignescere
1514 1067 1587 1098 tum
1603 1063 1661 1098 ille
1680 1062 1830 1098 maxime
1846 1066 1881 1098 et
1899 1061 1993 1097 colli-

372 1132 537 1166 quescere
551 1121 747 1157 videbatur.
772 1123 882 1161 Quam
898 1124 951 1158 sui
970 1124 1108 1159 Domini
1124 1125 1319 1161 Salvatoris
1336 1126 1357 1160 J
1362 1137 1422 1164 esu
1444 1137 1564 1161 amans
1589 1129 1683 1161 esset
1701 1136 1742 1160 ac
1757 1125 1893 1166 sitiens,
1910 1124 1996 1159 hinc

373 1194 508 1229 quoque
527 1184 731 1230 apparebat,
753 1185 857 1231 quod,
888 1187 1056 1232 quaesitus
1076 1187 1182 1229 domi,
1202 1199 1375 1234 nusquam
1389 1188 1605 1227 inveniretur
1629 1187 1771 1229 certius,
1795 1198 1898 1234 quam
1912 1190 1995 1222 ante

372 1256 471 1280 aram
490 1260 497 1288 ;
515 1246 571 1281 hic
586 1246 645 1282 ille
663 1250 852 1283 nocturnas
871 1249 976 1284 etiam
995 1261 1076 1285 suas
1103 1250 1254 1296 vigilias,
1266 1251 1468 1297 perfrigidis
1488 1251 1596 1286 etiam
1612 1251 1745 1286 brumae
1760 1250 1992 1296 temporibus,

373 1309 447 1354 ipso
474 1309 539 1344 Dei
554 1309 731 1345 calescens
750 1321 879 1351 amore,
900 1311 936 1346 in
954 1312 1114 1358 precibus
1138 1317 1172 1348 et
1198 1313 1362 1360 lacrymis
1380 1313 1556 1359 exigebat.
1586 1313 1831 1348 Beatissimam
1850 1312 1915 1347 Dei
1933 1323 1993 1358 pa-

375 1374 508 1406 rentem
527 1371 713 1417 Virginem
728 1373 1008 1419 exquisitissimis
1028 1374 1168 1421 pietatis
1183 1375 1290 1410 coluit
1305 1375 1439 1413 officiis.
1461 1376 1641 1423 Hymnum
1668 1374 1749 1410 Divi
1768 1373 1927 1410 Casimiri
1954 1374 1996 1408 de

374 1433 537 1468 laudibus
551 1434 651 1469 Divae
666 1446 759 1481 saepe
777 1435 813 1470 in
827 1435 931 1478 diem,
949 1448 1127 1483 nunquam
1137 1437 1211 1473 sine
1227 1437 1385 1475 dulcibus
1400 1438 1578 1484 lacrymis,
1600 1437 1783 1472 recitabat.
1800 1436 1856 1472 Ad
1875 1447 1995 1472 sacros

375 1496 454 1531 huic
474 1496 548 1532 dies
575 1497 686 1532 multa
704 1498 940 1540 meditatione,
974 1499 1211 1541 afflictatione,
1233 1500 1375 1546 vigiliis,
1406 1500 1635 1535 celebrandos
1653 1500 1781 1546 pietate
1799 1499 1991 1545 praecipua,

375 1562 511 1594 mature
523 1560 677 1594 animum
691 1561 924 1607 praeparabat,
941 1565 1123 1608 certasque
1137 1563 1438 1599 commentabatur
1449 1562 1616 1597 formulas
1631 1562 1754 1608 quibus
1766 1562 1797 1596 ei
1810 1573 1847 1597 se
1862 1572 1996 1607 suaque

376 1622 564 1658 dedicaret.
587 1623 745 1661 Quatuor
759 1623 923 1659 milliaria
937 1625 1109 1659 nostratia
1124 1624 1230 1659 distat
1244 1625 1287 1660 ab
1306 1625 1394 1661 urbe
1409 1624 1514 1659 Vilna
1529 1623 1733 1670 oppidulum
1742 1623 1864 1665 Troki,
1882 1623 1993 1665 locus,

375 1685 417 1720 de
437 1697 505 1731 quo
522 1685 737 1727 dicebamus,
772 1686 952 1722 beneficiis
982 1687 1141 1734 Virginis
1171 1687 1294 1722 Beatae
1321 1686 1483 1723 celebris.
1523 1686 1575 1721 Eo
1608 1685 1884 1733 Christophorus
1912 1689 1997 1732 quot

375 1748 489 1789 annis,
511 1748 662 1783 maxime
680 1752 762 1783 ante
789 1748 941 1795 aliquem
961 1749 1052 1784 diem
1078 1750 1201 1784 Beatae
1228 1750 1386 1798 Virginis
1411 1749 1553 1788 festum,
1587 1748 1722 1789 itabat;
1745 1747 1926 1783 conferens
1951 1747 1996 1782 ad

374 1811 524 1845 Matrem
542 1810 671 1845 divinae
698 1811 825 1856 gratiae
855 1822 919 1846 sua
949 1823 1160 1858 suorumque
1188 1811 1369 1848 Sociorum
1400 1810 1618 1852 munuscula,
1648 1810 1720 1845 sive
1747 1809 1921 1852 officiola;
1950 1809 1998 1844 ad

375 1884 454 1919 quae
471 1873 547 1919 ipso
575 1884 634 1908 eos
648 1877 783 1909 mature
798 1873 989 1909 invitasset.
1007 1874 1063 1909 Ad
1072 1874 1121 1909 VI
1141 1886 1252 1909 nonas
1270 1873 1448 1920 quintiles,
1461 1873 1561 1908 Divae
1579 1872 1738 1919 Virginis
1754 1872 1997 1908 Elisabetham

374 1935 520 1971 visentis
546 1935 750 1970 memoriam
768 1935 953 1982 insignem,
987 1940 1087 1971 tanta
1106 1937 1212 1971 animi
1239 1940 1274 1973 et
1293 1936 1418 1971 virium
1449 1934 1671 1970 contentione
1698 1946 1736 1970 se
1756 1934 1994 1981 comparabat,

374 2002 413 2034 ut
430 1999 522 2034 vires
542 1998 697 2045 corporis
728 1998 974 2040 debilitaverit,
1003 2011 1044 2034 ac
1058 1999 1196 2045 penitus
1210 2011 1248 2036 se
1267 1998 1484 2034 exhauserit.
1508 1997 1585 2032 Hoc
1601 1997 1750 2043 denique
1774 1997 1850 2043 ipso
1867 1997 1924 2032 die
1938 1996 1997 2032 vix

374 2065 509 2096 tantum
526 2062 668 2108 collegit
698 2062 836 2103 virium,
859 2066 896 2097 ut
920 2062 964 2097 ad
995 2063 1191 2109 proximum
1223 2061 1368 2097 rectoris
1400 2060 1598 2095 cubiculum
1621 2059 1789 2106 aspirarit
1833 2060 1902 2095 Hic
1931 2071 1996 2095 sua

373 2124 508 2159 defecta
526 2125 644 2160 multis
673 2137 749 2160 cum
767 2125 931 2172 lacrymis
946 2125 1012 2160 rite
1033 2125 1225 2166 confessus,
1247 2124 1332 2170 liqui
1357 2123 1461 2169 coepit
1475 2123 1605 2157 animo.
1622 2122 1677 2157 Ad
1693 2122 1889 2158 cubiculum
1904 2123 1996 2158 inter

373 2199 497 2222 manus
520 2188 665 2228 relatus,
681 2191 715 2224 et
733 2199 832 2223 sacro
848 2191 972 2223 unctus
992 2187 1081 2229 oleo,
1099 2188 1221 2223 eadem
1235 2187 1323 2222 hora
1336 2185 1572 2232 placidissime
1591 2185 1765 2221 extinctus
1792 2189 1856 2221 est.
1880 2185 1996 2221 Natus

373 2250 621 2296 Vartemburgi
640 2250 675 2284 in
689 2250 834 2285 Varmia
853 2262 944 2285 anno
973 2251 1077 2292 1606,
1111 2250 1182 2285 XII
1201 2249 1274 2284 kal.
1300 2248 1484 2295 januarias
1503 2260 1509 2282 :
1532 2249 1568 2282 in
1599 2248 1808 2283 Societatem
1828 2260 1846 2283 e
1865 2247 1994 2283 scholis

373 2312 721 2358 Brunsbergensibus
737 2316 897 2359 acceptus
913 2324 1085 2347 annorum
1105 2312 1147 2347 17
1163 2311 1378 2346 adolescens.

423 2373 612 2408 Commotae
643 2374 753 2419 primo
778 2374 837 2409 illo
864 2375 1003 2409 turbine
1035 2374 1237 2420 reipublicae
1267 2373 1364 2408 nulla
1397 2373 1494 2419 quies
1523 2372 1664 2413 adhuc;
1687 2372 1753 2407 nisi
1786 2371 1877 2418 quod
1895 2371 1994 2407 miles

373 2436 522 2482 patrius,
543 2439 725 2470 numerato
742 2436 807 2470 sibi
827 2437 1012 2483 stipendio,
1035 2437 1078 2471 ad
1094 2448 1175 2471 suos
1192 2435 1334 2471 tandem
1349 2435 1454 2470 duces
1474 2435 1651 2481 legitimos
1666 2438 1700 2469 et
1726 2434 1829 2480 signa
1847 2433 1989 2469 rediret.

371 2499 403 2534 A
421 2499 603 2535 Moscovia
620 2499 773 2539 interim,
790 2499 971 2541 Ucrainia,
994 2502 1027 2534 et
1050 2499 1211 2534 Tartaria
1225 2502 1415 2544 tempestas
1437 2501 1606 2545 perpetua
1624 2510 1630 2532 :
1651 2497 1742 2533 bella
1761 2496 1832 2532 alia
1854 2508 1897 2532 ex
1914 2495 1993 2532 aliis
