2184 2953
587 292 693 321 LIBER
717 291 873 321 DECIMUS
897 291 1111 329 (1650-1664).
1649 290 1706 323 371

86 394 222 418 sacram
240 384 421 429 processit.
445 385 511 420 Hic
541 385 574 420 in
595 386 767 421 vestibulo
791 385 962 420 exclamat
988 384 1160 419 fanaticus
1185 397 1190 418 :
1217 398 1232 413 α
1254 385 1342 420 heus
1369 388 1420 425 tu,
1443 385 1610 420 Servator
1638 384 1706 419 La-

90 460 104 474 α
127 447 269 481 chorum
305 447 564 492 (catholicorum
598 448 742 488 30111001,
785 447 820 481 in
856 447 977 492 primis
1017 446 1256 491 Polonorum),
1283 447 1398 492 gentis
1432 447 1521 482 idem
1561 450 1707 481 vexator

90 523 104 536 α
126 507 375 549 Moscoviticw,
393 510 450 555 qui
470 510 550 544 hinc
576 514 655 544 tuos
684 510 789 545 tutari
825 508 990 549 crederis,
1014 508 1256 553 ι131101101111101
1292 512 1326 543 te
1352 509 1408 543 hic
1435 520 1500 554 ego
1529 521 1606 543 cum
1637 508 1706 543 tuis

89 584 103 598 α
126 570 370 616 cornipedibus
402 572 664 618 cornigerisque
691 570 919 612 (hemonibus,
960 570 1119 610 ι10301113,
1158 573 1333 616 potestate
1363 570 1463 605 Sedis
1494 570 1706 616 Apostolicae

88 647 102 661 a
126 632 523 679 Constantinopolitanae
556 635 674 669 divina
706 635 975 674 anathematizo,
1009 634 1188 676 aphorism
1211 644 1334 667 exesse
1360 632 1441 667 hinc
1471 636 1504 667 te
1535 645 1612 667 011111
1638 633 1707 667 tuis

87 709 102 723 a
124 693 266 735 Lachis,
296 705 441 740 cumque
467 696 536 729 tuis
564 696 771 742 cornigeris,
798 696 962 731 redituris
989 695 1270 741 nunqua1n‚ja1n
1299 706 1391 729 nunc
1412 695 1533 741 jubeo,
1563 695 1703 736 mando,

86 769 101 784 α
122 754 276 801 impero;
299 758 378 790 tuos
399 756 542 802 insuper
569 758 734 799 cultores,
756 759 862 799 cives,
885 759 1028 794 clientes
1045 770 1125 793 orco
1140 757 1273 804 pariter
1292 769 1412 793 omnes
1428 758 1593 793 devoveo.
1615 776 1630 790 η
1654 760 1707 793 Ita

81 817 305 857 vociferatus,
338 822 532 864 exaugurat
558 820 682 854 ritibus
712 821 783 855 suis
817 821 1001 856 0001031301
1024 833 1030 854 1
1052 824 1169 866 postes
1199 819 1351 854 excindit
1374 832 1380 854 :
1404 831 1484 854 aras
1512 820 1674 855 deturbat
1697 833 1704 855 :

82 888 182 914 sacra
210 879 326 913 omnia
354 881 568 925 pessumdat.
599 882 627 916 E
660 883 770 917 ruinis
798 883 919 929 templi
951 883 1089 918 domum
1121 882 1312 928 sacrilegus
1348 882 1480 928 pariter
1510 881 1707 928 pariterque

81 940 260 988 gemonias
281 941 345 975 sibi
368 942 481 977 scalas
501 944 626 989 erigit3
657 948 781 980 nactus
805 957 885 980 mox
903 945 960 980 1110
988 945 1022 979 in
1050 956 1112 980 suo
1133 944 1279 979 aedificio
1306 944 1442 979 trabem
1469 943 1633 985 feralem;
1664 956 1707 979 ex

80 1014 148 1049 qua
166 1003 314 1049 denique
342 1005 524 1050 suspendit
563 1018 612 1047 se,
631 1010 742 1041 tortor
769 1007 844 1053 ipse
874 1012 908 1043 et
933 1007 1075 1042 sceleris
1102 1006 1196 1040 ultor
1215 1006 1269 1040 sui
1291 1018 1297 1040 :
1320 1006 1445 1051 quibus
1464 1006 1498 1040 in
1518 1006 1705 1042 evertendo

78 1063 207 1110 templo
232 1065 385 1110 agitatus
412 1070 516 1106 esset,
539 1067 670 1102 eisdem
698 1068 800 1102 modo
829 1069 1015 1104 instinctus
1047 1068 1157 1103 furiis.
1181 1067 1283 1102 Anno
1316 1068 1455 1103 demum
1478 1068 1582 1109 1666,
1606 1068 1705 1103 caesis

78 1125 222 1171 passim,
244 1127 394 1161 maxime
414 1128 504 1173 apud
533 1128 722 1164 Polancam
741 1141 883 1176 pagum,
902 1131 1073 1171 hostibus,
1097 1129 1275 1165 Polociam
1295 1141 1372 1164 cum
1396 1129 1529 1164 civibus
1549 1130 1639 1164 Socii
1659 1130 1705 1164 ad

78 1187 255 1221 ruinarum
274 1199 418 1223 acervos
451 1194 673 1225 revenerunt.
706 1191 817 1226 Plena
849 1204 1009 1227 curarum
1046 1192 1110 1226 suit
1136 1203 1200 1226 nec
1222 1192 1387 1226 diuturna
1415 1191 1569 1226 Polociae
1598 1192 1702 1226 statio

78 1250 123 1284 ad
157 1261 286 1284 annum
323 1262 432 1296 usque
470 1251 574 1293 1667,
609 1253 881 1300 irrumpentibus
912 1255 948 1289 in
978 1254 1192 1300 provinciam
1225 1266 1246 1289 3
1272 1254 1455 1289 Moscovia
1495 1254 1573 1289 aliis
1597 1266 1703 1300 super

78 1311 167 1346 alias
194 1312 348 1347 hostium
385 1313 505 1359 copiis.

126 1376 226 1422 Saepe
241 1377 381 1412 interim
408 1381 481 1411 tum
501 1377 596 1412 salus
625 1378 864 1412 subtrahenda
896 1381 972 1413 erat
989 1378 1074 1424 suga
1101 1377 1343 1413 clandestina:
1366 1389 1461 1424 saepe
1489 1377 1700 1424 quaerendus

76 1438 224 1484 requieti
238 1439 335 1474 locus
357 1439 392 1473 in
411 1439 497 1485 ipsis
516 1439 669 1474 ferarum
688 1440 871 1474 cubilibus.
895 1440 1058 1486 Undique
1077 1441 1210 1486 fragor,
1234 1444 1267 1475 et
1286 1441 1403 1486 gravis
1419 1440 1552 1475 sonitus
1572 1441 1698 1476 ruinae.

77 1502 117 1535 In
135 1501 265 1536 Russia
287 1505 320 1536 et
339 1502 506 1548 proximis
527 1503 716 1548 provinciis
735 1502 888 1537 hostium
914 1502 1083 1537 tumultus
1103 1515 1108 1537 :
1132 1503 1168 1537 in
1191 1503 1356 1537 Lituania
1378 1503 1487 1537 fames
1507 1503 1648 1549 insuper
1667 1510 1701 1538 et

75 1563 287 1610 pestilentia.
311 1564 466 1599 Nesvisii
486 1576 542 1599 res
561 1568 635 1599 tota
665 1564 834 1599 incendiis
853 1577 859 1599 :
881 1564 1010 1605 Vilnae,
1033 1565 1175 1605 Caunae,
1200 1565 1330 1606 Pinsci,
1358 1569 1392 1600 et
1410 1566 1493 1600 alibi
1524 1566 1700 1612 pestilenti

75 1625 161 1660 coelo
182 1626 349 1673 disperiit.
375 1627 525 1673 Pagani,
547 1638 629 1673 pars
651 1627 821 1673 dissipati,
839 1638 920 1672 pars
939 1627 1033 1668 caesi,
1056 1638 1137 1673 pars
1153 1627 1294 1662 abducti
1309 1628 1353 1662 ab
1368 1628 1537 1663 hostibus.
1561 1629 1700 1663 Funera

73 1688 205 1734 passim
224 1693 258 1724 et
279 1692 418 1735 strages
436 1700 632 1735 corporum.
656 1689 752 1724 Inter
771 1688 897 1723 civium
916 1689 1034 1723 ruinas
1055 1692 1261 1724 corruerunt
1288 1689 1324 1723 111
1351 1689 1473 1724 officiis
1501 1690 1696 1732 charitatis,

73 1750 288 1785 memorandi
328 1754 408 1786 ante
446 1751 548 1791 alios,
586 1751 708 1786 Patres
747 1763 753 1785 :
792 1750 966 1796 Georgius
1004 1750 1178 1797 Gedroyc,
1221 1750 1377 1785 Adamus
1416 1750 1698 1792 Slonczevskius‚

74 1812 242 1847 Nicolaus
270 1813 509 1854 Trminskius,
535 1812 690 1847 Thomas
723 1812 948 1853 Porzeddus,
983 1813 1140 1847 Joannes
1172 1812 1327 1853 Kihnus,
1363 1812 1495 1848 Paulus
1527 1814 1700 1860 Proszyn-

73 1873 181 1915 skius,
200 1874 353 1909 Mathias
385 1874 637 1910 Sobotkievicz.
663 1875 703 1909 P.
732 1874 905 1920 Georgius
925 1874 1041 1908 Vilnae
1070 1875 1258 1909 intercidit..
1281 1875 1455 1920 Acceptus
1481 1875 1516 1908 in
1544 1875 1698 1910 Societa-

72 1939 141 1971 tem
170 1948 229 1971 an.
268 1937 373 1977 1633,
395 1948 566 1971 annorum
595 1936 720 1983 viginti
742 1937 895 1982 juvenis,
925 1936 1050 1971 exinde
1079 1948 1157 1971 011111
1184 1937 1404 1983 perficiendae
1442 1937 1580 1971 virtutis
1624 1949 1697 1973 suae

71 1999 228 2045 cupidus,
266 2003 339 2034 tum
365 1999 491 2035 alienae
518 1999 641 2034 salutis
675 1999 825 2044 diligens
869 2002 1088 2045 procurator.
1129 1999 1209 2034 ι13111
1253 1999 1451 2034 scholarum
1491 2000 1695 2035 inferiorum

70 2061 249 2107 magister,
271 2073 335 2096 nec
353 2062 434 2096 dum
453 2061 627 2102 sacerdos,
652 2061 804 2096 Polociae
831 2061 966 2096 nobiles
986 2060 1120 2107 aliquot
1137 2061 1231 2096 viros
1251 2073 1272 2095 3
1287 2061 1484 2107 graecanico
1509 2062 1693 2098 schismate

71 2122 115 2156 ad
134 2123 329 2159 Romanam
348 2124 542 2160 Ecclesiam
569 2123 784 2159 revocandos
813 2123 963 2164 curavit;
995 2123 1113 2169 plures
1132 2123 1177 2158 ad
1203 2123 1382 2169 religiosae
1400 2123 1595 2160 institutum
1612 2125 1693 2161 vitae

70 2186 252 2231 permovit.
271 2186 385 2233 Saepe,
408 2186 529 2222 diebus
548 2187 697 2221 maxime
725 2186 835 2227 festis,
865 2186 1083 2220 suburbanos
1102 2186 1237 2221 visebat
1255 2186 1427 2231 agricolas
1447 2199 1453 2221 :
1473 2187 1561 2222 bene
1576 2187 1692 2224 valen-

69 2247 162 2281 tibus
176 2248 345 2294 magister
363 2260 494 2290 eorum,
513 2260 590 2295 quae
605 2248 651 2283 ad
668 2248 817 2283 salutem
831 2251 998 2283 {eternam
1016 2247 1184 2289 facerent3
1203 2248 1458 2294 {egrotantibus
1478 2249 1688 2292 consolator,

71 2310 253 2355 egentibus
286 2311 385 2356 stipis
413 2311 577 2357 largitor.

117 2371 187 2406 Ubi
207 2372 266 2406 ubi
293 2384 372 2418 spes
392 2373 562 2408 commodi
590 2372 755 2407 salutaris
782 2372 984 2412 affulsisset,
1007 2372 1226 2406 occasionem
1258 2371 1374 2407 omisit
1400 2372 1554 2415 nullam;
1585 2386 1693 2421 quan-

72 2434 182 2480 doque
196 2434 317 2469 eadem
336 2446 442 2470 causa
472 2437 554 2471 vitae
568 2435 671 2471 etiam
695 2435 896 2470 amittendfe
911 2438 1036 2469 certus.
1060 2435 1113 2468 Ita
1133 2435 1278 2477 Caunw,
1301 2447 1378 2470 eum
1401 2436 1528 2471 civium
1547 2437 1688 2483 aliquis,

73 2495 286 2544 intemperiis
300 2501 412 2539 actus,
437 2498 530 2534 rabie
549 2498 682 2534 furiosa
711 2497 940 2544 dentibusque
966 2498 1001 2532 in
1029 2508 1148 2533 omnes
1167 2498 1246 2540 iret,
1263 2498 1406 2545 jamque
1425 2499 1575 2545 aliquem
1586 2500 1691 2546 jugu-

1737 389 1800 416 1653

1735 434 1817 461 Poeua

1737 477 1860 502 eversoris

1736 515 1867 550 sacrilegi.

1793 1796 1808 1821 9

1725 1833 1802 1859 Peste

1726 1873 1827 1900 sublati

1725 1914 1792 1941 Socii
1806 1916 1834 1941 in

1724 1953 1859 1987 obsequiis

1725 1995 1818 2023 Vilnae.

1722 2085 1752 2110 Ρ.
1767 2084 1827 2111 Gie-

1723 2124 1800 2158 droye
1810 2126 1861 2153 010-

1722 2173 1805 2199 gium.
