2184 2953
376 262 415 293 62
742 267 1015 297 LITUANICARUM
1042 266 1253 296 SOCIETATls
1275 268 1358 297 JESU
1382 269 1631 299 HISTORIARUM

206 363 268 389 1579
380 369 395 384 a
417 360 549 392 secuta.
582 358 663 393 Jam
693 370 813 395 eorum
842 355 881 396 eo
908 370 1098 406 progressa
1128 358 1253 393 dicitur
1284 358 1453 405 impietas,
1487 363 1525 393 ut
1557 359 1663 394 etiam
1698 363 1830 394 contra
1865 360 1995 395 Christi

204 416 350 482 ffffissetffiL
381 432 396 446 κ
419 417 634 454 divinitatem
661 420 812 463 libellos,
831 426 864 457 et
883 422 1022 468 quidem
1048 420 1186 466 vulgari
1209 420 1332 467 lingua
1350 420 1578 466 conscriptos,
1601 421 1705 456 edere
1725 433 1793 455 non
1814 421 1992 463 dubitent;

205 494 299 527 pietas.
380 494 396 508 α
418 492 530 526 neque
560 493 689 527 paucos
722 484 758 518 in
784 484 876 519 hanc
907 496 1005 519 suam
1038 483 1248 518 sententiam
1266 483 1480 530 pertraxisse
1510 483 1681 518 feruntur.
1699 483 1799 518 Bona
1820 496 1881 530 spe
1901 496 1989 525 sum,

381 557 396 572 a
418 554 496 588 quae
513 544 625 590 pietas
652 550 703 580 est
729 546 822 581 illius
841 550 875 581 et
897 546 1033 592 religio,
1057 547 1148 593 quod
1176 547 1240 582 has
1259 547 1295 581 in
1314 546 1490 581 Christum
1521 546 1705 581 Dominum
1730 551 1885 582 nostrum
1903 547 1994 583 blas-

380 619 395 633 «
417 605 574 651 phemias
592 618 661 641 non
688 607 792 648 feret;
810 612 845 643 et
864 609 921 654 qui
940 612 1021 643 sunt
1038 608 1179 643 illorum
1208 612 1381 650 auctores,
1404 612 1442 643 ut
1468 609 1504 643 in
1522 608 1601 644 illos
1629 609 1825 656 exemplum
1853 609 1994 655 aliquod

380 681 395 695 a
418 667 551 708 edatur,
568 669 679 703 modis
703 669 862 704 omnibus
884 670 1070 705 contendet
1096 674 1131 705 et
1158 670 1368 712 elaborabit;
1400 682 1511 716 neque
1530 672 1651 717 spargi
1671 671 1774 706 latius
1790 670 1993 717 pestiferum

379 742 394 757 α
416 728 483 763 hoc
501 729 595 764 virus
613 731 777 776 patietur.
801 731 945 766 Utinam
964 736 1081 768 autem
1100 733 1230 768 similes
1256 734 1356 768 Dom.
1379 734 1522 769 Vestrae
1540 734 1658 780 plures
1688 735 1870 781 episcopos
1886 735 1993 769 habe-

380 805 395 819 «
418 802 533 826 remus
551 803 558 825 z
576 803 645 826 non
664 792 751 827 adeo
770 804 862 827 nunc
886 793 1011 840 religio
1038 795 1227 830 laboraret.
1247 796 1371 831 Servet
1384 799 1419 830 te
1440 796 1547 837 Deus,
1566 797 1694 842 optime
1713 808 1863 843 vereque
1878 796 1995 831 catho-

381 866 397 881 κ
418 852 483 887 lice
506 854 648 899 praesul,
666 854 723 899 qui
738 858 808 889 tam
822 855 950 890 bonum
965 860 1136 902 pastorem
1159 858 1249 903 agis,
1267 862 1370 904 atque
1385 859 1477 893 omni
1492 857 1667 893 felicitatis
1682 870 1812 904 genere
1826 858 1992 898 cumulet,

381 929 396 944 α
418 918 453 949 et
483 915 527 949 ad
549 915 776 951 imitationem
806 917 858 951 tui
884 921 1018 953 ceteros
1049 919 1155 954 etiam
1180 920 1282 965 regni
1308 921 1489 967 episcopos
1522 921 1711 962 accendat;
1747 924 1785 955 ut
1820 921 1995 956 neminem

382 991 397 1005 a
419 977 496 1018 sibi,
532 981 659 1023 praeter
689 990 795 1012 unum
828 979 951 1020 Deum,
984 981 1175 1016 timendum
1209 982 1424 1024 existiment;
1460 986 1494 1017 et
1513 983 1547 1017 in
1581 983 1737 1029 cujusvis
1769 983 1886 1029 potius
1903 994 1994 1017 mor·

382 1056 397 1070 a<
418 1041 498 1076 talis
516 1041 665 1076 hominis
685 1054 785 1088 quam
804 1043 869 1078 Dei
887 1043 1092 1079 immortalis
1116 1043 1343 1079 offensionem
1357 1044 1549 1085 incurrere,
1571 1055 1609 1079 se
1622 1047 1764 1090 paratos
1792 1043 1993 1084 ostendant,

380 1118 395 1132 a
418 1104 499 1138 dum
512 1104 720 1149 praesertim,
738 1116 807 1139 11011
825 1104 927 1140 valde
945 1105 1142 1140 valentibus
1162 1105 1274 1145 nobis,
1296 1105 1429 1151 aliquid
1446 1105 1570 1140 melius
1598 1106 1694 1140 Deus
1721 1105 1913 1151 providerit
1932 1116 1996 1151 pro

382 1181 396 1195 a
418 1166 531 1205 nobis,
550 1166 630 1200 dato
658 1166 757 1200 nobis
785 1166 898 1212 Rege,
926 1167 986 1212 qui
1001 1167 1201 1202 christianae
1219 1168 1302 1202 fidei
1317 1179 1354 1202 se
1369 1171 1666 1213 propugnatorem
1681 1167 1889 1202 acerrimum
1907 1166 1993 1209 fore,

380 1241 395 1256 κ
418 1228 534 1263 multis
548 1229 623 1274 jam
639 1229 855 1274 argumentis
871 1229 1075 1264 declaravit.
1097 1229 1195 1264 Vale.
1214 1230 1342 1264 Datum
1362 1229 1487 1264 Romae
1506 1230 1553 1264 24
1573 1230 1707 1265 octobr.
1730 1241 1822 1264 anno
1846 1229 1951 1265 1577.
1977 1247 1993 1261 99

428 1290 502 1328 Quo
534 1290 690 1336 pluribus
710 1291 926 1326 documentis
946 1291 1185 1332 confirmetur,
1207 1296 1338 1337 quanta
1365 1291 1599 1326 sollicitudine
1625 1291 1833 1337 religionem
1850 1291 1997 1326 catholi-

378 1363 454 1387 cam
472 1352 508 1386 in
525 1363 588 1387 sua
607 1352 747 1388 dioecesi
773 1353 850 1399 pius
878 1354 970 1388 idem
1000 1353 1156 1399 pontifex
1179 1354 1366 1394 curaverit,
1389 1354 1530 1388 tertiam
1557 1353 1611 1388 his
1634 1352 1790 1399 ejusdem
1808 1352 1998 1388 cardinalis

379 1415 575 1461 epistolam,
589 1415 633 1449 ad
653 1415 917 1451 Cracoviensem
932 1417 1133 1463 episcopum
1148 1417 1293 1451 Petrum
1308 1416 1609 1462 Myszkowskium
1624 1416 1755 1456 datam,
1774 1415 1995 1461 apponimus.

431 1491 446 1506 ⁶⁴
470 1478 573 1512 Mitto
590 1478 688 1513 Dom.
708 1479 849 1514 Vestrae
868 1479 1064 1515 litterarum
1084 1479 1291 1526 exemplum,
1309 1490 1395 1525 quas
1416 1479 1462 1514 ad
1476 1479 1669 1525 palatinum
1682 1479 1887 1514 Vilnensem
1905 1479 2001 1514 dedit

382 1555 397 1570 a
422 1542 522 1587 regia
551 1542 729 1588 majestas,
760 1546 797 1577 ut
823 1543 1013 1588 ejiciendos
1042 1555 1085 1578 ex
1111 1544 1212 1578 domo
1242 1542 1391 1589 quadam
1411 1546 1551 1578 curaret
1569 1547 1703 1578 satanae
1722 1543 1920 1584 ministros3
1944 1543 2001 1589 qui

384 1619 399 1632 α
421 1615 485 1638 sua
512 1615 581 1638 non
609 1616 721 1645 sacra,
740 1605 801 1640 sed
827 1606 1010 1651 sacrilegia
1041 1606 1076 1640 in
1108 1605 1176 1639 illis
1204 1605 1337 1640 aedibus
1369 1605 1591 1646 exercebant,
1626 1605 1675 1640 ita
1704 1608 1742 1640 ut
1771 1606 1846 1651 jam
1874 1606 1909 1639 in
1941 1605 2003 1640 illa

208 1667 277 1693 Laus
292 1667 353 1711 boni
384 1680 399 1694 α
421 1665 563 1700 civitate
576 1665 673 1700 locus
689 1666 757 1700 illis
773 1666 923 1712 amplius
938 1678 1006 1701 non
1023 1667 1078 1701 sit.
1093 1667 1138 1701 Et
1152 1667 1280 1702 factum
1296 1671 1349 1701 est
1364 1678 1428 1712 ope
1443 1666 1604 1701 advocati
1619 1666 1798 1701 Vilnensis
1813 1666 2003 1712 Augustini

209 1708 350 1772 &iiiiii
385 1741 400 1756 κ
422 1727 593 1768 Rotundi,
611 1728 676 1762 viri
691 1729 890 1775 cumprimis
906 1730 952 1775 pii
969 1733 1002 1763 et
1017 1729 1156 1770 eruditi,
1175 1733 1223 1770 ut,
1243 1730 1335 1763 omni
1350 1729 1572 1763 cunctatione
1593 1732 1738 1769 semota,
1757 1729 2002 1764 mandatorum

386 1804 401 1818 α
424 1790 563 1824 illorum
594 1791 751 1826 executio
785 1791 897 1826 fieret.
931 1791 1058 1826 Curam
1090 1792 1180 1826 hanc
1220 1795 1253 1826 ot
1293 1791 1512 1837 vigilantiam
1545 1790 1712 1824 antistitis
1739 1790 1835 1825 illius
1867 1792 2000 1837 optimi,

387 1866 402 1881 α
425 1864 575 1899 vereque
589 1853 671 1887 boni
694 1854 846 1899 pastoris
860 1853 1006 1888 laudare
1022 1854 1108 1887 satis
1124 1865 1191 1888 11011
1208 1866 1360 1900 possum.
1380 1853 1534 1888 Fatebor
1548 1861 1665 1887 autem
1679 1857 1859 1899 peccatum
1874 1865 2000 1895 meum,

211 1928 307 1955 Hosius
388 1928 403 1943 α
425 1915 515 1960 quod
531 1915 562 1949 ei
577 1915 708 1949 civitati
726 1927 795 1949 non
811 1916 898 1949 nihil
913 1915 1050 1950 invideo
1066 1915 1266 1950 felicitatem
1281 1915 1372 1950 hanc
1387 1928 1394 1956 ς
1412 1914 1705 1961 quandoquidem,
1724 1916 1758 1949 in
1773 1926 1842 1962 qua
1856 1915 2003 1961 primum

212 1968 296 2035 Xgssnae
311 1977 355 1995 ¹¹²·
388 1990 402 2004 α
425 1976 536 2011 lucem
572 1976 662 2011 hanc
701 1977 834 2023 aspexi,
857 1989 898 2011 ea
930 1977 1033 2011 simili
1066 1981 1206 2023 pastore
1237 1977 1301 2011 fuit
1329 1977 1403 2022 J'am
1432 1988 1493 2023 per
1524 1977 1652 2011 multos
1679 1988 1790 2011 annos
1822 1976 1999 2011 destituta.

260 2029 264 2034 ’
387 2052 402 2066 ⁶<
425 2038 494 2073 Sed
513 2039 605 2073 bona
624 2050 684 2084 spe
707 2050 796 2080 sum,
818 2039 911 2085 quod
931 2051 993 2073 nos
1013 2039 1122 2074 oculis
1141 2039 1391 2073 misericordiae
1412 2050 1485 2073 suae
1504 2039 1599 2073 Deus
1615 2038 1803 2085 aliquando
1818 2039 2000 2085 respiciet;

389 2114 403 2129 ιε
426 2099 517 2145 quod
536 2100 640 2134 etiam
654 2099 778 2135 fecisse
791 2101 878 2146 jam,
897 2112 1102 2146 persuasum
1117 2101 1250 2142 habeo3
1272 2100 1552 2146 quandoquidem
1568 2104 1744 2146 pastorem
1763 2100 1856 2135 illius
1876 2101 2004 2135 consti-

389 2175 403 2190 ec
425 2161 491 2195 tuit
511 2161 609 2195 Dom.
629 2161 805 2202 Vestram,
829 2174 906 2208 quae
926 2174 994 2197 non
1011 2163 1175 2209 patietur,
1193 2163 1228 2196 in
1252 2162 1363 2197 officio
1384 2174 1445 2196 suo
1466 2162 1636 2207 pastorali
1657 2166 1750 2197 recte
1774 2162 1947 2203 obeundo,
1970 2174 2008 2197 se

216 2242 298 2269 Vilnae
388 2237 403 2251 α
425 2223 468 2257 ab
489 2223 547 2257 illo
572 2224 742 2269 superari.
766 2224 830 2258 Est
852 2228 956 2270 caput
983 2225 1102 2270 magni
1130 2225 1272 2259 ducatus
1292 2224 1418 2265 Vilna;
1442 2228 1494 2258 est
1513 2228 1617 2270 caput
1634 2225 1741 2259 totius
1763 2225 1863 2270 regni
1884 2228 1918 2259 et
1937 2236 2007 2259 om-

214 2290 342 2329 commen-
368 2299 403 2313 ’κ
427 2285 520 2318 nium
539 2284 782 2330 adjunctarum
801 2297 911 2331 regno
938 2287 1196 2332 provinciarum
1224 2286 1403 2320 Cracovia.
1427 2286 1508 2327 Cur,
1531 2286 1624 2332 quod
1650 2286 1701 2320 illi
1725 2286 1888 2332 praestitit
1908 2286 2009 2332 regia

214 2325 294 2351 datio.
388 2361 403 2375 a
426 2347 591 2392 majestas
611 2347 831 2389 beneficium,
854 2349 945 2383 idem
968 2360 1034 2383 11011
1059 2349 1139 2383 huic
1159 2360 1294 2394 quoque
1314 2348 1481 2393 praestet?
1503 2360 1564 2382 cur
1587 2349 1754 2394 majorem
1775 2348 1882 2390 illius,
1905 2360 2008 2395 quam

387 2424 404 2438 ιι
426 2409 530 2455 hujus
548 2421 666 2443 curam
682 2413 715 2444 et
731 2410 1000 2445 sollicitudinem
1020 2411 1144 2456 gerat?
1164 2410 1253 2444 Mihi
1268 2410 1407 2456 quidem
1426 2410 1569 2445 dubium
1589 2423 1657 2445 non
1673 2414 1738 2452 est,
1757 2411 1786 2445 si
1801 2411 1903 2446 modo
1919 2410 2009 2446 velle

389 2486 404 2500 a
428 2471 526 2506 Dom.
551 2472 713 2507 Vestram
746 2473 971 2514 intellexerit,
993 2485 1070 2519 quae
1091 2473 1203 2519 pietas
1222 2472 1316 2506 illius
1335 2477 1369 2507 et
1387 2473 1525 2519 religio,
1547 2473 1639 2518 quod
1665 2474 1721 2520 pio
1748 2474 1848 2508 Dom.
1871 2473 2009 2508 Vestrae
