2184 2953
413 283 452 314 98
792 286 1067 317 LITUANICARUM
1092 287 1306 317 SOCIETATIS
1330 289 1416 318 JESU
1440 290 1692 321 HISTORIARUM

240 368 301 395 155¹
414 374 614 421 dispectan's
633 376 749 412 onmia
765 376 965 424 diligenter,
990 390 1110 425 regem
1131 392 1170 415 se
1198 381 1577 427 praestabatconvivii.
1600 383 1676 424 Ille,
1699 395 1743 419 ne
1766 384 1848 430 quid
1867 385 2039 421 desidere-

413 440 483 477 tur,
505 437 694 473 observare
716 451 722 473 :
744 439 928 484 praefectos
956 440 1107 475 triclinio
1127 445 1386 489 structoresque
1414 456 1576 486 monere;
1598 450 1632 480 et
1650 446 1752 480 modo
1771 447 1914 489 nostris,
1935 448 2038 482 modo

412 499 655 535 remotissimis
674 501 792 541 etiam,
814 502 856 537 de
885 514 949 537 sna
976 502 1091 537 cibilla
1109 503 1282 539 missitare
1304 517 1310 539 :
1342 509 1520 541 cessantes
1539 507 1614 542 cibo
1637 512 1789 554 potuque
1819 508 1983 549 invitare,
2005 509 2043 544 in

411 560 532 607 primis
550 561 705 608 legatum
719 575 797 598 cum
818 563 928 598 Sociis
948 564 1107 610 proxime
1124 566 1402 602 accumbentem.
1422 566 1475 601 Ea
1489 571 1617 612 praeter
1641 556 1730 603 alias
1750 573 1803 604 est
1820 570 1933 605 civilis
1947 571 2040 616 apud

412 635 472 659 eos
487 624 746 660 convivantium
764 626 821 660 lex
840 626 1013 672 quaedam7
1035 630 1085 667 ut,
1106 639 1184 662 cum
1203 629 1246 663 de
1272 640 1333 663 sua
1352 627 1514 675 princeps
1534 641 1655 665 mensa
1673 631 1728 665 cui
1757 630 1912 666 edulium
1927 632 2041 674 offert,

411 691 620 733 assurgatur
638 689 777 723 omnino
804 689 846 723 ab
874 689 1045 724 omnibus.
1083 690 1151 728 Qui
1170 690 1295 736 dapem
1321 691 1424 726 affert
1449 693 1493 727 ab
1521 705 1575 736 eo,
1598 695 1783 730 convivam
1803 696 1853 730 sic
1886 696 2012 731 invitat
2033 709 2040 731 2

415 766 430 779 u
452 761 598 796 magnus
629 750 797 786 Dominus
825 763 924 786 suam
949 753 1013 787 tibi
1045 752 1190 799 opsonio
1227 753 1294 788 hoc
1329 753 1610 789 benevolentiam
1637 757 1819 803 approbat.
1846 775 1861 789 „
1883 757 1947 792 Cui
1974 758 2044 793 dux

411 814 617 860 propinarit,
638 814 680 854 is,
699 826 905 861 quocunque
924 816 1044 851 sedeat
1062 816 1152 857 loco,
1182 816 1217 850 in
1244 817 1411 855 medium,
1432 820 1582 862 oportet,
1603 818 1795 854 triclinium
1814 820 1971 866 prodeat,
1993 823 2041 862 et,

413 875 565 911 salutato
577 876 746 923 principe,
764 877 926 923 poculum
945 889 1013 912 uno
1030 878 1154 923 spiritu
1169 882 1268 913 stans
1279 879 1463 914 exhauriat
1479 893 1485 921 ;
1504 881 1709 916 exhaustum
1725 882 1798 922 alii,
1816 883 1872 918 cui
1886 883 2041 924 libuerit,

413 937 570 972 convivae
584 938 712 972 tradat.
736 938 824 973 Eam
839 938 1016 974 civilitatis
1031 939 1146 985 legem
1174 939 1267 974 Socii
1286 940 1444 976 modeste
1463 953 1484 976 a
1503 954 1541 978 se
1556 943 1734 990 deprecati
1759 949 1853 985 sunt,
1876 945 1920 980 ad
1939 945 2044 980 aliam

408 999 571 1034 videlicet
599 1000 749 1035 ethicam
779 1001 940 1036 instituti.
962 1001 1009 1036 Et
1028 1012 1110 1036 sane
1134 1005 1263 1047 praeter
1289 1001 1514 1038 insolentiam
1541 1005 1629 1041 ritus
1657 1007 1878 1053 hospitalitas
1910 1018 1953 1042 ea
1970 1011 2044 1042 tum

411 1062 676 1098 admirationem
695 1064 857 1099 movebat
876 1063 988 1104 Italis,
1009 1068 1084 1098 tum
1101 1064 1271 1099 afferebat
1295 1065 1490 1100 molestiam
1512 1079 1518 1101 :
1542 1067 1676 1103 duabus
1704 1068 1776 1103 fere
1794 1069 1903 1110 horis,
1926 1070 2043 1115 quoad

412 1124 621 1170 productum
636 1125 847 1165 convivium,
867 1126 1029 1171 sexagies
1047 1125 1125 1171 plus
1141 1125 1186 1159 ad
1205 1125 1368 1170 poculum
1380 1129 1521 1174 assurgi
1539 1130 1704 1175 oportuit.
1728 1131 1826 1166 Inter
1843 1131 1919 1165 haec
1940 1131 2044 1166 Basi-

412 1187 515 1228 lides,
532 1188 623 1223 facto
639 1188 792 1228 silentio,
811 1188 853 1223 de
869 1188 1042 1234 majorum
1062 1200 1205 1222 suorum
1224 1200 1302 1223 cum
1322 1189 1484 1224 Romano
1504 1191 1675 1226 Pontifice
1693 1191 1827 1226 foedere
1842 1195 1876 1226 et
1890 1191 2045 1226 amicitia

413 1251 608 1286 orationem
621 1251 804 1297 ingressus
824 1252 1084 1297 gravissimam,
1106 1252 1149 1286 de
1173 1251 1345 1297 religione
1360 1252 1537 1298 professus
1553 1256 1618 1294 est,
1640 1252 1733 1298 quod
1759 1252 1907 1298 aequitas
1927 1256 2045 1298 postu-

413 1313 515 1349 laret.
527 1313 673 1355 Deinde,
687 1326 819 1349 mensae
835 1319 982 1360 utroque
992 1315 1132 1349 innixus
1145 1315 1274 1354 cubito,
1290 1314 1522 1349 possevinum
1536 1315 1687 1361 benigne
1698 1314 1847 1350 affatur:
1861 1330 1875 1343 ει
1898 1315 2041 1355 Antoni,

419 1391 434 1405 ec
457 1388 542 1411 cura
564 1380 598 1411 te
618 1377 707 1418 cibo,
738 1380 891 1423 potuque
907 1377 1000 1411 vires
1025 1377 1194 1411 confirma
1215 1389 1221 1410 :
1240 1388 1353 1422 neque
1373 1377 1466 1411 enim
1491 1388 1612 1423 parum
1636 1377 1770 1412 itineris
1793 1381 1846 1412 est
1865 1377 1981 1412 Roma
1999 1378 2044 1412 ad

420 1453 435 1468 κ
456 1443 614 1474 nostram
632 1439 700 1473 huc
714 1450 824 1484 usque
838 1439 971 1480 urbem,
995 1439 1087 1485 quod
1106 1439 1296 1474 confeceris
1313 1452 1320 1480 ;
1338 1439 1467 1474 missus
1486 1439 1619 1475 scilicet
1637 1440 1678 1474 ab
1703 1452 1744 1475 eo
1763 1440 1932 1486 principe,
1947 1451 2049 1485 quem

420 1515 435 1530 α
456 1512 520 1536 nos
550 1512 686 1547 quoque
717 1513 781 1547 pro
809 1512 873 1536 sua
904 1501 1036 1536 Summi
1068 1501 1243 1541 Pastoris,
1270 1512 1288 1535 a
1315 1501 1391 1535 Deo
1420 1502 1613 1543 constituti,
1651 1501 1861 1547 maximique
1897 1501 2050 1535 omnium

420 1579 436 1593 <c
458 1563 586 1604 Patris,
604 1564 815 1609 Gregorium
838 1564 970 1599 scilieet
989 1564 1095 1604 XIII,
1118 1563 1319 1598 Romanum
1339 1562 1558 1603 Pontificem,
1586 1563 1812 1597 observamus
1832 1566 1868 1598 et
1883 1562 2047 1603 colimus;

422 1642 438 1656 ιι
458 1637 499 1661 ac
520 1630 707 1672 propterea
725 1630 772 1667 te,
791 1626 1084 1672 quemadmodum
1103 1625 1214 1667 vides,
1237 1630 1428 1660 tractamus
1446 1624 1648 1659 honorifice.
1667 1642 1682 1656 n
1698 1625 1786 1663 Quae
1805 1624 1902 1659 ducis
1921 1625 2046 1665 oratio,

419 1700 617 1735 quanquam
632 1688 693 1723 illa
707 1700 776 1723 non
792 1700 833 1723 ex
853 1688 965 1722 animo
980 1688 1136 1734 profecta
1156 1688 1201 1735 (id
1221 1688 1311 1734 quod
1329 1688 1426 1722 brevi
1440 1699 1458 1722 e
1471 1687 1577 1732 factis¹
1588 1687 1659 1722 suis
1682 1687 1795 1721 extitit
1825 1682 2050 1732 eminuitque)

418 1751 463 1786 ad
481 1751 784 1786 communiendam
803 1754 923 1785 tamen
952 1749 1063 1796 legati
1089 1750 1339 1785 auctoritatem
1367 1753 1402 1784 et
1428 1749 1681 1784 conciliandam
1708 1749 1837 1784 nostris
1866 1759 2049 1795 procerum

418 1812 696 1849 benevolentiam
729 1812 876 1846 multum
895 1811 1028 1853 valuit;
1059 1812 1249 1846 officiosius
1275 1811 1357 1846 inde
1371 1811 1448 1857 jam
1467 1810 1624 1845 Moschis
1643 1814 1678 1845 et
1698 1810 1856 1856 legatum
1875 1814 1910 1845 et
1929 1809 2050 1845 Socios

418 1875 662 1920 amantiusque
689 1874 967 1909 observantibus.
992 1875 1082 1909 Dum
1100 1874 1219 1920 legato
1242 1886 1305 1920 per
1330 1874 1450 1914 tricas,
1472 1873 1730 1918 tergiversante
1757 1873 1843 1907 duce
1862 1872 1905 1906 ad
1931 1871 2049 1907 condi-

249 1946 339 1974 Potoni
357 1955 386 1973 u-
419 1937 549 1972 tionem
568 1936 610 1971 de
629 1936 812 1982 religione,
829 1936 923 1971 lente
948 1937 1105 1982 procedit
1121 1937 1316 1983 negotium,
1344 1936 1501 1971 Polonus
1522 1936 1674 1977 interim,
1697 1936 1804 1970 illatis
1826 1935 1862 1970 in
1882 1936 2049 1971 Russiam

246 1987 392 2055 gffljiagffo'
419 1999 683 2034 Moscoviticam
699 1999 818 2039 armni,
837 1998 1102 2034 Plescovienses
1114 1999 1340 2034 vehementer
1353 2002 1457 2044 urget
1472 1999 1644 2033 obsessos.
1663 1998 1719 2032 Ad
1734 1999 1809 2044 ejus
1823 1998 1874 2033 rei
1887 1997 2049 2032 nuntium

246 2068 323 2094 bello.
420 2061 608 2102 Basilides,
626 2061 747 2095 videns
766 2064 953 2107 properato
967 2062 1042 2108 jam
1059 2061 1123 2096 sibi
1144 2072 1231 2107 opus
1247 2072 1336 2101 esse,
1354 2061 1404 2095 ita
1423 2071 1460 2094 se
1479 2064 1687 2106 contorquet
1709 2073 1714 2094 :
1736 2059 1928 2094 Possevino
1942 2070 2049 2104 nego-

421 2123 508 2158 tium
529 2123 601 2164 dat,
623 2134 743 2168 regem
765 2122 981 2157 Polonorum
999 2127 1119 2158 orator
1144 2123 1241 2169 pacis
1261 2125 1322 2156 aut
1346 2121 1567 2156 induciarum
1587 2123 1705 2167 utique
1723 2126 1762 2157 ut
1787 2121 1904 2161 adeat,
1926 2121 2047 2156 celeri-

422 2190 597 2231 tatemque
616 2186 650 2219 in
678 2184 789 2219 officio
810 2185 992 2230 suscipiat,
1018 2185 1198 2230 multaque
1224 2184 1301 2229 regi
1321 2183 1460 2217 nomine
1485 2183 1604 2228 magni
1623 2183 1721 2217 (lucis
1750 2194 1812 2217 suo
1836 2183 2043 2228 promittat:

421 2249 441 2283 J
447 2259 593 2282 oannem
615 2247 764 2282 Paulum
780 2248 996 2293 Campanum
1026 2259 1102 2281 cum
1127 2247 1255 2281 litteris
1269 2246 1313 2279 ad
1333 2245 1533 2279 Romanum
1552 2245 1797 2291 imperatorem
1825 2248 1859 2279 et
1878 2245 2046 2286 Venetos,

420 2308 802 2354 commerciijungendi
816 2320 935 2349 causa,
953 2308 1087 2353 allegat
1102 2321 1109 2348 ;
1132 2307 1212 2341 inde
1231 2311 1471 2352 perrecturum
1491 2306 1641 2341 Romam
1661 2307 1707 2341 ad
1725 2308 1936 2353 Gregorium
1954 2308 2047 2341 Pon-

419 2372 546 2406 tificem
566 2373 735 2415 (Joannes
755 2376 886 2411 tamen,
910 2372 959 2405 uti
983 2372 1149 2410 diximus,
1169 2369 1474 2406 administratione
1499 2380 1600 2403 novae
1620 2370 1656 2403 in
1676 2369 1823 2403 Polonia
1855 2369 2048 2414 provinciae

419 2437 560 2468 coactus
579 2437 632 2467 est
650 2433 874 2477 subsistere);
897 2432 1095 2478 Stephanus
1123 2430 1352 2470 Drenocoius,
1375 2434 1412 2464 ut
1427 2430 1484 2474 qui
1503 2430 1646 2465 natione
1669 2430 1795 2465 Slavus
1823 2430 2046 2465 inoscovitice

421 2508 491 2531 non
521 2496 609 2530 nihil
637 2494 869 2540 intelligeret,
901 2506 976 2528 cum
1010 2494 1113 2529 Socio
1146 2493 1309 2529 Morienu
1343 2492 1388 2525 ad
1421 2492 1570 2527 reditum
1603 2492 1787 2528 Possevini
1818 2492 1911 2538 apud
1943 2504 1981 2527 se
2012 2493 2047 2526 in
