2184 2953
244 385 308 411 1660

243 424 364 451 Praedicit

244 467 373 499 tranquil-

243 506 263 532 li
274 507 356 532 tatem

243 545 278 571 rei
289 545 373 578 publi-

242 594 276 612 coe
286 586 390 613 RRosc.

234 1416 300 1461 Ejus
311 1416 362 1443 elo-

237 1464 319 1490 glum.

291 2300 324 2326 40

236 2341 290 2367 Pax
313 2346 371 2365 cum

238 2380 325 2407 Suecis

235 2423 357 2449 concilia-

238 2464 281 2489 tur
293 2463 384 2491 Olivae.

410 282 470 314 390
792 281 1069 312 LITUANICARUM
1093 283 1305 313 SOCIETATIS
1327 284 1412 314 JESU
1435 283 1689 314 HISTORIARUM

413 375 522 423 igitur
540 378 654 413 tristia
681 378 811 414 divinae
828 379 971 414 tandem
994 379 1201 421 clementiae,
1224 380 1374 426 benigne
1408 392 1471 415 nos
1499 381 1726 423 consolantis,
1762 381 2033 419 meminerimus.

461 440 560 479 Quod
579 441 621 475 de
641 441 867 487 navi,gran(li
881 442 942 477 illa
960 453 1001 476 ac
1016 442 1193 477 fortunata
1206 442 1330 483 classe,
1350 442 1513 478 Ecclesia
1529 442 1662 478 scilicet
1681 443 1822 484 Christi,
1850 443 1907 478 diu
1927 445 2036 479 maxi-

416 505 480 540 mis
495 506 759 551 tempestatibus
780 507 929 552 Jactata,
963 510 1144 552 poetarum
1163 506 1290 552 aliquis
1311 507 1450 546 cecinit,
1480 507 1649 542 fluctuare
1674 510 1707 541 et
1726 518 1903 552 nunquam
1922 507 2035 553 mergi

414 567 517 602 istam
536 572 647 603 ratem
665 581 671 603 1
694 569 759 603 hoc
778 569 821 603 de
840 568 998 615 phasello
1017 569 1120 615 hujus
1136 569 1272 610 classis,
1295 580 1404 614 regno
1425 568 1598 610 Poloniae,
1619 569 1678 604 diu
1705 569 1924 615 periclitante
1940 569 2035 605 dixe-

413 630 489 665 rim.
509 631 719 666 Fluctuabat
737 632 802 666 hac
822 635 1042 678 tempestate,
1061 632 1243 677 mergique
1262 631 1366 666 toties
1386 631 1461 666 visa
1475 632 1561 666 ratis
1583 632 1649 666 ista
1673 644 1680 666 2
1706 632 1802 678 atqui
1827 632 2035 668 incolumem

413 693 503 728 hanc
516 693 689 740 hodieque
707 694 802 729 vides
817 694 905 740 (quaa
920 693 984 728 Dei
1000 693 1187 739 singularis
1207 697 1300 729 certe
1319 694 1519 740 benignitas
1540 694 1615 741 est),
1634 694 1714 729 hinc
1733 695 1932 730 naviculam
1952 706 2033 730 nos-

409 760 499 790 tram
517 757 669 803 peccatis
685 757 827 797 nostris,
850 756 947 802 quasi
962 768 1030 791 uno
1051 756 1201 791 maximo
1220 756 1371 797 turbine,
1388 756 1423 791 in
1443 756 1604 803 scopulos
1623 757 1825 803 reipublicae
1845 757 2028 804 impellen-

410 818 503 854 tibus
522 832 529 854 ;
546 819 641 854 1111110
655 819 815 866 precibus
829 819 965 865 piorum
985 819 1238 854 sustinentibus
1253 822 1287 854 et
1301 819 1504 865 patrociniis
1523 818 1693 854 coelitum.
1712 819 1818 866 Cujus
1838 820 1889 856 rei
1910 820 2034 867 imagi-

414 892 492 916 nem
506 881 682 927 quandam
700 881 866 916 divinitus
881 881 1054 928 obJ'ectam
1068 881 1261 927 ajunt,viro
1281 893 1299 917 e
1320 881 1501 917 Societate
1517 885 1637 916 nostra
1655 881 1691 916 in
1705 881 1827 928 primis
1851 882 2032 928 religioso,

410 943 516 979 nobili
536 944 649 986 Gallo,
669 944 758 990 juris
772 942 930 978 consulto
950 947 984 979 et
999 955 1110 978 sacrae
1128 943 1318 991 theologiae
1338 943 1472 979 doctori
1486 944 1568 979 olim
1586 944 1621 978 in
1636 944 1827 980 Academia
1853 945 2029 988 Parisina,

409 1007 606 1043 Guilhelmo
633 1007 741 1048 Rose,
764 1006 876 1041 aulico
906 1018 1019 1053 nuper
1039 1007 1173 1052 reginae
1197 1006 1397 1048 Ludovicae,
1429 1006 1544 1041 viduae
1570 1006 1742 1041 Vladislai
1771 1007 1833 1048 IV,
1863 1008 2026 1054 conjugis

408 1070 429 1105 J
434 1070 556 1105 oannis
588 1069 760 1111 Casimiri,
785 1069 962 1116 theologo.
994 1070 1109 1116 AEgro
1134 1069 1214 1104 huic
1244 1081 1323 1104 cum
1350 1080 1368 1104 e
1404 1068 1599 1103 calamitate
1634 1068 1772 1115 publica
1807 1073 1881 1104 tum
1920 1070 2026 1105 etiam

409 1135 543 1175 morbo,
562 1134 856 1175 Czenstochoviae,
873 1134 910 1168 in
925 1133 1066 1169 castello
1087 1133 1245 1168 Poloniae
1265 1132 1389 1179 gratiis
1408 1133 1531 1168 Beatae
1552 1132 1680 1168 Mariae
1699 1133 1857 1179 Virginis
1879 1133 2023 1181 inclyto,

407 1197 657 1244 comparuisse,
684 1197 795 1239 aiunt,
823 1197 970 1232 Beatum
1001 1197 1185 1232 Nicolaum
1213 1196 1418 1243 Myrensem
1441 1196 1657 1242 episcopum,
1686 1207 1728 1231 ac
1758 1197 1970 1243 promendas
1985 1209 2029 1233 ex

408 1272 497 1295 urna
515 1263 627 1295 sortes
644 1260 804 1295 fatidicas
820 1259 1007 1300 obtulisse;
1029 1259 1116 1294 duas
1135 1271 1178 1294 ex
1201 1270 1291 1293 urna
1318 1258 1554 1294 Guilhelmum
1581 1259 1792 1305 prompsisse
1810 1259 2023 1302 tesserulas;

406 1323 442 1357 in
456 1322 564 1358 altera
580 1323 745 1368 scriptum
769 1335 775 1357 :
794 1322 943 1357 Polonia
960 1322 1168 1363 vastabitur,
1186 1326 1222 1357 at
1241 1321 1432 1362 orandum;
1450 1321 1484 1355 111
1500 1321 1612 1357 altera
1630 1334 1637 1356 :
1656 1321 1805 1356 Polonia
1819 1321 2024 1357 restituetur

408 1385 443 1419 in
462 1385 652 1431 integrum,
675 1389 711 1420 at
733 1385 917 1421 orandum.
940 1385 1027 1420 Erat
1046 1396 1128 1420 vero
1151 1384 1371 1419 Guilhelmus
1390 1384 1649 1419 existimatione
1672 1384 1825 1418 omnium
1851 1383 1895 1426 is,
1929 1385 2026 1431 cujus

407 1448 479 1483 vita
493 1451 527 1483 et
541 1459 656 1483 mores
675 1459 737 1494 pro
753 1447 924 1494 exemplo,
947 1447 1038 1482 dicta
1052 1460 1114 1494 pro
1140 1447 1291 1483 oraculis
1310 1446 1537 1481 haberentur.
1562 1446 1719 1481 Lucebat
1738 1446 1774 1481 in
1793 1446 1933 1481 homine
1957 1447 2027 1481 sin-

408 1512 542 1559 gularis
560 1524 638 1547 cum
651 1513 862 1548 verecundia
876 1512 1048 1547 modestia
1071 1524 1077 1546 z
1096 1512 1132 1546 in
1150 1512 1254 1546 rebus
1266 1510 1424 1545 adversis
1440 1510 1611 1556 patientia
1629 1523 1636 1545 2
1658 1510 1693 1544 in
1707 1510 1827 1545 arduis
1846 1510 2024 1546 fortitudo:

406 1580 480 1611 tum
510 1588 627 1611 rerum
650 1575 847 1611 mortalium
875 1586 1087 1621 suorumque
1114 1574 1374 1609 commodorum
1401 1573 1645 1620 negligentia:
1676 1574 1897 1608 minimarum
1924 1573 2029 1608 etiam

408 1639 563 1675 Instituti
581 1639 635 1673 sui
655 1639 959 1685 praescriptionum
984 1642 1156 1685 perpetua
1179 1636 1406 1672 observantia
1428 1649 1434 1671 :
1459 1635 1615 1671 officiosa
1636 1637 1671 1671 in
1703 1648 1823 1672 omnes
1847 1636 2001 1672 charitas
2019 1648 2026 1671 :

407 1714 506 1737 amor
519 1703 584 1737 Dei
601 1706 634 1737 et
653 1706 798 1737 actuosa
821 1702 933 1748 pietas
956 1714 962 1736 2
992 1701 1177 1747 imperium
1199 1701 1234 1734 in
1261 1711 1298 1735 50
1321 1699 1442 1734 durius
1465 1712 1471 1734 ι
1499 1699 1664 1734 vincendi
1682 1700 1735 1734 sui
1754 1701 1839 1747 juge
1860 1699 2026 1735 studium.

408 1766 565 1801 Amictus
592 1765 656 1805 illi,
686 1765 822 1811 frigidis
849 1764 954 1800 etiam
980 1764 1261 1810 tempestatibus,
1297 1762 1413 1803 unica,
1435 1773 1546 1808 eaque
1561 1762 1650 1797 bene
1666 1762 1799 1803 attrita,
1820 1761 2001 1797 lacernula
2020 1775 2027 1797 :

408 1832 555 1863 stratum
573 1839 724 1869 asseres,
744 1832 803 1863 aut
825 1828 920 1863 nuda
938 1828 1064 1862 humus
1086 1839 1092 1861 :
1117 1825 1267 1862 cervical
1293 1824 1383 1871 lapis
1407 1837 1413 1858 :
1443 1823 1640 1870 stragulum
1662 1823 1789 1869 penula
1818 1824 2028 1870 gausapina.

410 1894 449 1928 In
465 1893 660 1928 litterarum
680 1903 811 1938 genere
834 1895 995 1926 versatus
1020 1894 1095 1926 erat
1119 1890 1224 1924 0111111.
1251 1888 1358 1924 Rexit
1385 1888 1420 1921 in
1448 1887 1562 1933 patria
1589 1886 1895 1932 Mussipontanum
1920 1886 2030 1921 Colle-

408 1956 515 2001 gium.
535 1955 657 1990 Officio
676 1954 943 1994 concionatoris,
965 1957 1037 1988 tum
1052 1956 1134 1987 ante
1166 1951 1200 1986 id
1232 1950 1377 1986 rectoris
1397 1961 1536 1989 munus,
1557 1952 1630 1984 tum
1648 1952 1727 1995 post
1740 1949 1775 1983 in
1800 1948 1900 1994 regia
1919 1948 2032 1984 Ludo-

407 2017 493 2052 vicae
512 2017 749 2058 aula,functus
764 2016 952 2062 diligenter
965 2027 1006 2050 ac
1020 2014 1228 2061 perutiliter.
1252 2012 1384 2048 Multos
1399 2012 1443 2046 ab
1458 2011 1599 2051 haeresi,
1617 2011 1766 2045 maxime
1785 2010 2026 2052 Arnaudiana,

407 2080 443 2114 id
460 2080 626 2126 temporis
646 2091 683 2115 se
697 2079 878 2125 vulgante,
903 2079 949 2114 ad
969 2078 1175 2124 religionem
1204 2077 1375 2111 sinceram
1399 2073 1589 2109 revocavit.
1609 2073 1720 2108 Desiit
1743 2073 2026 2108 Czenstochoviae

409 2142 494 2175 VIII
515 2141 685 2176 kalendas
712 2141 855 2176 sextiles
891 2140 993 2176 1657.
1023 2139 1189 2186 Sepultus
1211 2137 1402 2173 honorifice
1429 2136 1549 2171 subter
1577 2146 1674 2170 aram
1698 2135 1820 2170 Beatae
1852 2135 2024 2182 Virginis,

407 2203 519 2239 cultor
537 2204 661 2239 Matris
672 2204 807 2239 Divinae
826 2203 989 2249 mancipii
1004 2202 1143 2237 1101111110
1158 2202 1303 2236 devotus
1318 2211 1339 2234 a
1354 2210 1475 2246 puero.

460 2268 545 2302 Inde
560 2278 669 2312 regno
696 2266 865 2313 paulatim
882 2265 996 2300 redire
1015 2264 1264 2311 tranquillitas.
1288 2264 1436 2298 Ineunte
1456 2261 1521 2295 hoe
1543 2271 1649 2301 anno,
1681 2259 1841 2295 convenit
1859 2270 1928 2305 pax
1950 2269 2030 2293 cum

410 2331 521 2367 Sueco
541 2329 796 2364 conditionibus
816 2328 941 2369 certis;
961 2327 1152 2374 sequestris
1167 2338 1189 2361 a
1207 2326 1368 2360 Romano
1390 2324 1619 2370 Imperatore,
1646 2334 1667 2357 a
1686 2322 1828 2368 regibus
1851 2320 1976 2356 Galliae
1995 2323 2030 2355 et

411 2393 548 2433 Damae,
570 2404 591 2427 a
611 2392 756 2427 Batavis
780 2395 814 2426 et
840 2391 990 2426 electore
1018 2389 1319 2434 Brandeburgico‚
1344 2386 1472 2433 legatis
1488 2386 1535 2433 (1).
1558 2385 1724 2421 Confecta
1756 2395 1853 2431 pace,
1884 2382 2029 2418 Carolus

411 2457 588 2492 Gustavus
609 2454 710 2490 bellis
733 2454 864 2501 pariter
889 2454 995 2489 finem
1022 2452 1186 2499 imposuit
1215 2455 1249 2487 01
1272 2451 1366 2491 vitae,
1392 2450 1424 2485 V
1428 2450 1460 2484 11
1487 2448 1661 2485 kalendas
1685 2447 1829 2483 martias
1856 2446 2032 2482 extinctus

456 2529 497 2565 (1)
520 2528 583 2557 Vid.
601 2526 710 2557 1115101.
730 2527 848 2556 Prussiae
862 2525 888 2554 J.
906 2526 1020 2558 Leonis,
1037 2531 1102 2563 pag.
1119 2524 1188 2552 523.
