2184 2953
678 294 783 322 LIBER
809 294 946 322 SEXTUS
969 292 1176 330 (16110-1620).
1681 286 1740 317 229

132 387 246 427 visus;
268 397 310 420 ea
328 384 458 419 homini
473 384 638 419 continuo
654 383 779 429 injecta
794 382 978 428 cogitatio:
1004 381 1085 427 quin
1100 384 1138 415 tu
1156 379 1247 415 idem
1273 379 1347 426 ipse
1370 383 1466 414 tuum
1485 378 1633 424 suscipis
1660 368 1740 412 con:

131 450 245 484 silium
256 449 268 483 2
294 452 327 482 te
348 459 484 492 quoque
504 446 575 480 vult
595 446 688 480 Deus
708 446 741 480 in
762 445 884 480 eodem
902 444 1028 479 versari
1047 443 1229 478 curriculo.
1249 443 1426 477 Percussit
1440 453 1571 476 arcana
1590 440 1654 475 Dei
1672 450 1740 474 vox

132 514 285 548 animum
304 511 467 550 hominis,
497 521 606 555 eoque
643 509 806 555 perpulit,
840 512 877 542 ut
909 508 1098 548 Christum,
1129 507 1209 541 vitae
1237 507 1370 547 ducem,
1402 506 1435 539 in
1471 506 1644 540 Societate
1677 504 1742 539 sibi

131 576 270 610 addicta
306 574 402 619 sequi
435 572 641 611 decreverit,
672 583 712 605 ac
744 570 903 606 redeunti
935 569 1102 615 postridie
1132 569 1265 604 Simoni
1291 580 1327 603 se
1359 568 1488 603 socium
1516 568 1744 612 comitemque

131 636 279 671 Romam
305 635 349 669 ad
372 634 557 679 collegium
580 634 730 667 tironum
751 632 935 668 Societatis
962 632 1078 666 animo
1098 632 1240 666 incenso
1271 631 1446 665 obtulerit.
1478 630 1598 665 Rebus
1629 629 1743 664 dome-

131 699 240 739 sticis,
259 701 389 744 quanta
404 700 552 742 poterat,
570 695 792 730 festinatione
808 694 998 740 dispositis,
1022 693 1167 739 Leopoli
1184 693 1315 738 pariter
1334 704 1371 727 se
1386 693 1470 727 dant
1484 692 1519 726 in
1540 692 1644 726 viam.

181 762 247 796 Hic
266 761 400 795 animos
424 759 651 794 salutantium
670 759 861 792 amicorum
880 757 924 791 ad
942 756 1149 801 religionem
1168 754 1318 788 advertit
1338 766 1459 788 casus:
1492 753 1593 788 simul
1620 753 1745 787 Petrus

132 823 333 858 conscendit
360 834 498 867 equum,
520 821 658 855 firmum
690 820 786 854 illum
806 822 839 853 et
874 818 982 853 cuivis
1002 817 1099 852 oneri
1130 828 1262 862 parem,
1285 816 1387 850 simul
1414 815 1582 850 sternitur
1612 813 1742 853 bellua,

132 886 323 931 pedemque
339 884 482 929 frangit,
505 883 609 927 idque
628 882 671 916 ab
690 881 811 916 amicis
826 880 860 913 in
881 879 999 924 magni
1018 878 1162 913 terroris
1177 890 1277 912 omen
1297 878 1478 924 accipitur.
1501 878 1580 922 Ipse
1603 877 1741 915 Petrus,

133 948 383 994 imperturbata
406 950 534 985 monte,
552 945 662 979 hostis
682 945 734 979 sui
753 944 1001 988 interpretatus
1015 940 1174 980 insidias,
1198 943 1306 974 mutat
1319 940 1353 973 in
1370 939 1518 985 vestigio
1532 939 1742 984 jumentum,

132 1012 322 1058 plenusque
353 1010 457 1045 animi
490 1010 556 1043 iter
582 1008 797 1054 propositum
829 1006 1037 1052 ingreditur.
1074 1004 1177 1038 Ibant
1198 1006 1343 1047 uterque
1366 1001 1450 1041 laeti,
1485 1000 1678 1045 intentique
1710 998 1744 1032 in

129 1073 346 1108 occasionem
363 1083 497 1106 omnem
512 1070 626 1105 meriti
641 1069 805 1104 salutaris
822 1081 828 1108 ;
847 1067 959 1114 qualis
976 1066 1090 1101 oblata
1118 1068 1183 1104 est,
1205 1076 1282 1098 cum
1301 1075 1344 1098 ex
1366 1063 1490 1097 itinere
1508 1062 1552 1096 ad
1571 1062 1590 1096 J
1596 1072 1745 1095 oannem

133 1136 422 1181 Christophorum
454 1134 613 1168 comitem
644 1130 869 1170 Tarnovium,
905 1128 1132 1163 castellanum
1162 1125 1421 1163 Voinicensem‚
1449 1123 1595 1157 invitatu
1629 1121 1747 1156 uxoris

133 1198 287 1244 Sophiae,
311 1209 329 1231 e
352 1199 457 1242 gente
477 1194 793 1229 Odrovonssiorum
813 1190 944 1237 inclyta
968 1192 1137 1223 matronae
1164 1186 1359 1225 catholicae,
1383 1185 1618 1219 divertissent.
1640 1183 1746 1218 Acce-

136 1264 214 1306 ptus
234 1259 433 1293 humaniter
452 1258 591 1297 Petrus,
614 1254 845 1290 castellanum
871 1252 915 1287 ab
943 1250 1117 1285 haeretiois
1136 1249 1329 1287 seductum,
1347 1248 1382 1282 in
1413 1247 1504 1281 viam
1524 1246 1646 1281 salutis
1666 1257 1744 1280 con-

134 1321 221 1356 siliis
242 1324 393 1360 revocat,
416 1320 532 1364 itaque
564 1316 758 1355 confirmat,
780 1319 817 1348 ut
835 1317 914 1360 post
944 1312 1073 1358 aliquot
1108 1310 1211 1346 etiam
1241 1321 1351 1344 annos
1371 1310 1406 1343 in
1438 1319 1599 1355 supremo
1627 1307 1748 1342 morbo

134 1394 248 1417 comes
271 1394 343 1417 suae
362 1382 454 1415 huuc
474 1381 585 1426 ipsum
609 1382 869 1424 procuratorem
889 1375 1011 1409 salutis
1026 1373 1070 1407 ad
1089 1384 1125 1408 se
1153 1372 1368 1406 invitandum
1392 1371 1586 1411 curaverit3
1618 1369 1749 1415 accepti

134 1444 192 1479 ille
211 1456 271 1490 per
286 1444 457 1478 hominem
477 1442 584 1476 divini
607 1452 738 1475 memor
764 1438 936 1474 beneficii.
960 1437 1041 1472 Pari
1065 1447 1226 1471 successu
1253 1434 1390 1469 consilii
1422 1433 1608 1469 Nicolaum
1628 1432 1749 1468 Miele-

136 1506 264 1545 ckium,
290 1505 448 1540 Podoliae
467 1504 671 1550 palatinum,
694 1501 805 1536 civilis
833 1501 970 1546 quidem
1001 1498 1197 1545 prudenti-ee
1216 1502 1250 1532 ct
1277 1497 1452 1543 aequitatis
1470 1496 1574 1530 laude
1601 1495 1746 1535 clarum,

135 1569 195 1603 sed
224 1568 370 1602 haeresis
390 1578 463 1601 suae
481 1566 755 1601 existimatorem
774 1564 999 1609 pertinacem,
1023 1573 1066 1596 ex
1085 1561 1205 1596 eodem
1224 1561 1349 1594 itinere
1381 1559 1537 1593 adortus.
1561 1558 1748 1592 Fastosum

135 1629 304 1675 principio
323 1628 467 1662 offendit
486 1626 678 1672 palatinum
710 1630 743 1660 et
763 1623 1036 1663 intractabilem3
1062 1621 1235 1656 foemineis
1254 1621 1401 1655 maxime
1422 1620 1540 1654 uxoris
1568 1619 1747 1665 perturba-

136 1696 208 1726 tum
242 1691 442 1731 fraudibus3
473 1701 550 1734 quae
582 1700 672 1722 nunc
699 1687 879 1722 catholicae¹
918 1685 1163 1723 calvinianam,
1194 1694 1286 1717 nunc
1318 1682 1476 1717 arianam
1508 1681 1746 1721 calvinisticae,

136 1765 216 1787 mox
230 1752 367 1798 utrique
378 1752 566 1798 judaicam,
582 1750 706 1784 deinde
720 1749 799 1783 huic
814 1748 917 1783 etiam
933 1746 1037 1781 aliam
1049 1745 1165 1780 nescio
1177 1756 1279 1789 quam
1296 1748 1425 1779 sectam
1441 1743 1598 1778 muliebri
1609 1742 1750 1777 levitate

138 1815 346 1861 disputatrix
361 1826 451 1849 vana
466 1814 686 1860 praeferebat.
710 1810 867 1845 Difficilis
890 1809 953 1843 fuit
972 1820 1049 1842 cum
1067 1807 1209 1853 ingenio
1237 1806 1323 1840 adeo
1351 1806 1471 1839 mobili
1490 1805 1746 1846 controversia;

137 1876 263 1910 victam
292 1887 328 1910 se
356 1875 472 1920 utique
504 1874 611 1909 sensit
637 1872 854 1918 argumentis
885 1871 962 1904 luce
989 1868 1194 1904 clarioribus
1226 1867 1429 1913 pertinacia,
1452 1878 1564 1912 neque
1595 1866 1750 1900 dolorem

139 1948 239 1971 suum
253 1936 482 1971 dissimulavit
497 1935 671 1982 superbia.
690 1934 812 1968 Ultum
827 1932 928 1966 ambo
944 1931 1109 1976 euntjam
1124 1941 1186 1975 pro
1214 1941 1277 1964 sua
1292 1929 1391 1975 quasi
1419 1928 1630 1962 contumelia
1644 1928 1751 1962 victo-

138 2010 211 2033 rem
230 1999 444 2034 sacerdotem
459 2011 464 2032 :
484 1998 623 2032 mittunt
637 1996 797 2035 famulos,
821 1994 879 2039 qui
898 1993 1083 2027 abeuntem
1098 1992 1139 2025 de
1166 1995 1270 2037 ponte
1286 1991 1442 2036 proximo
1459 1990 1494 2024 in
1509 1990 1637 2024 flumen
1653 2001 1750 2036 spar-

140 2064 235 2107 gant.
264 2059 562 2094 Dissimulantium
581 2058 767 2105 prudentia
794 2058 934 2096 factum,
966 2059 1002 2089 ut
1020 2067 1063 2090 ne
1082 2055 1186 2089 heros
1206 2053 1342 2099 imperii
1370 2053 1423 2087 sui
1454 2053 1660 2098 poeniteret;
1691 2053 1751 2087 sed

140 2123 263 2157 oborta
280 2121 453 2156 mentibus
467 2121 557 2162 luce,
574 2120 686 2166 plenis
714 2120 905 2154 officiorum
924 2116 1047 2151 litteris
1072 2117 1214 2151 Petrum
1241 2115 1287 2149 ad
1306 2126 1343 2150 se
1361 2118 1585 2155 revocarent;
1608 2114 1752 2148 damna-

139 2188 240 2229 taque
255 2194 318 2218 sua
337 2183 566 2223 contumacia,
584 2181 789 2227 religionem
809 2179 1014 2214 catholicam
1029 2177 1276 2223 profiterentur
1291 2176 1406 2210 ambo.
1430 2175 1506 2210 Hoc
1525 2187 1587 2210 suo
1603 2176 1753 2211 refectus

140 2245 264 2280 viatico
295 2245 433 2284 Petrus,
468 2247 620 2289 coeptum
655 2244 720 2278 iter
746 2243 866 2277 hilaris
894 2241 1044 2281 conficit,
1077 2241 1295 2285 Romamque
1326 2251 1414 2274 anno
1446 2239 1538 2275 1568
1585 2251 1662 2273 cum
1691 2252 1753 2275 suo

140 2306 264 2341 comite
280 2306 420 2340 Simone
435 2305 526 2339 subit
544 2305 738 2344 incolumis,
757 2305 885 2350 aliquot
900 2302 1075 2337 mensibus
1092 2313 1112 2335 a
1123 2300 1215 2335 felici
1230 2301 1265 2335 in
1280 2301 1405 2335 coelum
1419 2300 1571 2335 transitu
1587 2300 1753 2335 Stanislai

143 2368 291 2403 Kostka.
316 2367 421 2413 Cujus
441 2368 608 2401 adventus
623 2367 723 2401 suiin
737 2367 805 2400 vita
825 2365 981 2411 ejusdem
1000 2363 1102 2398 Beati
1121 2364 1331 2398 mentionem
1349 2364 1398 2398 ita
1417 2364 1499 2398 facit
1515 2376 1521 2398 ;
1543 2378 1557 2392 α
1577 2363 1652 2398 Hos
1673 2375 1752 2409 ego,

145 2444 160 2458 a
182 2430 305 2475 inquit,
327 2440 445 2463 omnes
475 2429 706 2474 (posteaquam
733 2426 899 2462 Stanislai
932 2426 967 2459 in
998 2424 1157 2460 tirocinio
1189 2425 1345 2472 collegas
1374 2426 1602 2469 numerasset)
1636 2435 1756 2470 super-

147 2508 161 2522 α
183 2493 280 2527 stites
298 2492 430 2537 reperi;
459 2494 493 2525 et
510 2490 614 2531 felici,
637 2491 672 2525 in
699 2491 820 2526 eadem
838 2490 920 2524 vitae
938 2488 1114 2534 religiosae
1142 2487 1275 2529 schola,
1296 2487 1421 2522 fruitus
1451 2498 1527 2521 sum
1555 2486 1728 2521 consortio
1747 2498 1754 2521 :

1772 384 1833 411 1612

1772 739 1875 765 Vanum

1771 789 1845 807 omen
1857 789 1899 814 pe-

1771 821 1844 847 riculi
1857 829 1915 847 con-

1772 861 1797 886 te
1802 861 1913 886 mnitur.

1773 1055 1802 1080 In
1815 1053 1908 1079 itinere

1774 1094 1867 1119 Petrus
1877 1092 1915 1118 vi-

1773 1142 1815 1160 ros
1827 1133 1921 1167 princi-

1775 1181 1819 1207 pes
1850 1172 1921 1201 visit,

1774 1214 1802 1239 et
1820 1213 1922 1237 revocat

1775 1251 1809 1278 ad
1821 1250 1910 1277 Eccle-

1777 1290 1851 1316 siam.
