2184 2953
663 292 769 321 LIBER
796 290 952 321 DECIMUS
973 289 1186 331 (1050-1664).
1692 294 1751 326 373

184 383 275 417 Dum
303 382 352 418 ita
380 383 503 425 Sociis,
526 384 655 430 passim
684 384 981 424 occumbentibus,
1002 383 1208 429 aperiuntur
1232 384 1368 425 tumuli,
1404 384 1585 420 Drohicini
1613 386 1752 421 interim

134 444 360 481 fundamenta
387 446 543 493 Collegio
561 448 751 493 jaciuntur.
780 447 845 481 Diu
875 445 1087 492 Subsylvani
1106 445 1241 480 nobiles
1274 447 1520 483 desiderarunt
1550 448 1586 483 in
1621 449 1751 484 Luceo-

134 507 241 542 riensi
259 508 399 543 dioecesi
414 521 477 543 sua
504 521 522 544 e
542 509 715 545 Societate
735 510 880 550 Patres;
902 508 963 543 sed
994 518 1078 553 quos
1097 507 1212 542 adhuc
1232 508 1317 554 ipsis
1332 513 1467 544 tantum
1487 510 1647 556 precibus
1665 512 1751 546 invi-

134 573 262 605 tarent.
284 571 494 606 Primarium
514 576 566 606 est
585 572 676 606 inter
704 571 831 618 oppida
859 570 1112 617 Subsylvanice‚
1144 571 1217 605 sivo
1243 571 1456 613 Podlachiae,
1490 573 1717 608 Drohicinum
1740 586 1747 608 ε

135 643 238 678 super
257 633 408 678 Bugum,
443 645 580 668 amnem
610 634 852 680 pisculentum,
875 633 1126 668 mercatoribus
1154 633 1260 668 etiam
1279 634 1528 679 navigabilem,
1559 635 1634 670 loco
1654 647 1751 671 mon-

133 697 207 729 toso
227 698 261 729 et
279 706 480 740 peramoeno
500 696 617 736 situm,
634 696 802 730 nobilium
818 696 891 741 ejus
902 695 1093 741 provinciae
1112 695 1238 729 civium
1257 695 1396 731 celebre
1414 698 1655 733 conventibus.
1674 699 1752 734 Huc

135 756 254 792 Socios
269 757 364 792 curio
384 759 547 798 civitatis,
565 759 744 793 Plocensis
764 758 965 798 canonimm,
979 757 1111 792 Paulus
1127 757 1394 793 Petrikovskius
1408 759 1457 805 (1),
1478 760 1625 795 excitato
1641 761 1750 796 domi-

133 818 224 859 cilio,
242 819 428 865 assignatis
447 820 610 865 vectigali
628 831 673 855 ex
691 820 798 854 fundo
814 824 847 854 et
862 819 1026 854 curioniis
1045 819 1253 859 redditibus,
1275 820 1515 855 consentiente
1545 822 1753 859 Luceorien-

135 881 224 915 sium
240 881 413 927 episcopo,
432 893 451 917 e
467 881 682 918 Pultoviensi
701 882 856 927 Collegio
876 881 1019 917 deduxit
1038 882 1090 916 IX
1104 882 1270 916 kalendas
1286 882 1498 928 septembres
1513 883 1589 918 luce
1604 884 1754 921 Bartho-

134 943 260 977 lomaeo
289 943 447 989 apostolo
477 955 588 979 sacra.
624 944 762 978 Primus
790 944 936 979 coloniae
972 944 1124 989 suscepit
1143 955 1262 978 curam
1290 944 1331 979 P.
1365 945 1521 980 Joannes
1546 946 1750 989 Savickius;

135 1005 337 1040 attributum
368 1006 484 1040 domui
519 1006 649 1041 curiale
683 1006 850 1052 templum
880 1006 984 1046 1660,
1018 1006 1106 1041 XIV
1135 1005 1307 1041 kalendas
1339 1006 1492 1041 Sextiles.
1523 1008 1690 1044 Probavit
1716 1010 1751 1044 id

133 1068 335 1103 auctoritate
350 1069 449 1115 regia
468 1069 488 1103 J
494 1080 625 1104 oannes
641 1069 831 1104 Casimirus
854 1082 861 1104 :
879 1068 1128 1103 confirmarunt
1139 1068 1264 1103 deinde
1279 1069 1565 1105 Luceoriensium
1580 1071 1748 1118 episcopi,

133 1130 283 1165 extincto
300 1131 502 1165 curionatus
529 1131 630 1165 titulo
649 1131 743 1177 (anu.
777 1131 879 1176 1677)
898 1144 904 1165 ;
924 1131 1111 1176 subrogato
1129 1130 1165 1164 in
1183 1130 1298 1165 locum
1316 1131 1460 1177 parochi
1474 1135 1642 1178 perpetuo
1657 1134 1752 1168 vica-

132 1192 197 1227 rio.
216 1192 302 1227 Pius
322 1193 537 1228 conditorem
556 1193 720 1228 domicilii
747 1193 880 1239 adjuvit
893 1193 1080 1239 insigniter
1093 1192 1258 1228 Albertus
1274 1193 1455 1228 Emericus
1477 1194 1635 1229 Mleczko
1655 1196 1753 1241 pala-

131 1254 225 1289 tinus
252 1254 467 1295 Podlachiae,
505 1258 539 1290 et
562 1255 689 1290 nobilis
707 1259 867 1290 matrona
886 1266 905 1290 e
930 1254 1061 1290 familia
1077 1255 1272 1290 Sarnackia
1310 1255 1481 1301 Hedvigis
1508 1256 1748 1293 Minczevska.

132 1317 301 1352 Firmavit
327 1317 398 1352 suis
428 1318 601 1364 praesidiis
634 1318 774 1352 domum
804 1318 929 1352 horum
959 1318 1175 1363 aliorumque
1207 1318 1319 1364 pietas
1349 1318 1521 1353 adversus
1556 1319 1749 1355 Photianos

132 1379 381 1421 schismaticos,
420 1380 494 1426 ejus
538 1380 688 1415 civitatis
723 1379 855 1415 incolas
874 1394 881 1422 ;
920 1380 978 1426 qui
1015 1380 1136 1415 Socios
1168 1381 1261 1415 aditu
1293 1381 1398 1416 etiam
1433 1381 1552 1427 oppidi
1592 1386 1752 1418 arcerent

132 1442 372 1489 pertinaciter.

180 1505 345 1545 Resselii,
366 1504 497 1551 primus
526 1503 677 1539 Lindani
705 1503 817 1538 cultor
844 1503 963 1550 agelli,
986 1504 1027 1539 P.
1052 1503 1172 1539 Simon
1190 1503 1326 1539 Heinus
1341 1504 1443 1540 desiit
1470 1517 1576 1552 agere
1596 1510 1630 1542 et
1647 1508 1744 1553 pati;

130 1578 237 1602 annos
251 1567 310 1602 ille
330 1566 457 1601 multos
476 1566 650 1608 Lituanis,
680 1566 832 1607 Prussis‚
862 1566 1065 1607 Estonibus,
1087 1565 1292 1606 Livonibus,
1315 1566 1471 1607 Polonis,
1499 1572 1533 1603 et
1552 1569 1748 1615 Hungariae

129 1629 296 1669 finitimis,
314 1633 476 1664 strenuus
501 1628 683 1674 religionis
715 1628 896 1663 catholicae
924 1628 1145 1674 praedicator.
1173 1628 1344 1663 Pestifero
1372 1629 1408 1664 in
1425 1629 1571 1665 Varmia
1589 1634 1746 1677 tempore

131 1692 318 1738 diligenter
335 1692 471 1726 curavit
502 1691 740 1730 moribundos,
779 1690 964 1737 plerosque
999 1694 1167 1732 mortuos,
1189 1689 1225 1725 in
1239 1691 1294 1725 his
1319 1691 1406 1726 duos
1430 1692 1609 1738 adjutores
1628 1693 1747 1729 Socios

130 1766 224 1797 suos,
245 1755 319 1801 ipse
345 1754 481 1789 extulit.
500 1753 683 1800 Superavit
702 1754 747 1788 ad
770 1765 899 1788 annum
925 1753 1040 1788 aetatis
1060 1754 1312 1799 octogesimum
1328 1758 1501 1799 quartum.
1526 1756 1749 1792 Immaturior

129 1817 288 1853 occubuit
315 1818 355 1852 P.
395 1818 521 1852 Petrus
548 1816 765 1863 Kojalovicz,
787 1816 893 1850 frater
912 1815 1184 1851 clarissimorum
1216 1817 1252 1850 in
1279 1817 1345 1852 hac
1376 1819 1557 1863 provincia
1579 1820 1744 1861 virorum,

128 1881 262 1916 Alberti
280 1884 314 1916 et
328 1880 500 1921 Casimiri,
523 1882 606 1914 natu
627 1879 802 1914 minimus.
825 1879 938 1913 Natus
957 1878 1087 1914 Caunae
1106 1879 1309 1924 parentibus
1327 1880 1514 1921 nobilibus,
1536 1892 1557 1915 a
1571 1882 1748 1917 territorio

131 1943 239 1989 Vijuk
257 1942 414 1978 oriundis
436 1955 442 1977 :
465 1942 501 1976 in
526 1942 733 1977 Societatem
752 1945 913 1987 acceptus
933 1952 952 1976 e
971 1940 1099 1975 scholis
1119 1941 1359 1976 Cannensibus
1374 1953 1464 1977 anno
1496 1943 1601 1979 1637.
1630 1943 1747 1980 Vilnae

132 2004 168 2039 in
187 2004 342 2050 Collegio
356 2004 526 2050 magister
540 2004 785 2050 philosophiae,
801 2003 968 2050 praelecta
979 2002 1119 2037 vixdum
1133 2002 1258 2048 logica,
1272 2002 1366 2038 lento
1383 2008 1606 2051 consumptus
1621 2006 1751 2047 morbo,

131 2070 306 2101 contracto
331 2077 373 2102 ex
402 2066 523 2101 labore
552 2066 736 2101 immodico
768 2066 803 2100 in
836 2076 919 2100 cura
955 2065 1164 2099 rusticorum
1191 2064 1349 2106 salutari,
1387 2066 1546 2112 paschali
1578 2071 1748 2114 tempore.

133 2129 316 2164 Extinctus
335 2131 387 2163 est
413 2128 523 2174 pridie
542 2128 621 2163 idus
634 2128 739 2174 junii,
773 2128 903 2163 exitum
935 2127 1113 2162 morientis
1132 2130 1306 2173 praesente
1326 2128 1506 2163 Sociorum
1532 2129 1694 2176 collegio,
1717 2135 1750 2166 et

133 2191 268 2226 duobus
287 2191 323 2226 in
340 2202 380 2226 eo
408 2191 585 2237 germanis
616 2190 795 2233 fratribus,
819 2190 995 2225 Casimiro
1015 2193 1150 2224 rectore
1169 2189 1318 2235 Collegii
1342 2194 1375 2224 et
1391 2190 1550 2233 Alberto,
1568 2192 1642 2228 Deo
1660 2205 1752 2228 com-

133 2253 388 2289 mendantibus.
410 2252 464 2288 Ab
483 2253 625 2289 ineunte
643 2256 747 2288 {etate
770 2253 934 2288 virtutem
952 2252 1058 2287 coluit
1076 2251 1275 2298 diligenter,
1297 2251 1332 2285 in
1350 2251 1470 2298 primis
1489 2254 1749 2297 castimoniam3

133 2314 237 2360 hujus
258 2314 441 2349 servandae
453 2314 528 2361 jam
547 2327 645 2361 puer,
667 2315 792 2350 deinde
811 2313 992 2350 Societatis
1008 2313 1093 2348 Jesn
1107 2313 1270 2348 ineundae
1290 2313 1494 2350 adolescens
1518 2327 1609 2352 anno
1630 2322 1752 2364 quarto

134 2376 267 2411 decimo
295 2376 380 2411 votis
399 2388 435 2411 se
451 2376 696 2412 obstrinxerat.
713 2377 908 2423 Utrumque
922 2377 1085 2423 praestitit
1099 2377 1270 2414 fideliter:
1289 2382 1405 2414 castus
1425 2391 1574 2426 semper,
1596 2382 1753 2428 religiosi

136 2441 247 2474 status
262 2438 316 2473 sui
334 2449 455 2474 amans
470 2442 670 2475 constanter
688 2439 733 2475 ab
748 2450 840 2475 anno
866 2439 974 2482 1637;
996 2451 1062 2486 quo
1082 2440 1126 2476 ad
1150 2439 1335 2486 collegium
1354 2442 1565 2478 novitiorum
1579 2443 1752 2481 admissus

178 2505 221 2545 (1)
244 2506 316 2536 Alibi
334 2508 438 2546 legitur
453 2507 588 2548 Andreas,
600 2509 751 2539 canonicus
768 2509 896 2546 prelatus
913 2507 1120 2546 Luoooricnsis,
1139 2511 1278 2547 parochus
1296 2510 1518 2540 Drohicinensis.

1778 397 1841 424 1654

1835 438 1864 463 10

1776 477 1911 505 Drohicini

1776 520 1861 553 prima
1878 520 1922 545 So-

1775 560 1873 586 ciorum

1776 599 1885 626 colonia.

1832 1490 1861 1515 11

1776 1529 1805 1555 P.
1818 1529 1899 1556 Heini

1775 1570 1863 1596 obitus

1774 1610 1887 1636 Rosseui

1775 1649 1859 1682 pridie
1871 1649 1924 1675 kal.

1774 1688 1838 1721 maji
1852 1696 1920 1714 anno

1777 1728 1863 1754 {etatis
1880 1728 1922 1754 84.

1835 1769 1866 1795 12

1776 1808 1871 1834 Petrus

1776 1847 1880 1880 Kojalo-

1777 1887 1840 1913 wicz
1850 1887 1906 1914 Vil-

1777 1934 1826 1954 11oe-
