2184 2953
222 374 287 401 1653

221 417 328 450 Excipit

222 458 362 486 honorifice

222 501 325 530 civitas.

222 644 369 673 PerB.Vir-

223 687 311 720 ginein

224 726 291 751 mira
305 724 370 750 miro

223 767 350 801 impetrat

224 806 308 836 modo.

391 273 451 306 364
771 274 1045 305 LITUANICARUM
1069 272 1278 304 SOCIETATIS
1300 273 1385 303 JESU
1412 271 1664 302 HISTORIARUM

394 371 557 418 pretiosis
580 371 744 418 imposita
762 370 914 412 ferculis,
937 369 1121 406 incedente
1149 368 1308 404 omnibus
1339 366 1472 402 laetitiis
1500 370 1579 414 post
1598 378 1698 402 suum
1717 366 1910 403 antistitem
1938 368 2021 404 civi·

395 438 479 475 tate,
502 434 723 469 sacerdotum
750 433 905 469 humeris
931 433 1044 468 illata.
1068 431 1240 478 Equidem
1265 430 1360 465 haud
1379 430 1463 470 seio,
1485 440 1602 465 secum
1628 429 1797 464 Nicolaus
1821 441 1923 466 sacra
1946 431 2023 467 haeo

394 497 544 543 pignora
562 496 703 531 Vilnam
735 496 922 532 contulerit
950 495 1096 542 pariter,
1117 493 1301 529 reveniens
1321 504 1364 528 ex
1383 492 1485 527 Italia
1517 491 1621 538 (quod
1639 492 1675 526 in
1703 492 1775 526 rita
1794 504 1858 527 sua
1891 494 2023 540 scripta

394 559 474 605 lego
495 559 698 604 obscurius),
717 570 759 593 an
778 562 857 605 post
885 571 984 593 suum
1007 559 1082 605 jam
1109 558 1260 592 reditum
1287 556 1484 603 acceperit:
1508 568 1590 591 nam
1617 557 1657 591 P.
1678 557 1865 592 Zacharias
1882 558 2023 594 Modze-

398 622 569 663 levslrius,
595 633 637 656 ex
655 622 883 667 scriptoribus
908 621 1131 656 Lancicianae
1145 621 1241 660 vitae,
1269 619 1438 654 Casimiro
1454 618 1656 654 Koialovicz
1693 622 1726 653 et
1744 619 1925 665 Boguslao
1941 621 2023 655 Bal-

398 683 492 724 bino,
515 684 557 719 de
588 682 869 730 transportandis
889 682 997 718 sacris
1024 683 1182 729 reliquiis
1202 682 1388 718 Nicolaum
1409 683 1483 729 jam
1504 683 1595 718 domi
1623 687 1787 730 agentem
1814 684 1849 719 in
1869 685 2026 731 Collegio

399 746 573 786 Vilnensi‚
595 745 703 781 tradit
730 745 916 780 sollicitum
944 745 1052 780 fuisse
1071 758 1077 779 :
1113 745 1217 791 quod,
1240 745 1368 780 coortis
1386 745 1453 780 hac
1479 749 1686 792 tempestate
1705 746 1874 782 adversus
1894 747 2026 783 Roma-

399 821 481 844 num
514 809 722 844 Pontificem
754 808 914 850 Venetis,
944 808 1109 843 infestum
1141 812 1234 844 esset
1260 809 1327 843 iter
1345 820 1407 854 per
1438 808 1588 843 Italiam,
1624 809 1737 847 Quam
1770 809 1813 844 ob
1842 821 1916 845 rem
1946 822 2028 846 suas

400 884 482 919 opes
496 872 582 907 istas
602 871 721 906 tutelae
742 870 869 906 1111111εο
896 882 958 917 per
977 871 1125 907 Beatam
1144 872 1327 918 Virginem
1353 872 1472 907 multis
1491 872 1654 919 precibus
1682 873 1946 909 commendasse
1965 886 1972 915 ;
1993 873 2030 909 id

400 945 483 968 vero
510 933 623 979 ipsum
647 933 704 966 via
730 932 855 967 secisse
882 933 1055 968 mirabili:
1078 945 1140 980 per
1159 934 1343 980 epistolam
1362 935 1495 971 scilicet
1513 948 1534 971 a
1553 948 1590 971 se
1613 937 1658 971 ad
1673 937 1832 977 Beatam,
1850 938 1973 973 Trocis
1992 939 2030 973 in

401 1008 462 1031 sua
486 995 640 1042 imagine
659 994 833 1030 celebrem
852 996 989 1041 gratiis,
1013 996 1178 1042 scriptam
1195 1010 1201 1031 :
1236 997 1379 1032 missam
1397 1010 1459 1044 per
1477 999 1521 1034 P.
1543 998 1717 1034 Adamum
1737 1000 1896 1036 Olorium
1916 1001 2031 1048 (quem

402 1058 561 1104 equidem
580 1061 663 1104 puto
692 1057 931 1092 Labenelrium
956 1058 1005 1093 510
1033 1070 1095 1105 per
1111 1059 1437 1106 interpretationem
1456 1062 1606 1097 nominis
1625 1062 1851 1110 appellatum)
1870 1067 1903 1098 et
1923 1064 2030 1099 Nico-

402 1122 497 1157 laum
516 1120 828 1163 Koloziemslrium‚
851 1132 869 1156 e
890 1120 1046 1167 Collegio
1067 1122 1266 1157 academico
1294 1123 1543 1159 scholasticos:
1574 1124 1724 1159 monitos
1744 1124 1838 1166 illos,
1861 1137 1961 1161 suam
1981 1127 2032 1162 uti

404 1185 584 1232 epistolam
604 1196 665 1232 pro
686 1183 834 1230 supplici
852 1183 971 1219 libello
991 1184 1026 1218 in
1046 1195 1109 1218 ara
1123 1185 1245 1219 Beata)
1265 1185 1424 1231 Virginis
1446 1185 1673 1232 deponerent,
1692 1187 1922 1233 precibusque
1940 1199 2031 1223 com-

405 1248 622 1284 mendarent.
646 1246 702 1282 1111
722 1247 820 1288 certi,
842 1246 931 1282 nihil
950 1258 1052 1294 posse
1075 1247 1220 1293 indigne
1238 1247 1325 1289 fieri,
1344 1248 1435 1294 quod
1462 1249 1518 1284 1110
1537 1250 1589 1284 vir
1608 1249 1820 1286 venerabilis
1838 1250 2032 1287 faciendum

406 1311 546 1359 putarit,
566 1309 749 1346 consilium
764 1310 879 1344 animo
899 1309 1047 1356 simplici
1063 1314 1293 1356 exequuntur.

455 1373 586 1409 Mirum
612 1372 648 1407 id
674 1372 775 1407 nobis
805 1372 956 1419 quidem,
985 1372 1077 1419 quod
1104 1376 1329 1408 consecutum
1363 1374 1416 1415 sit,
1448 1379 1552 1422 atque
1582 1376 1812 1412 incredibile:
1844 1389 1968 1425 nempe
2004 1379 2034 1414 si

405 1436 533 1471 nostris
552 1435 620 1470 ista
639 1434 789 1469 modulis
808 1435 1016 1476 metiamur;
1039 1435 1131 1481 quod
1150 1436 1179 1470 si
1198 1436 1353 1471 animum
1384 1438 1575 1484 prudentes
1602 1439 1648 1474 ad
1666 1451 1720 1481 ea,
1751 1452 1829 1486 quae
1857 1441 2033 1477 interdum

407 1500 562 1546 indignis
581 1499 686 1535 etiam
704 1499 803 1533 nobis
824 1498 942 1534 divina
959 1503 1106 1545 praestat
1132 1501 1345 1547 benignitas,
1376 1501 1698 1545 animadvertimus,
1720 1504 1800 1545 ista,
1823 1508 1856 1540 et
1882 1517 1960 1551 quae
1977 1505 2032 1541 his

407 1563 575 1610 majorem
593 1561 700 1597 1110110
716 1561 1024 1598 admirabilitatem
1039 1562 1182 1604 habent,
1204 1564 1322 1599 nescio
1337 1576 1398 1599 cur
1417 1564 1522 1600 fidem
1538 1569 1693 1601 nostram
1712 1571 1890 1613 superent.
1913 1569 2035 1614 Itaque

407 1625 532 1662 obtulit
558 1625 707 1666 litteras,
729 1629 960 1672 acceptasque
976 1637 997 1660 a
1016 1626 1125 1661 Beata
1143 1626 1293 1673 Virgine
1315 1627 1464 1662 credidit
1482 1639 1559 1662 cum
1588 1629 1681 1664 socio
1710 1629 1872 1665 Olorius:
1896 1635 1932 1665 01
1951 1642 2037 1677 quas

407 1689 482 1734 ipse
497 1688 636 1734 quidem
655 1687 754 1722 initio
770 1688 825 1722 sui
844 1688 1007 1723 sacrificii
1026 1688 1061 1723 in
1093 1689 1197 1724 altari
1216 1691 1471 1736 composuisset
1493 1691 1625 1736 pariter
1644 1703 1721 1727 cum
1747 1692 1876 1734 hostia,
1894 1697 2037 1739 peracto

409 1750 535 1786 deinde
555 1750 739 1791 sacrificio,
757 1750 887 1785 frustra
904 1755 1049 1798 uterque
1067 1752 1298 1798 quaesirisset.
1322 1752 1369 1787 At
1390 1753 1576 1788 Lancicius
1602 1753 1704 1789 facile
1724 1755 1846 1790 eodem
1872 1756 2039 1802 temporis

409 1813 556 1849 articulo
577 1813 707 1859 reperit
727 1813 832 1855 domi,
862 1813 897 1848 in
926 1825 989 1849 suo
1016 1814 1183 1857 cubiculo,
1213 1815 1405 1862 explicatas
1436 1815 1472 1851 in
1504 1827 1639 1856 mensa,
1669 1827 1747 1852 cum
1765 1817 1832 1853 1100
1863 1818 2038 1865 adscripto

409 1877 504 1913 brevi
526 1887 716 1922 responso:
740 1876 900 1917 Nicolae,
918 1877 1010 1923 quod
1026 1879 1148 1918 orasti,
1167 1878 1376 1925 impetrasti.
1400 1878 1522 1914 Oravit
1545 1882 1674 1919 autem,
1693 1883 1731 1914 ut
1771 1891 1870 1915 sacer
1896 1881 2039 1916 thesau-

410 1951 469 1974 rus
497 1950 594 1980 suus,
618 1942 815 1973 sanctorum
843 1951 1027 1985 corporum
1046 1940 1214 1987 reliquiae,
1235 1941 1372 1987 integer
1400 1941 1446 1976 ad
1462 1952 1513 1985 ¹se
1532 1942 1768 1987 perferretur:
1800 1946 1838 1978 ut
1857 1955 1957 1979 servo
1976 1955 2039 1979 suo

411 2003 559 2041 Nicolao
580 2003 642 2038 Dei
653 2015 781 2049 parens
804 2003 1007 2050 impetraret
1021 2004 1195 2051 insignem
1214 2005 1296 2040 vitae
1314 2005 1550 2045 sanctitatem,
1570 2008 1603 2040 et
1622 2005 1744 2040 modos
1766 2009 1893 2048 certos,
1913 2007 2038 2053 quibus

411 2067 457 2102 ad
476 2067 683 2113 religionem
704 2067 875 2102 sinceram
895 2071 929 2102 et
946 2079 1100 2103 amorem
1123 2068 1189 2104 Dei
1212 2068 1433 2115 pertraheret
1456 2068 1765 2114 quamplurimos:
1784 2073 1822 2103 ut
1842 2069 1921 2111 sibi,
1943 2073 2040 2104 tran-

413 2131 520 2166 situro
536 2130 581 2164 ad
595 2130 784 2164 Beatorum
802 2130 966 2176 patriam,
984 2130 1244 2166 condonaretur
1259 2130 1409 2176 vectigal
1429 2130 1528 2171 illud,
1548 2131 1640 2177 quod
1656 2131 1924 2178 dependendum
1948 2135 2040 2167 esset

414 2206 475 2241 pro
497 2194 632 2229 delictis
653 2194 687 2229 in
707 2194 944 2241 piacularibus
963 2194 1144 2230 incendiis.
1164 2195 1312 2230 Factum
1326 2194 1392 2229 hoc
1406 2193 1559 2234 Nicolai,
1577 2193 1622 2228 ad
1637 2198 1810 2230 rectorem
1839 2194 1986 2240 Collegii
2006 2199 2041 2230 et

413 2256 501 2292 alios
524 2268 591 2302 quo
614 2257 732 2292 nescio
752 2257 864 2292 indice
890 2256 1057 2298 delatum,
1075 2268 1183 2303 grave
1206 2257 1310 2293 subiit
1323 2256 1494 2302 judicium
1508 2268 1514 2290 :
1529 2255 1643 2291 visum
1657 2256 1745 2291 istoc
1759 2256 1914 2292 insolens
1930 2268 1970 2292 ac
1988 2260 2039 2293 te-

413 2318 601 2354 merarium
616 2331 692 2354 cum
704 2319 877 2355 coelitibus
893 2320 1150 2355 commercium:
1172 2331 1296 2354 ausum
1312 2319 1346 2354 id
1357 2318 1543 2355 Nicolaum
1559 2319 1654 2354 nullo
1669 2320 1842 2366 ejusmodi
1857 2320 2035 2367 exemplo:

415 2384 529 2418 virum
545 2383 733 2428 caeteroqui
754 2386 893 2417 cautum
917 2387 951 2418 et
971 2383 1176 2429 sapientem,
1202 2382 1258 2417 hic
1295 2382 1409 2428 specie
1429 2382 1591 2417 beneficii
1612 2382 1720 2417 divini
1740 2394 1761 2417 a
1780 2383 2040 2429 praestigiator-e

418 2447 576 2481 daemone
601 2444 794 2491 deceptum.
816 2446 865 2480 lta
889 2445 1160 2492 reprehendenti
1179 2444 1307 2479 sactum
1322 2445 1449 2479 rectori
1469 2444 1571 2480 facile
1599 2446 1781 2481 consensit
1805 2446 1858 2482 vir
1885 2445 2036 2481 humilli-

416 2520 507 2543 mus.
535 2507 615 2554 Ipse
642 2519 778 2554 quoque
799 2509 1032 2543 temeritatem
1052 2508 1221 2544 damnare
1237 2519 1335 2543 suam
1352 2511 1383 2544 et
1399 2508 1532 2555 pariter
1549 2519 1753 2554 coarguere.
