2184 2953
273 392 335 419 1621

275 759 386 786 Labores

274 799 362 825 bellici
394 798 421 823 et

274 837 397 864 victoriae.

442 287 502 318 266
809 288 1082 318 LITUANICARUM
1108 287 1316 317 SOCIETATIS
1338 287 1423 317 JESU
1446 286 1696 316 IIISTORIARUM

446 378 528 424 quin
541 377 588 413 ad
605 381 733 419 castra,
754 378 909 413 nondum
923 378 981 414 ille
996 390 1017 413 a
1036 390 1118 413 casu
1140 378 1274 419 firmus,
1299 377 1466 413 evolaret.
1491 377 1571 412 Non
1592 377 1688 424 prius
1711 378 1829 423 utique
1856 389 1896 412 eo
1925 389 1962 412 se
1980 389 2056 412 ver-

443 440 498 481 tit,
519 451 621 486 quam
639 444 800 486 precatus
818 452 943 475 numen
967 440 1133 481 divinum,
1154 441 1379 487 initiatusque
1397 439 1441 474 ab
1469 439 1628 485 episcopo
1649 438 1806 484 gladium
1833 443 1866 474 et
1893 439 2056 474 vexillum

445 502 654 548 accepisset;
676 501 851 548 professus
877 502 943 536 hoc
965 506 1079 547 pacto,
1103 514 1171 537 non
1189 514 1332 537 usurum
1350 514 1388 537 se
1405 502 1511 537 armis
1531 502 1597 537 nisi
1623 501 1669 536 ad
1686 502 1867 548 religionis
1886 501 2057 536 defensio-

446 575 526 599 nem
544 567 605 598 aut
622 563 758 610 patriae.
779 564 892 604 Adde,
913 564 1003 609 quod
1017 563 1180 606 traditur,
1198 565 1361 599 Carolum
1388 576 1464 599 eam
1495 564 1745 610 professionem
1771 564 1999 609 jurejurando
2018 575 2059 598 ac

447 626 663 673 syngrapha,
686 637 747 661 suo
775 626 971 672 conscripta
998 627 1184 672 sanguine,
1213 627 1450 661 confirmasse.
1475 626 1621 660 Gratum
1640 626 1674 660 id
1693 626 1800 660 fuisse
1822 626 1909 666 Deo,
1931 630 2059 661 eventa

446 692 496 722 tot
510 699 678 734 prospera
696 688 978 733 comprobarunt.
1000 688 1100 723 Mille
1119 688 1329 735 quingentos
1353 688 1446 734 apud
1464 688 1648 722 Revaliam
1666 699 1758 722 anno
1778 688 1870 722 1604
1888 700 1894 722 :
1912 692 2060 733 quatuor

446 749 556 784 millia
573 749 666 796 apud
682 750 873 796 Dei-patum
896 750 1018 785 eodem
1032 762 1125 785 anno
1144 763 1150 785 :
1172 755 1303 797 septem
1322 751 1431 784 millia
1445 750 1490 784 ad
1510 761 1651 796 pagum,
1670 749 1724 783 cui
1751 760 1877 783 nomen
1898 749 1943 783 ab
1969 749 2059 784 Albo

446 812 587 858 lapide:
610 812 694 847 alibi
721 812 822 853 alias,
845 813 995 858 maiores
1018 813 1133 851 etiam,
1156 813 1307 847 hostium
1333 812 1447 858 copias
1466 812 1677 858 profligavit.
1708 811 1879 846 Undecim
1898 811 2007 845 millia
2025 815 2059 846 et

447 878 606 910 trecenos
632 874 723 920 apud
755 874 998 908 Kircholmuni
1025 875 1070 909 ad
1103 875 1374 909 internecionem
1400 875 1535 916 cecidit,
1569 875 1643 920 ipso
1679 874 1869 908 Succorum
1904 873 2059 919 principe

448 936 572 972 Carolo
599 936 633 970 in
658 935 777 982 fugam
798 940 888 977 acto,
916 936 1050 971 duobus
1079 937 1288 982 fugientium
1319 937 1472 971 millibus
1503 936 1536 971 in
1565 936 1742 982 gurgitem
1770 935 1996 981 praecipitatis
2019 946 2060 969 ac

447 998 635 1033 submersis
653 998 700 1044 (1).
723 997 924 1032 Gratulatus
957 998 1036 1033 duci
1062 999 1104 1033 de
1136 999 1281 1034 victoria
1311 999 1493 1034 Romanus
1523 999 1627 1033 etiam
1648 997 1822 1037 Pontifex,
1854 996 1985 1031 Paulus
2013 997 2058 1038 V,

447 1061 481 1095 in
506 1072 569 1095 sua
593 1060 633 1095 ad
653 1060 823 1095 Joannem
841 1060 1000 1106 epistola,
1022 1072 1110 1095 anno
1135 1062 1226 1097 1605
1245 1061 1327 1096 data
1344 1061 1379 1107 (2)
1398 1073 1404 1095 :
1429 1076 1444 1089 α
1466 1061 1579 1107 plane,
1594 1060 1718 1106 inquit,
1740 1059 1914 1106 specimen
1935 1059 2062 1094 dedisti

450 1138 466 1152 a
487 1122 666 1157 fortissimi
684 1126 787 1168 atque
813 1122 1060 1168 sapientissimi
1086 1123 1204 1164 ducis;
1236 1128 1269 1158 et
1295 1135 1359 1158 nos
1387 1123 1478 1157 hanc
1505 1127 1600 1157 tuam
1628 1126 1852 1168 praestantem
1884 1121 2058 1162 virtutem,

450 1199 465 1214 κ
489 1196 557 1231 qua
588 1184 728 1231 generis
758 1185 808 1219 tui
836 1184 1043 1230 praeclaram
1078 1185 1298 1221 nobilitatem
1334 1186 1421 1220 adeo
1457 1185 1652 1226 illustrasti,
1690 1184 1835 1219 mirifice
1864 1183 2060 1224 laudamus,

452 1262 467 1276 ει
489 1252 593 1293 teque
618 1247 660 1281 ob
679 1246 727 1287 id,
748 1251 786 1281 ut
817 1246 927 1281 filium
946 1246 1047 1282 valde
1075 1247 1239 1281 dilectum
1269 1247 1303 1281 in
1328 1246 1476 1281 Domino
1508 1245 1778 1292 complectimur.
1805 1263 1820 1277 ω
1851 1245 1928 1279 Duo
1948 1245 2062 1279 Lune-

448 1309 584 1355 burgici
603 1308 790 1355 principes,
813 1308 929 1343 Caroli
957 1309 1086 1344 Suetici
1113 1309 1316 1349 auxiliares,
1347 1309 1448 1351 caesi;
1480 1308 1603 1354 quibus
1630 1308 1734 1342 etiam
1761 1307 1892 1341 funeris
1919 1306 2063 1341 arbitria

449 1372 553 1417 Rigae
573 1370 676 1405 solvit
694 1370 903 1416 magnifice:
930 1371 1033 1417 idque
1052 1371 1098 1417 pii
1118 1371 1257 1406 victoris
1284 1370 1431 1405 officium
1458 1370 1575 1405 hostes
1603 1369 1707 1404 etiam
1734 1368 1850 1403 multis
1877 1368 2062 1414 praeconiis

449 1434 645 1468 laudarunt.
685 1433 974 1468 Revalescentem
1012 1445 1073 1480 per
1104 1432 1299 1474 intervalla,
1333 1436 1535 1479 persecutus
1568 1433 1770 1472 Gustavum,
1799 1435 1874 1465 tota
1900 1430 2060 1471 Livonia‚

451 1496 575 1531 comite
596 1496 722 1542 ubique
741 1495 899 1537 victoria,
917 1496 1075 1541 agitavit.
1095 1496 1164 1531 Sex
1182 1495 1292 1530 millia
1314 1495 1466 1530 hostium
1487 1493 1580 1540 apud
1607 1493 1883 1528 Dunaemundam
1909 1492 2064 1528 funditus

450 1559 611 1606 perdidit.
635 1558 897 1598 Mansseldium,
916 1558 1046 1593 Suetici
1065 1557 1185 1592 ducem
1209 1557 1393 1598 exercitus,
1415 1569 1432 1591 a
1460 1556 1604 1603 Derpati
1624 1556 1797 1590 moenibus
1819 1555 1941 1602 rejecit
1963 1555 2063 1590 semi-

451 1633 592 1663 necem3
609 1620 690 1655 inde
714 1621 934 1660 Parnaviam‚
957 1620 1073 1655 exciso
1088 1619 1207 1654 hostili
1222 1619 1398 1665 praesidio,
1422 1618 1653 1665 redipiscitur.
1672 1618 1853 1653 Volmaria
1873 1618 2065 1653 instructis-

453 1684 559 1719 simas
594 1682 705 1717 hostis
746 1682 875 1728 copias,
922 1687 1023 1717 nocte
1069 1682 1277 1728 intempesta
1309 1681 1465 1721 adortus,
1499 1681 1659 1715 exturbat
1690 1693 1696 1714 :
1724 1680 1865 1726 reliquis
1908 1680 2066 1714 Livoniae

453 1744 674 1780 munimentis
701 1748 848 1785 emovet,
882 1744 1124 1789 fugientesque
1151 1744 1280 1790 passim
1311 1743 1435 1778 sternit
1457 1755 1463 1777 z
1489 1754 1592 1777 naves
1620 1742 1809 1777 Succorum
1837 1742 2066 1776 subsidiarias

455 1809 569 1845 exurit
587 1808 684 1848 alias,
701 1807 790 1842 alias
805 1807 979 1854 deprimit,
1001 1808 1153 1853 reliquas
1167 1819 1244 1842 cum
1262 1818 1402 1842 annona
1416 1810 1449 1841 et
1469 1806 1573 1841 armis
1591 1811 1769 1852 correptas
1786 1806 1905 1840 usibus
1925 1817 2066 1841 suorum

454 1871 586 1906 servire
601 1871 705 1917 cogit.
727 1872 767 1905 In
781 1882 842 1905 eas
860 1870 1009 1915 denique
1025 1870 1217 1904 Gustavum
1231 1870 1413 1915 angustias
1432 1868 1608 1914 compulit,
1626 1869 1733 1914 utqui
1753 1868 1881 1903 bellum
1896 1868 2067 1904 violentus

453 1933 706 1973 commovisset,
728 1944 848 1979 pacem
872 1932 1059 1967 redimeret.
1077 1932 1250 1978 precibus.
1268 1932 1337 1966 Vix
1363 1932 1444 1966 dum
1471 1932 1538 1966 ista
1564 1931 1773 1971 confecerat,
1795 1943 1871 1966 cum
1908 1931 1942 1965 in
1968 1931 2067 1966 Smo-

451 1996 618 2032 lensciam
648 1995 818 2030 adversus
846 1994 1011 2029 Moschos
1042 2006 1140 2029 arma
1166 1994 1347 2029 transferri
1383 2005 1439 2029 res
1471 1994 1636 2039 postulat.
1668 1994 1733 2028 Hic
1764 2005 1900 2040 quoque
1931 1993 2067 2027 fortuna

452 2058 570 2093 virtuti
589 2057 818 2102 obsequitur:
841 2056 1026 2101 depellitur
1048 2057 1172 2097 hostis,
1196 2056 1360 2102 depulsus
1387 2056 1479 2101 apud
1510 2056 1722 2090 Mosaiscum
1754 2056 1973 2102 profligatur.
1996 2054 2064 2088 Ob-

453 2120 557 2156 sessis
576 2121 732 2155 Moscuae
751 2131 792 2154 ac
820 2119 1046 2165 pereuntibus
1073 2119 1163 2154 fame
1195 2118 1340 2154 Polonis
1366 2130 1539 2152 annonam
1568 2118 1682 2152 infert.
1705 2118 1882 2152 Severiam
1907 2122 1940 2152 et
1967 2117 2065 2152 Czer-

454 2183 649 2217 nichoviam
675 2181 797 2216 adimit
820 2193 826 2215 :
849 2181 883 2215 in
903 2181 1016 2227 patria
1047 2181 1298 2215 tumultuantes
1325 2184 1426 2226 pacat
1448 2192 1454 2214 z
1477 2179 1675 2226 perduelles
1704 2180 1781 2225 regi
1800 2180 1844 2214 ad
1864 2179 2066 2225 obsequium

454 2245 575 2290 cogit:
599 2255 697 2279 arces
727 2243 930 2290 Bychoviae‚
957 2243 1187 2283 Lachoviciis,
1218 2246 1251 2277 et
1282 2242 1365 2277 alibi
1391 2246 1567 2276 restaurat
1597 2241 1866 2287 communitque.
1900 2256 1915 2269 α
1943 2241 2066 2285 Longo

459 2321 474 2335 ιι
497 2317 673 2341 armorum
702 2317 766 2340 usu
794 2304 935 2351 (laudat
960 2305 1052 2339 hunc
1081 2305 1280 2350 alienigena
1311 2304 1516 2349 historicus)
1552 2308 1585 2338 et
1614 2303 1730 2338 multis
1765 2302 1931 2349 praeclare
1958 2302 2066 2348 partis

496 2395 534 2431 (1)
562 2394 630 2423 Vide
656 2398 754 2429 praetcr
780 2395 850 2422 alios
877 2394 1006 2428 Bullcng.
1039 2392 1159 2425 Gallum,
1187 2391 1326 2424 Lurxll,
1345 2399 1407 2426 pag.
1426 2392 1494 2420 366.

500 2448 539 2486 (⁰2)
562 2448 601 2476 Ex
627 2448 690 2476 cod.
710 2456 760 2476 ins.
779 2447 895 2482 collegii
910 2447 1102 2485 Ostrogicnsis
1116 2446 1179 2475 Soc.
1194 2446 1218 2474 J.
1243 2446 1312 2481 apud
1339 2445 1490 2481 Gasparum
1510 2445 1706 2477 Nicsiijckiuin,
1734 2445 1794 2473 Lib.
1819 2444 1928 2472 Korona
1948 2444 2063 2480 Poma,

456 2501 559 2532 Littera
584 2501 615 2537 C,
642 2510 706 2540 pag.
736 2501 816 2530 277.
