2184 2953
279 406 343 433 1622

277 591 307 617 P.
321 549 424 616 hiilcolai

277 629 360 655 Vilnae

276 668 396 694 moritur.

270 1516 298 1542 P.
318 1479 415 1544 Pla2.kost

270 1556 391 1583 Matthaei

270 1592 330 1620 finis
359 1595 413 1621 Vil-

270 1643 317 1660 nae.

265 2099 292 2124 Ρ.
302 2063 411 2131 K1e311ert

265 2131 408 2157 Brunsber-

264 2179 311 2204 gae.

447 303 507 335 272
833 304 1106 333 LITUANICARUM
1130 305 1352 343 ΞΟΕΙΕΤΑΤΙΞἱ
1361 307 1447 336 JESU
1469 307 1719 338 HISTORIARUM

453 395 578 430 vinciae
597 395 763 441 praeferre
785 408 792 429 :
815 395 897 442 quin
926 395 1002 442 ipse
1020 407 1039 430 e
1057 395 1223 441 photiana
1254 400 1349 431 secta
1371 397 1539 434 Rossicus
1555 399 1850 446 archiepiscopus,
1871 400 2064 436 Smolensci

454 460 526 490 tum
554 467 596 491 ex
622 456 747 492 itinere
774 457 915 503 hospes,
938 457 1087 503 probare
1105 457 1191 492 istos
1223 458 1323 499 ritus,
1345 462 1379 494 et
1396 459 1561 505 pietatem
1585 461 1826 496 Romanorum
1848 462 1882 496 in
1909 462 2063 498 colendis

454 518 628 553 coelitibus
642 519 856 554 collaudare.

500 580 721 616 Excellentes
740 594 816 616 cum
841 581 969 627 pietate
991 584 1063 615 tum
1087 580 1246 616 doctrina
1272 582 1365 616 viros
1393 582 1523 628 aliquot
1548 594 1640 617 mors
1661 582 1825 617 subduxit
1842 584 2031 629 provinciae
2054 597 2060 619 ε

449 653 490 677 ac
508 642 624 678 Vilnae
644 643 782 689 quidem
802 643 1031 678 Laurentium
1054 643 1192 678 Nicolai
1210 644 1308 690 cujus
1326 644 1482 690 proxime
1496 644 1715 679 meminimus
1729 644 1779 690 (V.
1801 645 1871 686 hic,
1893 658 1985 680 num.
2008 646 2063 692 3),

448 715 470 738 a
488 704 679 751 Norvegia,
702 705 817 752 patria
847 717 922 745 sua,
945 705 1073 739 dictum
1092 705 1198 751 vulgo
1228 706 1443 751 Norvegum.
1466 706 1590 740 Multis
1613 706 1671 741 ille
1691 707 1725 740 in
1744 707 1883 753 Belgio,
1904 707 2063 749 Austria,

448 767 623 807 Moravia,
646 768 770 807 Dania,
797 767 981 807 Bohemia,
1007 767 1040 801 in
1072 767 1199 802 Suecia
1217 768 1366 802 maxime
1386 774 1419 803 et
1435 768 1595 808 Livonia,
1617 778 1649 803 et
1679 769 1857 804 laboribus
1884 769 2065 816 religionis

447 840 554 863 causa
572 829 752 864 defunctus
771 833 806 864 et
824 828 988 875 periculis
1011 841 1017 863 t
1039 829 1093 863 vir.
1111 829 1353 875 magnitudine
1381 830 1487 864 animi
1518 831 1707 876 praecipua,
1730 831 1898 876 patientia
1915 831 2064 867 incredi-

447 890 519 932 bili,
542 891 578 925 in
602 892 693 926 omni
718 891 859 926 fortuna
890 891 943 925 sui
974 891 1111 930 similis,
1133 891 1372 937 propaganda¹
1396 892 1523 926 divinae
1553 892 1675 938 gloriae
1707 893 1961 939 cupidissimus.
1983 894 2064 928 Jam

448 953 611 988 sacerdos
630 965 670 987 ac
698 953 818 987 doctor
837 964 948 987 sacrae
970 953 1158 998 theologia}
1188 953 1225 987 in
1256 954 1465 989 Societatem
1497 958 1670 1000 acceptus,
1693 955 1727 988 in
1747 966 1789 989 ea
1812 959 1961 1001 quatuor
1984 959 2065 991 vota

448 1016 638 1061 professus,
656 1015 833 1061 perpetuis
853 1026 890 1049 se
911 1015 1090 1049 laboribus
1113 1015 1278 1053 exercuit,
1298 1015 1333 1049 id
1351 1016 1500 1050 maxime
1520 1017 1746 1059 contendens,
1761 1021 1798 1052 ut
1817 1018 2001 1052 haereticos
2019 1017 2063 1052 ad

448 1077 652 1117 Ecclesiam,
680 1077 868 1112 sceleratos
887 1076 932 1111 ad
957 1077 1107 1122 frugem,
1127 1076 1308 1112 reduceret
1336 1089 1438 1122 quam
1463 1078 1650 1124 plu1·imos;
1672 1090 1733 1124 per
1759 1079 1855 1113 illum
1882 1079 1988 1113 animi
2015 1079 2064 1114 sic

448 1138 564 1173 affecti
591 1138 764 1179 ardorem,
785 1138 820 1173 in
849 1142 1004 1174 extrema
1023 1139 1127 1173 etiam
1159 1143 1348 1180 senectute,
1380 1140 1496 1174 induci
1523 1152 1593 1174 non
1620 1144 1769 1186 poterat,
1791 1145 1829 1175 ut
1855 1141 2060 1186 quiesceret.

450 1201 594 1247 Semper
612 1201 671 1237 ille
685 1202 719 1235 in
739 1212 843 1247 opere
867 1201 1013 1236 salutari
1032 1201 1139 1241 visus,
1162 1200 1216 1235 vel
1235 1200 1395 1236 lectitans
1422 1201 1476 1236 vel
1502 1202 1714 1247 scriptitans,
1740 1214 1780 1237 ea
1805 1203 1964 1243 maxime,
1987 1215 2064 1248 quae

447 1262 579 1304 Suecis,
602 1275 680 1309 quae
707 1263 828 1302 Danis.
852 1275 929 1309 quae
948 1264 1124 1309 Norvegis
1143 1265 1215 1298 suis
1235 1269 1392 1310 speraret
1421 1265 1466 1299 ad
1483 1265 1631 1300 salutem
1650 1266 1843 1311 profutura.
1868 1266 2063 1300 Laboribus

445 1328 577 1374 pariter
594 1340 634 1362 ac
653 1327 750 1362 senio
769 1332 993 1374 consumptus
1014 1329 1045 1362 ΙΙ
1073 1340 1184 1363 nonas
1212 1329 1335 1368 maias,
1357 1340 1448 1363 anno
1472 1330 1587 1364 aetatis
1612 1330 1671 1369 84,
1703 1330 1747 1364 ab
1778 1329 1863 1364 inita
1889 1330 2062 1364 Societate

446 1391 506 1432 55,
529 1389 714 1425 sacerdotii
733 1390 792 1431 60,
814 1402 835 1425 a
853 1390 1069 1436 professione
1093 1395 1239 1436 quatuor
1266 1395 1424 1425 votorum
1449 1392 1507 1425 47.
1532 1391 1572 1425 In
1591 1391 1712 1426 eadem
1732 1392 1829 1431 urbe,
1852 1403 1870 1425 e
1889 1390 2061 1425 domicilio

444 1454 680 1499 professorum
721 1453 918 1493 Societatis,
957 1453 1001 1488 ad
1037 1453 1147 1487 aedem
1192 1454 1294 1488 Beati
1337 1453 1510 1493 Casimiri,
1545 1453 1753 1499 demigravit
1791 1454 1831 1488 ab
1863 1453 2061 1488 hominibus

444 1515 486 1549 P.
503 1515 695 1550 Matthaeus
717 1515 865 1555 Pakost,
890 1513 1056 1554 Polonus,
1075 1518 1109 1548 et
1138 1515 1211 1560 ipse
1239 1518 1361 1549 exacta
1389 1519 1506 1554 aetate,
1528 1526 1620 1549 anno
1647 1515 1728 1549 vitae
1758 1516 1817 1556 ΤΟ,
1834 1515 1920 1549 XVI
1940 1514 2061 1549 kalen-

443 1576 506 1611 das
520 1576 739 1611 novembres.
762 1575 859 1610 Vixit
878 1575 913 1609 in
929 1575 1103 1610 Societate
1122 1586 1229 1609 annos
1248 1576 1308 1615 38,
1327 1587 1368 1610 ex
1387 1576 1440 1610 his
1463 1577 1504 1610 17
1523 1587 1633 1610 annos
1652 1576 1776 1610 Romae
1795 1575 2057 1621 poenitentiarii,

442 1639 479 1673 in
496 1638 677 1685 provincia
696 1650 760 1673 sua
778 1638 1034 1673 concionatoris
1056 1637 1157 1677 alias,
1179 1638 1268 1672 alias
1291 1638 1439 1672 ministri
1458 1638 1627 1683 praeclara
1654 1650 1731 1672 cum
1749 1638 1853 1672 laude
1876 1638 2058 1673 defunctus

442 1704 495 1735 est
513 1700 646 1735 officiis.
673 1700 735 1734 Vir
753 1700 908 1734 moribus
927 1711 1092 1745 perquam
1113 1699 1322 1741 commodis;
1344 1700 1453 1745 utqui
1473 1700 1515 1735 de
1533 1699 1628 1734 nullo
1647 1711 1800 1745 unquam
1823 1699 1867 1734 sit
1890 1703 2053 1745 questus:

439 1762 573 1797 nullum
592 1761 791 1796 mortalium
816 1773 860 1796 ne
880 1762 986 1796 verbo
1014 1761 1152 1807 quidem
1179 1762 1329 1796 violarit.
1352 1762 1503 1796 Instituti
1522 1762 1678 1808 religiosi
1696 1762 1732 1796 in
1750 1762 1871 1807 primis
1890 1761 2052 1807 diligens,

439 1828 473 1859 et
490 1823 683 1870 precationi
702 1835 886 1869 rerumque
910 1823 1105 1857 divinarum
1134 1824 1351 1858 meditationi
1377 1823 1526 1858 deditus.
1546 1823 1578 1858 A
1593 1823 1773 1858 sacrificiis
1792 1823 1827 1858 in
1846 1835 1959 1869 genua
1978 1835 2054 1869 pro-

439 1886 577 1921 volutus
597 1890 678 1921 ante
701 1886 890 1932 imaginem
914 1886 1108 1920 Salvatoris
1133 1898 1150 1920 e
1171 1897 1272 1920 cruce
1291 1886 1474 1932 pendentis
1501 1885 1624 1920 ardore
1648 1886 1755 1920 animi
1785 1897 1912 1932 magno
1935 1896 2051 1926 orans,

439 1947 603 1994 lacrymis
621 1959 698 1982 eam
717 1947 958 1993 perfundebat.
980 1947 1205 1982 Humillimus
1225 1949 1331 1982 Pater
1349 1959 1521 1993 nunquam
1540 1959 1663 1992 passus
1683 1952 1747 1987 est,
1774 1959 1817 1982 ne
1835 1949 1870 1981 in
1892 1958 2053 1993 supremo

440 2009 578 2056 quidem
610 2010 720 2051 senio,
756 2022 856 2044 suum
886 2010 930 2044 ab
956 2009 1025 2043 alio
1053 2009 1144 2043 verri
1172 2009 1378 2049 cubiculum,
1400 2014 1460 2043 aut
1486 2009 1594 2043 ullum
1613 2009 1782 2055 ejusmodi
1807 2010 1871 2044 sibi
1898 2009 2053 2044 exhiberi

439 2072 664 2118 obsequium3
696 2084 773 2107 cum
801 2083 838 2107 se
865 2072 939 2118 ipse
964 2071 1010 2106 ad
1036 2071 1118 2106 talia
1146 2072 1254 2106 multo
1282 2071 1501 2106 inferioribus
1532 2072 1623 2106 ultro
1651 2072 1756 2107 etiam
1783 2072 1936 2107 offerret.
1967 2072 2053 2106 Erat

438 2135 627 2170 Matthaeus
662 2135 699 2169 in
732 2146 852 2170 eorum
884 2134 1018 2174 ordine,
1053 2146 1138 2180 quos
1173 2134 1349 2179 adjutores
1382 2133 1581 2180 spirituales
1612 2144 1789 2168 vocamus.
1826 2134 1891 2168 His
1918 2144 2052 2179 appone

438 2198 480 2232 P.
514 2197 766 2242 Engelbertum
794 2195 955 2243 Keylert,
978 2196 1012 2230 in
1041 2196 1197 2242 Collegio
1215 2196 1557 2241 Brunsbergensium
1588 2207 1706 2230 mense
1737 2196 1839 2242 aprili
1862 2200 2048 2231 mortuum.

439 2259 629 2305 Operarius
660 2259 717 2293 hic
748 2263 909 2294 strenuus
928 2270 969 2293 ac
986 2258 1081 2298 felix,
1108 2259 1142 2292 in
1174 2257 1414 2304 praeparandis
1445 2257 1593 2291 maxime
1624 2258 1667 2292 ad
1699 2258 1812 2293 beatae
1845 2258 2051 2293 aeternitatis

437 2320 568 2355 aditum
591 2321 820 2355 moribundis.
843 2321 936 2355 Mira
951 2321 1118 2355 industria
1137 2324 1172 2356 et
1197 2319 1379 2354 alacritate
1402 2320 1437 2353 in
1460 2331 1499 2353 eo
1519 2320 1714 2354 constitutis
1738 2319 1884 2354 articulo
1912 2331 2051 2366 operam

436 2382 672 2429 impendebat.
695 2382 870 2428 Expertus
900 2383 991 2417 hanc
1021 2382 1169 2417 feliciter
1195 2386 1324 2428 praeter
1354 2381 1442 2415 alios
1474 2381 1638 2416 sacerdos
1666 2381 1803 2426 quidam
1831 2385 2006 2424 externus,
2029 2393 2050 2416 a

436 2455 499 2479 sua
517 2444 673 2490 proxime
702 2448 812 2479 morte
834 2444 1060 2490 spectabilem
1088 2444 1301 2491 Engelberto
1320 2454 1358 2478 se
1376 2443 1513 2482 obtulit,
1534 2454 1665 2489 proque
1692 2454 1799 2489 opera
1827 2455 1889 2478 sua
1906 2443 2049 2478 salutari

436 2506 569 2552 gratias
598 2506 669 2552 egit
699 2505 943 2551 amplissimas,
965 2510 1105 2541 acturus
1133 2506 1234 2541 etiam
1261 2505 1486 2541 immortales.
1510 2506 1633 2551 Neque
1652 2506 1691 2540 P.
1716 2506 1841 2540 Petrus
1865 2506 2047 2541 Fabricius
