2184 2953
648 309 753 337 LIBER
775 308 909 337 PRIMUS
931 305 1138 343 (1564-1570).
1670 302 1710 333 39

98 420 113 435 ⁶⁴
136 405 224 444 dem,
242 415 304 450 per
324 401 491 449 quidquid
509 401 747 436 molestiarum
767 403 870 446 atque
889 397 1129 433 discriminum
1143 396 1219 437 fuit,
1242 395 1432 431 incolumes
1450 396 1517 431 huc
1531 396 1705 452 perduxit;
1740 398 1802 425 1570

98 482 113 496 α
133 470 170 500 ut
184 470 230 506 te,
249 476 349 511 quem
369 465 550 499 absentem
572 463 854 503 observabamus,
876 460 1104 507 contemplari
1123 470 1163 493 ac
1181 458 1343 493 venerari
1362 462 1585 504 praesentem,
1605 463 1708 505 atque

97 542 111 556 α
133 526 305 562 excelsum
338 526 454 566 istum,
486 525 686 570 cunctisque
713 524 899 559 virtutibus
928 526 1195 567 exaggeratum,
1217 520 1371 554 animum
1400 531 1515 554 coram
1547 521 1709 555 admirari

97 604 111 617 a
133 589 316 635 possimus.
335 588 413 622 Tibi
441 587 565 621 deinde
594 587 830 632 Ecclesiaeque
848 590 918 621 tua}
945 584 1105 619 Vilnensi
1125 583 1345 629 gratulamur
1363 594 1482 617 omnes
1512 594 1555 618 ex
1576 584 1705 623 animo,

96 665 110 679 α
133 650 223 696 quod
248 650 387 696 pietatis
405 650 610 694 ardorisque
638 660 721 694 erga
751 649 907 682 divinum
926 647 1057 682 cultum
1081 646 1115 679 in
1145 650 1243 679 tuum
1267 648 1387 690 pectus
1411 656 1546 679 summa
1570 645 1708 680 bonitas

96 727 110 741 a
131 715 264 746 tantum
282 710 416 751 effudit,
434 714 471 744 ut
485 709 674 755 singularis
695 711 867 755 quaedam,
885 710 990 755 longe
1010 710 1148 754 lateque
1168 719 1230 754 per
1256 711 1395 742 exteras
1421 719 1557 753 quoque
1585 712 1707 753 gentes

95 786 110 801 α
129 773 290 813 excitata,
308 772 424 819 opinio
439 772 483 806 sit
506 771 708 817 apostolicae
727 773 971 808 sollicitudinis
990 776 1060 806 tuae
1082 785 1088 806 z
1111 775 1148 806 ut
1174 772 1209 805 in
1226 782 1322 817 spem
1342 770 1469 816 ubique
1487 770 1569 804 boni
1587 782 1705 805 omnes

95 849 109 863 ιι
132 834 238 870 erecti
264 835 350 874 fore,
372 838 409 869 ut
437 833 609 868 catholica
635 838 859 868 sacrosancta
878 833 1014 879 religio,
1036 844 1097 879 per
1115 832 1274 866 homines
1300 832 1418 867 nescio
1446 843 1531 877 quos
1557 832 1707 866 novitios

93 911 108 926 a
130 901 165 932 et
182 897 462 932 adolescentulos
476 896 699 937 labefactata,
717 895 815 930 brevi
835 906 896 940 per
915 893 1119 939 sapientiam
1133 898 1168 928 et
1191 892 1398 939 gravitatem
1412 896 1509 927 tuam
1528 892 1564 926 in
1578 896 1706 927 statum

94 974 109 989 ιι
130 959 313 1005 pristinum
332 962 534 1005 reponatur.
556 958 656 996 Quod
683 957 836 1003 profecto
854 968 898 991 ne
920 956 976 991 vel
997 955 1138 1001 gravior
1157 959 1256 994 aetas,
1273 954 1330 989 vel
1358 954 1518 988 inclinata
1541 955 1707 1000 impediat

92 1036 107 1050 κ
134 1025 195 1055 tua
208 1021 384 1059 valetudo,
406 1020 627 1066 magnanime
641 1020 759 1059 Pater,
780 1018 893 1053 vereri
912 1029 983 1052 non
1001 1018 1124 1052 debes:
1139 1017 1250 1052 aderit
1265 1017 1358 1051 enim
1373 1017 1543 1052 senectuti
1560 1017 1705 1052 Davidis

90 1097 105 1111 α
125 1082 283 1116 fovendae
306 1082 404 1127 virgo
426 1081 617 1116 Sunamitis
640 1093 646 1114 1
671 1081 784 1115 aderit
804 1092 845 1115 ea
864 1080 975 1114 virtus
995 1091 1013 1114 e
1043 1079 1145 1120 coelo,
1168 1090 1246 1125 quae
1264 1079 1357 1113 ultra
1382 1083 1559 1113 maternos
1590 1090 1701 1114 annos

93 1160 108 1175 κ
128 1149 302 1191 provectae
321 1146 420 1179 Sarae
438 1156 507 1179 non
522 1145 622 1179 modo
637 1144 781 1190 prolem,
795 1143 855 1178 sed
875 1147 909 1178 et
920 1142 1090 1189 ejusmodi
1107 1141 1213 1181 dedit,
1225 1152 1288 1187 per
1305 1152 1408 1186 quam
1428 1141 1472 1175 ad
1493 1141 1702 1176 universita-

93 1224 108 1238 α
129 1213 198 1244 tem
217 1208 373 1254 gentium
395 1207 542 1242 felicitas
565 1218 606 1241 ac
632 1206 826 1241 benedictio
854 1208 1088 1251 permanaret.
1111 1204 1205 1238 Deus
1224 1207 1344 1237 noster
1362 1203 1473 1237 bonus
1492 1206 1556 1244 est,
1579 1207 1703 1249 potens

93 1286 107 1300 α
130 1276 182 1306 est
204 1284 211 1305 ;
233 1282 407 1316 nunquam
426 1270 525 1304 abest
552 1269 607 1309 iis,
626 1269 684 1315 qui
711 1281 774 1315 pro
800 1270 874 1315 ipso
897 1269 1060 1302 laborant
1089 1267 1125 1300 in
1152 1266 1372 1311 remigando.
1399 1265 1435 1300 si
1463 1277 1533 1300 non
1560 1266 1650 1301 adsit
1669 1266 1705 1300 in

92 1347 107 1361 α
129 1332 241 1378 prima
257 1332 391 1377 vigilia,
414 1332 442 1365 si
460 1336 572 1366 cesset
586 1332 621 1366 in
636 1331 760 1370 altera,
783 1331 811 1365 si
826 1342 869 1365 ne
887 1331 922 1364 in
943 1329 1049 1364 tertia
1065 1328 1204 1374 quidem
1222 1331 1407 1374 appareat;
1429 1331 1465 1363 at
1493 1332 1586 1364 certe
1605 1329 1705 1363 adest

93 1409 107 1422 α
127 1394 162 1428 in
177 1397 300 1440 quarta
323 1406 329 1427 :
358 1394 597 1439 increpitoque
617 1397 721 1428 vento
741 1404 778 1427 ac
806 1392 907 1431 mari,
930 1395 964 1426 et
982 1391 1070 1426 facta
1096 1390 1351 1436 tranquillitate
1383 1402 1524 1437 magna,
1541 1402 1703 1436 perseve-

93 1470 108 1484 «ι
131 1460 247 1491 rantes
262 1456 401 1490 deducit
420 1456 455 1489 in
470 1459 607 1501 portum
626 1454 816 1489 voluntatis
837 1465 968 1488 eorum.
991 1452 1046 1487 Ad
1072 1455 1277 1493 extremum,
1301 1451 1474 1497 reliquum
1492 1455 1557 1491 est,
1575 1451 1704 1498 praesul

93 1531 108 1545 α
132 1517 272 1563 optime,
296 1520 333 1551 ut
348 1521 381 1551 et
397 1517 610 1557 muneribus,
630 1528 707 1561 quaer
722 1515 764 1550 de
775 1515 969 1560 longinqua
987 1514 1130 1560 regione
1141 1513 1357 1554 adveximus,
1371 1514 1595 1559 praesentiam
1610 1517 1705 1548 tuam

94 1592 109 1607 a
131 1589 191 1624 pro
210 1581 329 1612 nostra
355 1578 524 1613 tenuitate
538 1577 762 1612 honoremus.
784 1578 864 1612 Alia
881 1577 1087 1623 praebebunt
1110 1576 1189 1616 alii;
1208 1588 1229 1610 a
1252 1577 1366 1615 nobis,
1385 1576 1702 1622 quantulacumque

95 1654 109 1668 α
131 1643 222 1679 sunt,
244 1639 362 1685 accipe
388 1650 452 1673 nos
476 1639 582 1685 ipsos,
606 1643 640 1673 et
658 1644 779 1674 nostra
809 1639 989 1674 nobiscum
1016 1639 1145 1673 omnia.
1175 1638 1316 1684 Accipe,
1338 1639 1396 1684 qui
1415 1643 1448 1673 te
1478 1638 1704 1674 clementissi-

94 1715 109 1729 α
131 1713 223 1735 mum
248 1701 348 1735 nobis
377 1701 555 1736 dominum
587 1705 621 1736 et
652 1701 991 1747 indulgentissimum
1024 1703 1158 1746 patrem
1187 1699 1343 1740 exhibes,
1373 1700 1704 1745 obsequentissimos

93 1777 107 1791 a
130 1774 260 1804 servos,
283 1767 317 1798 et
330 1764 656 1798 observantissimos
675 1763 778 1798 filios.
799 1764 916 1797 Unum
931 1766 996 1800 est,
1014 1761 1105 1807 quod
1124 1761 1239 1796 vereri
1257 1761 1358 1795 nobis
1374 1762 1548 1802 convenit,
1566 1774 1609 1797 ne
1625 1774 1703 1798 eve-

94 1839 108 1852 «
129 1825 202 1859 niat
219 1825 294 1864 tibi,
311 1826 402 1871 quod
421 1826 503 1860 olim
525 1826 693 1860 Davidem
709 1825 959 1871 quaerentilms,
977 1824 1034 1869 qui
1059 1834 1121 1869 pro
1148 1823 1288 1857 homine
1309 1827 1460 1857 statuam
1480 1824 1700 1860 invenerunt.

94 1901 109 1914 κ
130 1887 246 1932 Digna
263 1887 402 1932 quidem
417 1891 496 1922 vota
524 1887 640 1922 Saulis
668 1887 818 1927 fuerunt,
841 1890 982 1932 propter
1006 1885 1255 1920 immanitatem
1269 1897 1347 1931 quae
1372 1886 1646 1927 frustrarentur;
1671 1892 1705 1921 et

96 1963 110 1976 α
132 1948 238 1993 digna
252 1952 311 1983 tua
330 1952 421 1989 sunt,
442 1953 582 1994 propter
598 1949 803 1984 charitatem
819 1960 896 1994 qua)
916 1951 1124 1993 superentur
1142 1960 1148 1981 :
1172 1958 1253 1981 nam
1271 1947 1562 1992 quemadmodum
1591 1948 1705 1983 decuit

95 2024 110 2038 α
133 2009 348 2045 innocentem
362 2011 537 2045 hominem
563 2011 607 2044 ad
631 2011 775 2045 exitium
794 2010 963 2056 quaerenti
992 2009 1214 2043 simulacrum
1233 2009 1372 2049 offerri;
1392 2009 1441 2044 sic
1460 2021 1598 2056 aequum
1613 2015 1706 2046 esset

97 2085 111 2100 ει
132 2072 206 2112 tibi,
222 2076 273 2106 tot
290 2072 481 2106 animarum
499 2073 670 2118 spectanti
694 2072 841 2107 salutem
856 2071 911 2106 vel
933 2075 1064 2106 statuas
1088 2071 1248 2106 animari.
1277 2071 1346 2106 Sed
1366 2072 1399 2106 id
1419 2084 1555 2118 quoque
1582 2073 1705 2107 merito

96 2147 110 2161 α
131 2138 189 2168 tuo
216 2138 426 2180 precatuque
451 2134 643 2180 praestabit,
663 2146 777 2180 spero,
798 2135 840 2173 is,
870 2134 927 2179 qui
945 2137 1068 2179 potens
1086 2138 1139 2168 est
1165 2134 1206 2168 de
1238 2134 1414 2180 lapidibus
1434 2135 1509 2169 istis
1537 2135 1705 2170 suscitare

95 2208 110 2223 κ
131 2195 219 2230 filios
237 2196 401 2231 Abrahae.
427 2197 508 2231 Jam
531 2197 575 2230 ad
602 2197 802 2231 tarditatem
831 2195 1067 2230 excusandam
1086 2196 1241 2241 obsequii
1274 2196 1384 2230 nostri
1410 2197 1706 2243 inexsuperabilia

96 2270 110 2284 α
133 2258 395 2303 occupationum
426 2258 674 2304 impedimenta
704 2257 1008 2293 commemoranda
1035 2261 1164 2292 essent.
1188 2258 1319 2292 Verum
1333 2263 1479 2304 praestat
1500 2259 1703 2305 simpliciter

97 2332 111 2346 α
133 2318 297 2363 profiteri,
320 2320 347 2354 si
379 2320 460 2365 quid
487 2320 523 2353 in
550 2331 592 2354 ea
621 2331 658 2354 re
683 2324 862 2366 peccatum
890 2323 955 2358 est,
979 2319 1053 2364 jam
1082 2330 1146 2353 nos
1168 2319 1306 2354 abunde
1328 2332 1509 2366 poenarum
1537 2321 1698 2362 dedisse;

97 2394 111 2407 α
129 2380 251 2425 quibus
283 2382 500 2427 optatissima
531 2382 718 2428 praesentia
746 2386 806 2416 tua
837 2381 987 2421 interim,
1028 2391 1155 2425 magno
1189 2381 1306 2416 dolore
1339 2386 1473 2423 nostro,
1512 2383 1700 2417 carendum

97 2456 111 2469 α
132 2442 214 2483 fuit;
235 2446 268 2477 et
286 2455 377 2478 nunc
394 2444 541 2490 denique
560 2444 775 2484 connisuros‚
793 2447 831 2477 ut
849 2443 1014 2489 quidquid
1034 2446 1207 2477 cessatum
1238 2447 1291 2478 est
1312 2444 1346 2477 in
1372 2444 1508 2485 itinere,
1535 2456 1695 2490 compen-

97 2518 112 2530 -ι
134 2506 228 2537 setur
246 2504 280 2538 in
298 2517 414 2550 opere.
435 2522 451 2537 >⁹
