2184 2953
246 401 307 429 1657

328 2180 359 2208 29

269 2225 290 2252 Ρ
295 2246 299 2251 .
304 2222 416 2251 Sawicki

271 2265 348 2291 funus
354 2264 419 2291 Dro-

270 2306 362 2334 hicini.

415 299 475 331 384
783 290 1057 322 LITUANICARUM
1081 287 1292 319 SOCIETATIS
1315 286 1399 317 JESU
1423 283 1675 314 HISTORIARUM

419 389 580 436 Collegii,
598 386 805 428 Duboviam,
818 383 900 420 hinc
915 384 1081 420 Pinscum
1097 380 1321 420 translatum,
1345 377 1609 425 depositumque
1623 375 1659 410 iu
1675 373 1849 410 communi
1864 372 2045 409 Sociorum

421 450 620 498 sepulchro.

469 515 585 551 Natus
601 514 641 549 P.
659 513 820 548 Andreas
835 512 871 546 111
891 509 1086 558 perillustri
1101 508 1247 548 familia,
1269 503 1544 541 Sandomiriensi
1563 502 1753 549 provincia,
1775 512 1867 536 anno
1886 500 1978 536 1592
1996 499 2041 547 (1).

421 577 649 617 Adolescens,
674 575 868 610 liberaliter
895 573 1074 613 educatus,
1108 571 1278 615 bonisque
1298 568 1444 609 artibuS,
1466 567 1502 601 in
1525 569 1653 601 coetum
1679 564 1831 599 tironum
1862 562 2045 598 Societatis

422 640 597 675 admissus
624 639 708 674 anni
730 639 818 674 1611
841 636 953 683 pridie
971 634 1144 669 kalendas
1163 631 1320 668 sextiles.
1342 629 1550 676 Magisterio
1569 628 1650 663 inde
1671 626 1872 662 scholarum
1903 625 2048 672 pulchre

424 702 575 743 functus,
591 701 734 747 jamque
753 697 1004 746 philosophicis
1022 700 1056 731 et
1070 695 1280 740 theologicis
1295 694 1403 740 probe
1422 693 1612 727 instructus
1631 689 1835 736 disciplinis,
1853 687 2047 723 sacerdotio

424 763 762 803 1111111111130311622,
778 762 827 796 IV
854 761 932 795 idus
960 758 1225 793 martias.Vota
1252 760 1402 803 quatuor
1431 754 1608 801 professus
1633 752 1737 793 1630,
1755 751 1805 785 VI
1822 762 1933 785 nonas
1951 749 2041 796 julii.

426 826 575 861 Vicenos
606 824 733 860 deinde
761 827 794 858 et
812 834 874 858 sex
908 833 1020 856 annos
1041 820 1099 855 vel
1118 818 1375 855 concionatoris
1390 817 1448 852 vel
1463 816 1568 851 etiam
1589 813 1801 849 missionarii
1822 816 1920 848 tanta
1940 811 2047 847 animi

425 885 820 931 alacritate,diligentia,
835 888 869 920 et
883 884 1014 931 pietate
1030 882 1138 918 obivit
1156 882 1288 923 munia,
1307 884 1345 916 ut
1360 880 1555 915 animorum
1569 880 1717 912 venator
1737 880 1771 911 et
1786 875 2044 915 Pinscensium,

426 962 512 998 quos
534 949 662 984 diutius
688 950 858 988 curasset,
879 945 1059 993 apostolus
1078 944 1185 991 vulgo
1205 947 1400 979 vocaretur.
1416 941 1548 977 Multos
1564 939 1716 976 correxit
1730 939 1776 973 ad
1790 938 1939 984 frugem:
1961 936 2048 971 mul-

427 1017 481 1048 tos
500 1024 521 1048 a
540 1012 644 1048 sectis
658 1010 787 1050 Photii,
818 1009 979 1049 Lutheri‚
1002 1008 1151 1047 Calvini,
1174 1007 1218 1041 ad
1244 1006 1375 1041 Christi
1405 1005 1542 1040 reduxit
1574 1003 1783 1038 Ecclesiam.
1805 1001 1872 1040 Qui
1902 999 2049 1035 famulos

428 1088 510 1111 suos
527 1076 562 1110 in
577 1074 748 1110 militante
763 1072 869 1107 etiam
883 1071 1044 1106 Ecclesia
1060 1082 1123 1105 sua
1141 1069 1366 1105 honorabiles
1379 1079 1457 1104 esse
1472 1067 1546 1101 vult
1560 1066 1669 1106 Deus,
1686 1064 1836 1100 Andreae
1850 1063 1975 1098 merita
1989 1061 2049 1096 ad-

428 1137 594 1173 mirandis
621 1134 810 1170 illustravit
827 1134 936 1179 signis
954 1133 1128 1178 hodieque
1148 1131 1300 1166 illustrat
1323 1142 1329 1164 z
1353 1142 1395 1166 ex
1413 1141 1454 1165 eo
1473 1129 1623 1163 maxime
1639 1131 1809 1174 tempore,
1828 1137 1894 1171 quo
1926 1133 2051 1169 corpus

429 1212 530 1236 suum
550 1201 739 1245 repertum,
756 1200 892 1231 rectore
906 1194 1109 1230 Pinscensis
1125 1193 1272 1239 Collegii
1287 1192 1443 1227 Martino
1460 1190 1652 1226 Godebski.
1671 1189 1775 1229 Huic,
1797 1199 1890 1224 anno
1915 1186 2053 1221 circiter

434 1262 538 1302 1702,
559 1260 763 1296 calamitoso
778 1259 901 1293 domus
916 1261 1085 1303 tempore,
1108 1255 1256 1291 sollicite
1273 1255 1456 1301 cogitanti,
1473 1266 1540 1300 quo
1556 1253 1776 1300 potissimum
1788 1253 1942 1286 uteretur
1961 1247 2054 1294 apud

430 1325 542 1360 Deum
552 1324 822 1370 patrono,noctu
837 1332 899 1367 per
914 1320 1066 1366 quietem
1080 1318 1282 1365 semisopito
1299 1318 1461 1364 apparuit
1472 1315 1682 1352 venerabilis
1695 1325 1816 1349 servus
1826 1311 2052 1347 Dei.Solatus

431 1388 507 1434 ipso
522 1385 650 1421 illustri
664 1386 852 1430 conspectu
868 1394 930 1418 suo
958 1382 1166 1422 Martinum,
1190 1393 1227 1416 se
1246 1380 1425 1416 Andrean]
1440 1379 1576 1415 Bobola
1591 1389 1669 1414 esse
1683 1377 1783 1412 docet
1805 1389 1811 1410 :
1835 1375 2054 1410 interfectum

433 1450 514 1485 olim
534 1461 552 1484 a
579 1448 739 1483 barbaris
758 1459 820 1494 per
834 1447 953 1482 odium
972 1445 1153 1492 religionis
1173 1444 1357 1480 catholicae
1382 1457 1388 1479 :
1411 1455 1460 1485 se,
1484 1443 1513 1478 si
1528 1443 1611 1489 quid
1629 1443 1716 1477 bene
1737 1452 1798 1476 suo
1817 1438 1924 1475 vellet
1942 1435 2052 1472 Colle-

434 1513 505 1560 gio,
527 1523 578 1553 se,
598 1511 689 1546 inter
708 1510 849 1545 Coelites
860 1509 935 1556 jam
953 1509 1083 1543 dudum
1105 1505 1292 1554 hospitem,
1314 1519 1388 1542 suae
1406 1506 1525 1541 Pinsci
1540 1506 1663 1540 domus
1681 1506 1944 1551 procuratorem
1957 1500 2053 1535 fore:

434 1586 560 1621 corpus
579 1585 680 1609 suum
698 1573 734 1607 in
754 1572 938 1619 sepulchro
957 1572 1101 1606 fratrum
1114 1571 1256 1618 juberet
1270 1570 1392 1616 quaeri,
1411 1572 1443 1604 et
1458 1566 1766 1603 honorificentiore
1782 1563 1942 1611 componi
1955 1562 2054 1596 loco:

436 1638 470 1672 id
486 1637 577 1672 0111111
595 1635 708 1682 ipsum
727 1634 817 1670 velle
845 1635 958 1670 Deum
985 1647 991 1669 z
1018 1633 1115 1669 brevi
1132 1633 1218 1674 sore,
1252 1637 1289 1668 ut
1312 1644 1362 1673 se,
1384 1632 1443 1679 qui
1463 1631 1520 1671 sit,
1545 1631 1762 1676 cognoscant
1779 1626 1958 1662 mortales.
1979 1623 2056 1659 Tri-

437 1701 542 1735 duum
561 1698 691 1734 frustra
709 1697 895 1743 quaesitum
913 1696 948 1731 in
968 1695 1166 1742 sepulchro,
1189 1695 1399 1730 cadaverum
1422 1693 1564 1733 referto,
1598 1692 1783 1726 inventum
1801 1691 1951 1737 denique
1982 1699 2058 1724 cor-

437 1773 515 1809 pus,
532 1759 829 1807 superpositorum
844 1758 999 1805 pondere
1013 1758 1214 1804 capulorum
1229 1758 1265 1792 in
1279 1757 1422 1792 humum
1438 1758 1669 1802 compactum,
1683 1754 1719 1788 in
1729 1753 1842 1788 loculo
1853 1754 1929 1800 jam
1942 1756 2058 1800 putre-

437 1825 551 1864 sacto;
572 1823 686 1869 ipsum
695 1824 826 1862 tamen,
847 1821 947 1866 quasi
962 1821 992 1854 si
1006 1820 1110 1855 hodie
1130 1820 1319 1860 conditum,
1341 1820 1392 1854 ita
1409 1819 1598 1864 integrum,
1619 1828 1756 1858 recenS‚
1778 1815 1945 1851 flexibile.
1968 1815 2060 1850 Exin

437 1885 598 1920 Andreas
613 1882 828 1918 admirandis
844 1881 909 1917 Dei
927 1881 1159 1918 inclarescere
1177 1883 1282 1929 coepit
1295 1880 1484 1917 beneficiis.
1505 1881 1634 1921 Quare,
1653 1882 1754 1914 oratu
1768 1879 1908 1925 quidem
1925 1878 2057 1925 populi,

441 1959 609 1995 concessu
628 1950 745 1981 autem
777 1945 930 1992 episcopi
949 1945 1235 1981 Luceoriensium
1266 1944 1459 1981 Alexandri
1485 1941 1695 1989 Vyhovskii‚
1726 1945 1847 1988 postea
1867 1952 1969 1987 quam
1988 1943 2061 1975 tum

440 2012 484 2046 ab
511 2011 577 2046 hoc
596 2008 764 2050 antistite,
786 2011 861 2042 tum
879 2008 922 2042 ab
941 2007 1032 2047 aliis,
1054 2019 1076 2042 a
1095 2009 1236 2043 Summo
1259 2006 1430 2043 Pontifice
1452 2005 1636 2051 delegatis,
1671 2004 1853 2050 recognita
1872 2008 1951 2039 sunt
1969 2006 2065 2038 certa

442 2075 619 2116 miracula,
655 2086 780 2121 corpus
810 2073 964 2110 Andreae
998 2072 1210 2109 translatum
1243 2074 1297 2106 est
1314 2071 1351 2105 in
1378 2071 1592 2117 hypogaeum
1622 2070 1793 2102 secretum
1824 2077 1916 2101 anno
1957 2065 2062 2106 1712,

439 2140 489 2174 VI
509 2149 619 2174 nonas
634 2137 806 2172 octobreS.

493 2202 560 2242 Qui
578 2199 760 2236 Drohicini
778 2199 910 2246 primus
928 2209 1045 2234 curam
1071 2209 1173 2233 novae
1204 2197 1327 2232 habuit
1345 2195 1504 2235 coloniae,
1526 2194 1658 2241 primus
1691 2193 1871 2229 Sociorum
1890 2191 2063 2232 occubuit,

443 2267 486 2303 P.
500 2265 521 2301 J
525 2275 657 2300 oannes
676 2262 885 2303 Sawickius‚
906 2265 1011 2308 gente
1023 2261 1219 2307 Samogita:
1237 2260 1410 2295 extinctus
1425 2257 1639 2305 pestilentia,
1658 2257 1710 2291 III
1725 2255 1897 2292 kalendas
1908 2255 2067 2290 octobres

445 2331 481 2365 in
496 2339 587 2376 pago
603 2327 798 2367 Minczevo,
819 2325 976 2372 sepultus
990 2324 1118 2359 ibidem
1136 2324 1172 2358 in
1187 2322 1344 2370 proximo
1358 2321 1504 2356 tumulo.
1528 2320 1732 2367 Insequenti
1750 2319 1876 2367 hyeme
1896 2317 2067 2353 refossum

445 2403 570 2439 corpus
592 2403 599 2426 z
625 2389 802 2425 conditum
833 2389 870 2423 in
888 2387 1017 2434 templo
1033 2386 1337 2422 Drohicinensium
1352 2384 1491 2427 curiali;
1510 2386 1654 2420 curante
1672 2382 1775 2417 funus
1803 2381 1991 2427 superstite
2006 2391 2068 2415 suo

447 2459 550 2496 Socio
564 2457 606 2492 P.
625 2456 645 2491 J
649 2467 762 2491 oanne
776 2454 965 2490 Zavliekio.
987 2452 1164 2499 Exequias
1185 2449 1278 2496 grati
1296 2448 1389 2483 cives
1414 2447 1499 2489 suis,
1518 2446 1589 2482 suis
1608 2446 1645 2481 in
1663 2444 1784 2492 primis
1803 2444 1928 2479 Patres
1956 2442 2068 2477 Fran-

488 2528 528 2568 (1)
545 2527 595 2556 Vel
610 2527 698 2561 1593,
725 2526 747 2554 si
761 2525 871 2560 quidem
887 2524 1018 2553 scribitur
1031 2530 1118 2551 annos
1136 2522 1173 2550 64
1193 2520 1283 2549 :etatis
1295 2519 1411 2548 vixisse.
