2184 2953
605 300 728 329 'LIBER
749 299 904 328 DECIMUS
930 300 1137 336 (1650-1664).
1660 295 1720 327 389

105 391 255 426 hominis
274 390 474 431 truculenti,
505 402 545 426 ac
576 394 760 436 propterea
788 389 949 423 invidiosi
968 388 1140 428 omnibus,
1170 388 1377 434 pervicacia,
1413 391 1450 422 ut
1476 398 1596 423 omnes
1615 386 1717 422 unius
1749 394 1827 440 1660-
1865 436 1871 442 ¹

106 453 297 500 pertinacia
329 457 362 487 et
381 440 482 488 metu
502 456 665 499 putarent
695 452 761 486 sibi
779 452 910 497 pariter
924 439 1212 497 pereundnmsSi
1232 462 1334 496 porro
1368 450 1560 485 obstinaret
1586 449 1716 490 animo,
1744 434 1886 503 {³3}ngssssss

108 515 296 562 periclitari
327 526 444 549 seeum
477 526 616 555 omnes;
639 515 731 549 hunc
750 515 875 560 ipsum,
898 514 955 559 qui
980 513 1127 547 caedium
1148 516 1181 548 et
1201 513 1330 559 stragis
1354 516 1462 547 tantae
1480 516 1601 547 auctor
1614 515 1718 552 esset,
1744 515 1814 541 inter
1837 516 1882 542 ho-

109 580 266 612 statuunt
280 577 495 623 prodendum
513 576 719 622 injuriarum
734 587 875 610 suarum
906 575 1088 610 ultoribus.
1112 575 1271 621 Experiri
1292 576 1440 621 primum
1459 575 1596 610 interim
1611 574 1725 621 placet¹
1745 555 1810 619 ἵζ’
1825 592 1870 619 ho-

109 651 171 686 per
184 643 398 674 castrensem
413 650 539 684 popam
558 650 671 678 suum,
689 638 743 673 sui
761 637 1013 672 internuntium
1036 637 1182 678 consilii,
1201 637 1324 682 ecquid
1338 637 1523 683 praefectus
1536 636 1720 671 militarem
1746 630 1826 694 {13¹3
1838 631 1897 703 {rs}

110 701 275 747 probaret
293 700 515 735 sententiam.
535 700 630 735 Male
650 711 713 734 sua
733 700 853 734 nuntio
877 699 1000 734 cecidit
1014 699 1157 744 legatio.
1180 698 1354 744 Explosus
1378 710 1396 732 e
1418 698 1579 732 mortario
1598 697 1722 732 bellico
1748 706 1839 733 utitur.

112 766 242 804 orator,
265 763 347 809 quid
380 763 472 808 apud
500 766 687 808 tyrannum
707 761 873 801 effecerit,
895 762 1026 795 tonitru
1052 761 1111 795 1110
1130 760 1298 806 vulgavit.
1324 759 1551 805 Exasperavit
1582 759 1723 805 gravius

110 825 257 860 militum
277 825 411 859 animos
432 824 589 859 Danielis
608 824 808 864 crudelitas,
831 823 1046 870 impulitque,
1067 826 1104 857 ut
1122 823 1213 868 quod
1233 823 1482 863 condixissent,
1501 822 1720 868 perficerent.

112 887 298 934 Conjectus
330 888 365 922 in
389 887 541 926 vincula,
576 887 726 921 deditur.
748 886 803 920 Ad
834 885 1040 931 religionem
1061 885 1268 920 catholicam
1287 889 1322 921 et
1340 885 1583 931 poenitentiam
1601 884 1729 919 frustra

113 954 268 990 vocatus,
286 950 321 984 in
347 950 435 990 soro,
465 950 524 983 ubi
550 949 747 984 laniaverat
776 950 944 990 insonteS,
967 949 1079 983 securi
1094 949 1297 994 percutitur,
1319 959 1427 994 coquo
1453 959 1515 983 suo
1534 950 1725 993 exequente

112 1012 261 1047 officium
275 1011 463 1046 carnificis.
1811 1042 1842 1068 37

160 1073 351 1108 Pinscense
366 1072 560 1118 Collegium
574 1083 595 1106 a
611 1072 749 1107 Cosasis
768 1083 889 1106 rursus
920 1083 1079 1118 prorsum
1095 1072 1319 1118 dispergitur.
1336 1073 1376 1107 In
1390 1072 1474 1119 fuga
1485 1073 1728 1119 P.Stephanus
1754 1082 1876 1109 Pinscen-

112 1135 308 1176 Sielickius,
326 1135 379 1169 vir
396 1135 525 1180 pietate
545 1145 631 1180 erga
664 1135 775 1168 Deum
807 1134 949 1180 insigni,
970 1134 1147 1180 patientiae
1165 1134 1283 1169 multis
1301 1138 1467 1181 expertae,
1493 1138 1671 1170 contracto
1686 1142 1729 1171 ex
1751 1121 1878 1187 ἱξὲξὲῌῗο

112 1197 278 1232 aerumnis
296 1197 414 1232 inorbo
442 1197 631 1237 consectus,
653 1197 809 1236 Beresze,
842 1197 878 1231 in
898 1196 1054 1231 coenobio
1082 1197 1230 1231 Patruni
1245 1197 1542 1239 Cartusianorum,
1565 1198 1725 1233 decessit.
1753 1200 1817 1234 fuga
1847 1200 1874 1227 et

112 1259 271 1295 Relictus
291 1260 382 1293 domi
397 1260 438 1294 P.
462 1259 671 1293 Eustachius
687 1258 904 1305 Pylinskius‚
922 1258 1157 1293 miserandum
1177 1260 1212 1293 in
1236 1259 1375 1294 modum
1386 1261 1538 1306 jactatus
1557 1261 1600 1295 ab
1618 1260 1728 1295 hosti-
1753 1239 1843 1266 caedes.

114 1322 191 1362 bus,
209 1321 297 1356 ictus
312 1321 459 1367 denique
486 1321 614 1366 aliquot
627 1321 814 1356 mortiferis
844 1321 1047 1356 vulneribus
1074 1321 1233 1356 occubuit
1253 1322 1302 1356 IV
1316 1333 1427 1357 nonas
1445 1322 1622 1369 quintiles,
1639 1334 1728 1357 anno

114 1384 229 1418 aetatis
267 1395 340 1418 sua}
371 1383 431 1424 35,
467 1383 652 1418 Societatis
687 1383 784 1418 initae
820 1384 877 1419 18.
908 1383 1042 1418 Enecto
1076 1384 1215 1418 bustum
1244 1395 1263 1418 e
1297 1385 1400 1419 rebus
1432 1384 1580 1431 Collegii
1606 1385 1731 1420 factum
1755 1377 1901 1443 Nesei-'sien-

114 1445 327 1480 miserabile.
355 1444 550 1490 Templum,
573 1445 707 1485 domus,
739 1445 973 1492 gymnasium,
997 1445 1157 1487 officinae,
1175 1458 1319 1492 penora,
1350 1447 1445 1493 pagi,
1464 1451 1498 1482 et
1516 1458 1731 1493 quaecunque
1755 1455 1791 1481 sis
1810 1455 1901 1481 domus

115 1506 289 1552 corrumpi
317 1509 492 1552 poterant,
523 1510 686 1552 corrupta
717 1511 797 1541 sunt
817 1507 944 1541 omnia.
968 1507 1091 1553 Neque
1110 1507 1330 1543 Nesvisiensi
1356 1508 1512 1554 Collegio
1532 1509 1623 1544 levia
1640 1509 1732 1544 faeta
1755 1495 1845 1522 ruinae.

115 1569 253 1603 damna.
290 1568 381 1603 Socii
413 1572 530 1603 tamen
564 1568 651 1603 caedi
670 1569 828 1603 subducti
851 1582 857 1603 ;
880 1581 962 1615 pars
981 1570 1113 1615 accepti
1133 1569 1169 1604 in
1200 1581 1326 1611 arcem,
1348 1582 1430 1616 pars
1449 1571 1559 1605 abditi
1589 1571 1624 1605 in
1654 1570 1731 1605 loca

113 1631 255 1670 tutiora,
288 1634 472 1676 exportata
505 1630 663 1676 supellex
694 1630 813 1677 templi
832 1634 865 1665 et
884 1642 1009 1677 corpus
1039 1631 1207 1678 principis
1238 1632 1375 1667 Nicolai
1407 1633 1608 1673 conditoris,
1638 1633 1732 1667 omni

114 1696 213 1739 parte
240 1693 293 1727 sui
313 1692 424 1727 adhuc
442 1693 639 1738 integrum3
661 1705 753 1727 nunc
772 1693 910 1727 demum
928 1704 991 1740 per
1017 1694 1287 1739 imprudentiam
1307 1694 1474 1729 violatum
1495 1707 1502 1729 ε
1521 1695 1625 1741 quod,
1644 1694 1733 1729 ostio

114 1755 209 1801 putei
227 1767 304 1790 cum
325 1755 403 1790 aliis
422 1755 677 1801 superpositum
705 1755 852 1801 capulis,
874 1767 951 1790 cum
978 1756 1107 1791 eisdem
1127 1757 1270 1803 pariter,
1296 1757 1463 1792 dissoluto
1482 1757 1613 1803 puteali
1622 1757 1724 1803 jugo,

115 1817 286 1853 corruerit
308 1830 315 1852 :
344 1829 384 1853 eo
412 1817 514 1863 lapsu
538 1821 642 1863 caput
668 1817 858 1853 resolutum
886 1829 907 1852 a
931 1818 1139 1860 cervicibus,
1164 1822 1293 1854 caetera
1315 1819 1491 1866 integrum
1509 1820 1682 1866 hodieque
1698 1820 1734 1854 in
1757 1827 1856 1871 Corpus
1876 1866 1882 1871 .

115 1891 176 1914 suo
203 1879 460 1914 Radivilloruin
481 1880 666 1925 sepulchro
687 1880 841 1915 Nesvisii
869 1880 1005 1915 visitur.
1034 1881 1073 1915 In
1101 1881 1278 1927 oppidum,
1304 1893 1325 1916 a
1352 1881 1484 1916 civibus
1512 1881 1729 1922 derelictum,
1756 1866 1884 1936 ξῖὲᾞὲιὶ

117 1942 241 1987 irrupit
256 1953 333 1976 cum
351 1941 547 1987 legionibus
563 1941 696 1976 duabus
712 1942 987 1977 Moscovitarum
1002 1942 1124 1977 ductor
1139 1944 1347 1990 campestris
1362 1944 1543 1985 Szczerba,
1557 1955 1578 1978 a
1598 1943 1734 1979 Laeho-
1759 1951 1806 1977 ris.

116 2003 247 2039 vicensi
273 2003 433 2050 repulsus
460 2004 723 2050 propugnaculo
747 2016 754 2038 :
786 2004 879 2042 ferus
899 2004 1002 2039 homo
1023 2008 1057 2040 et
1083 2005 1271 2040 multorum
1297 2017 1422 2041 cruore
1443 2007 1601 2042 madens.
1633 2006 1736 2041 Hunc

115 2077 133 2100 e
148 2065 295 2111 vestigio
315 2066 538 2112 consequitur
553 2077 629 2100 cum
651 2066 847 2101 recentibus
865 2066 1005 2112 copiisa
1020 2066 1184 2113 Byohovo
1204 2070 1237 2102 et
1251 2067 1457 2108 Mohilovia,
1480 2068 1615 2114 oppidis
1634 2068 1728 2103 Rus-

118 2127 179 2163 siae
197 2128 389 2169 Polemone,
413 2128 559 2174 viperini
587 2128 736 2163 nominis
763 2132 797 2163 et
824 2127 955 2173 ingenii
974 2128 1182 2170 Moscovita‚
1210 2129 1331 2175 Zmija.
1360 2129 1530 2175 Uterque,
1560 2141 1640 2165 arce
1658 2133 1732 2165 ten-

116 2192 190 2224 tata
202 2189 342 2230 frustra,
364 2189 488 2225 evertit
503 2190 681 2236 oppidum.
700 2191 739 2225 In
759 2191 891 2225 aedibus
910 2190 1058 2236 Collegii
1075 2203 1118 2226 ne
1138 2194 1264 2226 testam
1279 2192 1430 2238 quidem,
1462 2192 1499 2226 in
1525 2191 1653 2238 templo
1687 2204 1731 2227 ne

118 2263 251 2286 summa
271 2251 410 2297 quidem
426 2252 574 2286 turrium
589 2256 795 2287 ornamenta
814 2263 917 2292 aerea,
936 2252 1077 2298 reliquit
1096 2253 1250 2298 integra.

167 2314 236 2349 Sed
253 2314 328 2360 jam
354 2314 412 2348 diu
440 2325 619 2349 narramus
643 2315 929 2360 continenterque
963 2315 1126 2350 funesta:
1150 2326 1227 2360 quae
1252 2314 1356 2349 unius
1382 2313 1513 2350 tenoris
1540 2314 1729 2356 cantilena,
1782 2322 1850 2367 ..39-

118 2376 209 2421 quod
239 2379 356 2410 monet
381 2375 601 2417 Plutarchus,
637 2377 795 2423 equidem
822 2376 947 2417 sentio,
977 2380 1141 2422 quantam
1174 2377 1371 2412 satietatem
1396 2377 1522 2423 pariat.
1552 2376 1729 2415 Varietas,
1755 2361 1902 2427 debsstlem-

119 2441 268 2484 oportet,
288 2437 405 2484 aliqua
423 2439 556 2474 intexat
573 2439 656 2474 laeta
670 2439 840 2474 tristibus.
858 2438 957 2474 Nihil
972 2442 1023 2474 est
1041 2439 1166 2485 aptius,
1185 2439 1296 2485 inquit
1311 2439 1444 2480 Cicero,
1463 2439 1507 2473 ad
1529 2438 1730 2474 delectatio-
1755 2439 1825 2473 poris
1837 2447 1900 2472 pau-

122 2510 201 2534 nem
223 2499 376 2542 lectoris,
401 2512 500 2546 quam
535 2505 729 2547 temporum
756 2502 943 2536 varietates
978 2501 1196 2547 fortunaeque
1225 2501 1495 2537 vicissitudines.
1533 2500 1628 2536 Inter
1657 2501 1733 2536 haec
1757 2480 1884 2508 lolemor.
