2184 2953
251 395 314 422 1656

250 436 381 469 Ragocius

251 486 324 503 arina
337 478 364 503 in

252 517 397 543 fumantem

252 556 332 583 refert
354 564 399 589 pa-

252 595 340 620 triam.
350 595 397 621 Ρο-

254 634 372 660 lonorum

252 672 371 705 querelae.

420 297 480 329 356
806 296 1081 328 LITUANICARUM
1103 297 1312 327 SOCIETATIS
1334 298 1419 328 JESU
1442 296 1693 328 HISTORIARUM

422 389 724 437 Transylvaniam,
746 390 836 426 bello
852 390 999 426 Turcico
1023 393 1057 425 et
1071 390 1162 426 civili
1190 391 1332 438 insuper
1359 391 1550 432 ardentem,
1572 400 1665 425 anno
1689 387 1780 424 1657
1800 389 1948 435 rejectus
1964 393 2027 425 est.

422 451 569 498 Reperit
582 452 641 487 ille
656 453 749 488 domi
766 453 870 499 plena
888 453 1004 488 omnia
1023 456 1057 488 et
1069 453 1176 499 justis
1203 453 1418 489 Polonorum
1441 453 1604 500 querelis,
1627 455 1661 487 et
1676 461 1817 484 suarum
1837 451 1948 486 ruinis
1964 452 2033 486 for-

423 516 596 549 tunarum.
609 515 835 561 Legebantur
848 515 892 549 ab
911 515 1092 561 Hungaris
1114 526 1246 561 sparsae
1265 516 1476 551 nostratium
1490 515 1620 562 passim
1638 513 1765 548 litterae
1783 525 1790 554 ;
1810 525 1896 559 quas
1916 513 1952 548 in
1967 514 2039 549 suis

428 580 688 612 Clinzacterz'bus
706 579 754 613 ita
771 578 895 613 recitat
915 578 1117 613 Kochovius
1135 590 1142 612 t

475 654 490 668 κ
512 640 624 675 Νο1110
661 640 808 681 dubitat,
837 644 974 675 naturae
1000 641 1080 686 lege
1111 643 1250 674 cautum
1277 651 1367 680 esse,
1398 639 1501 674 alteri
1528 650 1600 673 non
1634 639 1749 674 facere
1781 649 1834 680 ea,
1870 650 1948 684 quae
1975 638 2041 674 sibi

426 715 441 730 «c
462 701 623 737 facienda
637 703 714 749 quis
727 702 869 737 minime
888 706 984 749 optet
1001 714 1008 736 :
1026 702 1212 748 prohibere
1229 705 1343 736 tamen
1358 701 1516 747 injurias,
1538 712 1579 735 ac
1598 701 1667 735 vim
1686 701 1718 735 vi
1734 700 1918 746 repellere,
1935 700 2018 735 licet
2033 715 2041 743 ;

426 778 442 793 κ
463 764 519 799 vel
535 776 576 800 ex
593 765 668 811 ipso
685 769 821 800 naturae
840 764 1020 805 instinctu,
1038 776 1116 811 quae
1134 764 1294 800 leonibus
1307 775 1456 810 ungueS,
1474 763 1571 809 equis
1586 763 1750 809 ungulas,
1769 763 1879 798 tauris
1894 774 2040 802 cornua,

426 841 441 856 α
464 827 608 862 canibus
624 827 744 862 dentes
756 826 892 862 dederit
914 839 920 861 :
943 827 1050 862 etiam
1069 827 1268 861 hominibus
1283 826 1421 860 diversa
1436 836 1613 860 armorum
1632 837 1765 872 genera
1784 825 1936 871 elargita
1951 839 1957 867 ;
1972 826 2046 871 qui-

426 903 441 918 «
463 889 527 924 bns
545 890 687 936 propria
698 889 938 930 defenderent,
952 889 1067 924 illatas
1083 889 1229 935 injurias
1248 888 1516 923 ulciscerentur.
1539 888 1671 923 Notum
1690 888 1869 934 gentibus,
1893 887 2047 922 Polonos

425 965 441 980 ει
462 963 539 986 011111
558 950 824 997 Transylvaniae
856 950 1052 997 principatu
1071 949 1204 984 nullum
1224 961 1375 995 unquam
1396 950 1581 984 discrimen
1609 954 1670 984 aut
1700 950 1973 985 controversiam
1993 950 2050 985 vel

426 1027 441 1042 α
463 1014 639 1054 amicitiae,
660 1013 715 1048 vel
754 1013 908 1053 confinii,
930 1013 985 1048 vel
1011 1017 1141 1047 mutuae
1170 1012 1503 1058 correspondentiae,
1525 1012 1569 1046 ab
1600 1012 1867 1047 immemorabili
1894 1016 2050 1059 tempore

426 1090 441 1104 ιι
463 1076 631 1111 habuisse
649 1088 655 1111 :
679 1075 762 1122 quin
789 1076 858 1110 imo
878 1087 955 1110 cum
969 1075 1102 1122 inclyta
1121 1079 1227 1121 gente
1246 1075 1442 1120 hungarica
1465 1086 1616 1121 semper,
1647 1075 1796 1110 maxime
1813 1086 1834 1109 a
1854 1075 2045 1116 Ludovico,

424 1152 440 1166 ‘c
462 1138 619 1180 Alberto‚
653 1138 802 1179 Mathia,
833 1138 978 1184 aliisque
1010 1137 1172 1178 dominis,
1214 1137 1411 1172 Pannoniae
1438 1137 1595 1183 regibus,
1631 1141 1910 1172 sacro-sanctum
1949 1138 2045 1184 pacis

424 1215 440 1230 «ι
461 1200 575 1236 foedus
614 1200 683 1235 11110
698 1204 732 1235 01
748 1212 858 1246 usque
877 1212 969 1235 nunc
987 1199 1199 1235 laudabilem
1214 1199 1363 1234 coluisse
1378 1199 1565 1234 amicitiam
1583 1211 1590 1234 t
1609 1204 1646 1234 ut
1665 1199 1880 1234 Polonorum
1897 1200 2046 1246 Hunga-

426 1278 441 1293 α
463 1264 549 1304 rica,
582 1263 830 1309 Hungarorum
858 1263 1029 1298 Polonica
1048 1263 1221 1309 capitibus
1254 1274 1348 1308 saepe
1378 1262 1577 1297 diademata
1604 1262 1878 1309 imponerentur.
1898 1263 1997 1302 Quod
2016 1264 2046 1298 si

427 1342 443 1356 κ
463 1330 565 1362 vacat
583 1326 714 1361 vetusti
732 1326 900 1372 temporis
932 1329 1008 1360 acta
1027 1326 1216 1371 respicere,
1249 1324 1284 1358 in
1305 1325 1484 1370 Stephano
1504 1325 1673 1359 Bathorio
1691 1325 1898 1360 recentioris
1917 1337 2045 1361 memo-

427 1405 442 1419 u
466 1390 529 1424 riae
547 1389 792 1424 documentum
811 1392 942 1423 manet.
965 1388 1040 1423 Nec
1071 1387 1256 1423 defuerunt
1275 1387 1372 1433 genti
1392 1388 1426 1422 in
1445 1387 1561 1430 bellis,
1597 1392 1719 1423 contra
1738 1389 1889 1423 Turcam
1921 1389 2044 1435 gestis,
2082 1398 2087 1403 ·

428 1467 443 1482 α
465 1451 742 1499 praesentissima
774 1450 990 1486 Polonorum
1024 1450 1202 1491 subsidia;
1238 1450 1342 1484 etiam
1362 1450 1397 1484 in
1416 1451 1527 1485 turbis
1548 1450 1746 1486 domesticis
1766 1451 1929 1498 Bockaji,
1964 1452 2046 1487 Bet-

428 1529 444 1544 α
464 1514 559 1554 101111,
577 1513 688 1548 Mosis
701 1512 823 1554 Siculi,
844 1512 899 1547 vel
911 1513 1021 1558 ipsius
1042 1512 1226 1559 Stephani,
1253 1512 1536 1559 Ragociipatris‚
1552 1513 1826 1548 mediationibus
1841 1517 1875 1548 01
1892 1513 2047 1549 0011311113

429 1591 445 1606 α
467 1576 660 1612 fraternum
674 1575 711 1609 in
722 1575 862 1609 modum
877 1575 1068 1621 Hungaros
1087 1574 1263 1621 prosecuti
1275 1574 1401 1609 Poloni
1413 1587 1419 1608 :
1432 1574 1673 1610 incolumitate
1692 1575 1845 1616 illorum,
1863 1587 1903 1610 ac
1922 1576 1951 1610 si
1969 1588 2048 1622 pro-

430 1653 445 1668 «
467 1639 593 1685 priam,
615 1650 659 1673 ex
676 1638 788 1672 animo
808 1638 1020 1673 curavimus.
1047 1637 1248 1672 Novissime
1279 1637 1397 1672 hostes
1425 1637 1592 1683 professis
1624 1637 1802 1673 Vallachis
1840 1638 2049 1685 Cosacisque

429 1715 445 1729 a
467 1700 640 1746 Ragocio,
663 1711 730 1746 qua
749 1699 817 1734 fide
848 1711 890 1734 ac
919 1699 1130 1735 dexteritate
1149 1710 1206 1734 res
1226 1699 1301 1745 ejus
1323 1699 1481 1745 adjutum
1508 1699 1620 1734 nostri
1649 1699 1757 1741 ivere,
1787 1711 1888 1735 1101110
1922 1705 1975 1735 031
1992 1701 2049 1747 (1111

430 1778 445 1792 ιι
466 1763 616 1809 ignoret.
639 1763 744 1802 Hinc,
763 1763 1057 1808 consurgentibus
1073 1762 1110 1796 in
1132 1773 1243 1807 regno
1263 1761 1420 1796 Poloniae
1445 1761 1561 1803 bellis,
1583 1773 1604 1796 a
1621 1761 1758 1797 nemine
1773 1762 1869 1808 prius
1885 1774 1989 1809 quam
2004 1764 2047 1798 ab

431 1840 447 1854 κ
469 1824 617 1871 ipsomet
636 1825 796 1870 Ragocio
811 1825 1007 1870 flagitatum
1022 1824 1201 1859 auxilium.
1226 1823 1460 1870 Compellatus
1476 1823 1615 1869 quidem
1635 1824 1830 1860 eonomine
1860 1825 1903 1859 D.
1926 1826 2048 1860 Ferdi-

433 1903 449 1918 «ι
470 1888 606 1923 nandus
622 1888 815 1934 Imperator
833 1901 840 1929 ;
864 1891 918 1922 ast
937 1887 1017 1922 dum
1031 1887 1186 1933 longiori
1204 1886 1457 1922 deliberatione
1476 1886 1691 1932 postulatum
1708 1887 1837 1928 differt,
1860 1900 1972 1934 neque
1992 1900 2048 1924 res

434 1964 449 1978 ει
471 1952 601 1984 110311ῖο
616 1960 749 1984 moram
767 1949 961 1995 patiuntur,
984 1949 1028 1983 ad
1046 1949 1239 1995 principem
1255 1948 1524 1995 Transylvaniae
1543 1949 1719 1984 desideria
1749 1950 1951 1996 reipublicae
1972 1962 2049 1985 con-

433 2025 448 2039 «
470 2022 572 2046 versa
587 2014 679 2052 sunt,
702 2011 886 2056 oblataque
914 2011 945 2045 ei
966 2022 1105 2045 corona>
1125 2022 1226 2057 spes;
1249 2011 1277 2045 si
1293 2022 1393 2057 opem
1420 2010 1512 2045 serre
1530 2010 1696 2046 laceratae
1721 2012 1871 2058 undique
1891 2012 2050 2047 Poloniae

433 2087 448 2101 α
471 2072 689 2118 dignaretur.
703 2073 834 2107 Verum
847 2071 906 2106 ubi
917 2071 984 2106 mel
999 2073 1218 2118 sperabatur,
1238 2072 1379 2107 inventa
1394 2075 1477 2107 sunt
1492 2072 1626 2118 spicula
1641 2085 1647 2107 :
1662 2085 1857 2108 cumvanus
1872 2074 2047 2120 princeps,

431 2148 446 2163 a
470 2134 635 2179 requisita
660 2146 724 2180 ope
755 2133 878 2175 elatus,
902 2134 1069 2180 majorem
1097 2134 1133 2168 in
1152 2134 1268 2168 animo
1288 2133 1402 2168 locum
1431 2133 1612 2168 ambitioni
1631 2133 1767 2168 dederit
1787 2146 1887 2180 quam
1906 2135 2047 2175 rationi,

432 2212 448 2226 α
470 2197 653 2243 potiusque
668 2197 777 2238 duxit,
792 2197 945 2232 violenta
960 2198 1147 2244 tyrannide
1165 2209 1334 2244 occupare
1348 2207 1509 2242 regnum,
1532 2207 1635 2241 quam
1650 2195 1736 2230 illud
1751 2196 1864 2231 amica
1879 2197 2050 2233 electione

434 2274 449 2288 ιι
472 2271 653 2305 quaerere:
677 2260 822 2305 ignarus
842 2260 1115 2306 consequentiae,
1146 2259 1238 2306 quod
1269 2259 1327 2306 qui
1354 2258 1553 2292 libertatem
1580 2258 1659 2292 aliis
1687 2259 1821 2300 adimit,
1843 2271 1941 2295 suam
1976 2261 2051 2307 ipse

436 2336 451 2351 a
473 2322 609 2368 perdat,
627 2333 782 2364 necesse,
801 2326 866 2357 etc.
885 2327 948 2358 etc.
964 2322 1080 2357 Nullis
1098 2321 1382 2368 itaquelegitime
1401 2320 1617 2365 adipiscendi
1636 2322 1736 2368 regni
1751 2322 1912 2357 admissis
1928 2323 2051 2358 mediis

438 2399 453 2414 ιι
477 2388 510 2419 01
528 2384 693 2425 0011311113,
715 2384 806 2419 fastu
825 2385 989 2426 tumidus,
1026 2385 1185 2420 Poloniae
1205 2395 1352 2430 regnum
1371 2383 1500 2429 scripto
1533 2384 1693 2430 dictoque
1719 2397 1818 2420 suum
1837 2397 1913 2421 esse
1941 2386 2052 2421 divul-

438 2462 453 2476 -
476 2458 577 2493 gans,
595 2446 731 2481 infestis
746 2447 851 2481 armis
866 2447 952 2482 fines
967 2451 1105 2482 nostros
1124 2446 1270 2486 involat,
1289 2446 1450 2481 Romano
1470 2445 1681 2491 imperatore
1704 2459 1744 2482 ac
1763 2448 2051 2483 benevolentibus

438 2523 453 2537 α
476 2508 599 2544 vicinis
616 2509 745 2545 frustra
760 2509 968 2545 immeritam
988 2509 1058 2545 vim
1086 2508 1366 2556 deprecantibus,
1393 2511 1459 2544 etc.
1477 2511 1544 2544 etc.
1567 2508 1753 2555 Ingressus
1771 2510 1887 2556 itaque
1902 2522 2050 2557 regnum
