2184 2953
647 303 753 332 LIBER
779 303 941 333 OCTAVUS
962 302 1180 342 (1630-1640).
1672 301 1733 333 325

120 395 242 430 dextro
269 406 341 430 arae
367 395 509 441 majoris
536 406 644 429 cornu
674 396 719 430 ad
745 395 894 430 medium
918 394 1037 440 templi
1063 394 1235 435 rhetores,
1262 405 1283 428 a
1310 394 1449 429 sinistro
1479 398 1610 439 poetae3
1642 404 1724 428 suas

120 457 264 503 quisque
281 457 415 502 ingenii
431 460 464 491 et
486 457 658 492 industria
677 469 772 503 opes,
800 457 981 503 eleganter
1004 457 1169 502 depictas,
1189 457 1419 502 explicarunt.
1442 457 1472 492 A
1490 458 1598 492 latere
1612 460 1729 492 erecta

121 519 304 565 magnifice
337 519 446 553 Beato
479 519 614 564 parenti
630 530 693 553 ara
725 531 801 553 cum
831 519 897 554 hoc
933 520 1216 565 epigrammate:
1247 539 1294 543 —-
1314 530 1348 553 D.
1380 530 1412 553 o.
1436 529 1475 552 M.
1509 530 1564 552 OB.
1600 529 1730 553 SERVA-

119 592 204 616 TAM.
236 592 365 615 ANNos.
401 592 556 615 CENTUM.
587 591 819 615 SOCIETATEM.
849 591 945 615 JESU.
973 592 1171 616 RHETORES.
1200 582 1238 615 In
1271 582 1381 616 altero
1413 586 1569 617 extructa
1601 581 1732 626 pariter

120 644 175 678 his
208 643 272 677 fuit
299 642 446 688 insignis
481 643 772 677 characteribus:
803 653 946 676 OPTIMO.
974 654 1093 678 PATRI.
1125 656 1280 679 SUORUM.
1315 656 1483 679 PARENTI.
1513 655 1567 678 AG.
1598 655 1732 678 FUNDA-

120 717 215 742 TORI.
250 716 342 739 D1vo.
366 715 523 739 1GNAT1o.
546 716 603 739 DE.
627 715 766 738 LomLA.
797 714 929 737 GRATA.
950 714 1142 740 JUVENTUS.
1172 714 1329 738 ΡΟΕΤΙΟΑ.
1362 715 1410 738 IN.
1441 715 1550 737 Amm.
1583 714 1732 737 UNIx'ER-

122 777 254 802 SITATE.
299 777 354 800 ET.
392 777 586 800 ACADEMIA.
633 777 811 800 VILNENsI.
857 777 1064 801 SOCIETATIS.
1109 778 1204 801 JESU.
1248 777 1330 801 CUM.
1373 777 1505 800 EADEM.
1554 776 1728 799 socians.

124 838 260 862 ELAPSI.
297 837 444 861 SAEcuLi.
479 838 684 861 MEMORIAM.
719 838 952 862 SOLENNITER.
990 839 1234 862 GELEBRARET.
1273 838 1408 862 POSUIT.
1439 838 1495 861 Ao.
1530 838 1728 861 DEDICAVIT.

124 899 525 924 ANNo.M.D.c.x.L.D1E
544 899 691 923 x.x.X.1.
715 900 819 924 JUL11.

174 950 228 984 Ad
247 950 415 996 parietem
443 949 601 984 dextrum
621 961 691 983 una
716 951 868 996 porticus
896 951 1072 992 continua,
1104 962 1146 985 ex
1175 951 1457 985 architectonica}
1482 950 1620 997 legibus
1651 961 1732 984 con-

125 1016 269 1052 structa,
290 1011 481 1045 visebatur.
505 1010 617 1055 Hujus
637 1011 851 1055 contignatio
870 1013 1028 1057 superior
1054 1014 1413 1048 concamerationibus
1440 1013 1597 1047 flexuosa
1617 1013 1730 1048 multi-

119 1073 229 1120 jugis,
252 1073 386 1107 modice
405 1072 594 1118 fastigiata,
618 1073 750 1107 nitebat
764 1073 852 1118 parii
864 1074 1011 1108 candore
1031 1074 1168 1120 lapidis,
1187 1075 1499 1116 intermicantibus,
1516 1086 1601 1109 auro
1617 1075 1729 1120 pictis,

124 1137 287 1171 lemmate
320 1135 467 1181 singulis
495 1140 576 1180 apto
607 1135 792 1174 distinctis,
821 1148 1002 1181 procerum
1035 1137 1119 1171 bene
1150 1138 1350 1172 meritorum
1373 1138 1495 1183 patriis
1521 1137 1731 1183 insignibus.

125 1200 220 1234 Inter
238 1209 340 1232 arcus
356 1197 538 1243 fulgebant
565 1198 717 1243 grandes
746 1202 884 1239 statuae,
906 1200 1021 1235 colore
1051 1199 1203 1234 inductae
1223 1210 1333 1237 aeneo,
1360 1199 1463 1233 certis
1482 1199 1572 1233 notis
1600 1200 1734 1245 conspi-

124 1272 212 1300 cuae,
241 1259 495 1294 domiciliorum
524 1259 709 1293 Societatis
735 1260 771 1293 in
797 1260 964 1295 lituanica
990 1261 1168 1307 provincia
1190 1261 1376 1296 simulacra
1403 1273 1409 1294 :
1431 1251 1648 1296 variantibus
1675 1261 1737 1296 illa

125 1321 252 1357 coloris
279 1320 472 1366 ferruginei
501 1320 652 1361 tabulis;
684 1321 719 1354 in
742 1322 865 1366 quibus
891 1322 1099 1357 familiarum
1131 1323 1310 1362 nobilium,
1340 1334 1487 1368 quarum
1514 1327 1674 1358 extarent
1702 1323 1737 1358 in

127 1386 247 1420 Socios
266 1384 401 1424 merita,
432 1384 629 1429 conscripta
647 1389 720 1419 tum
739 1397 844 1430 prosa
862 1388 934 1420 tum
949 1386 1102 1420 carmine
1120 1386 1328 1432 legebantur
1350 1385 1478 1431 elogia.
1497 1385 1736 1431 Contignatio-

126 1462 205 1485 nem
228 1450 331 1484 istam
359 1448 579 1483 sustentabat
600 1449 754 1485 inferior,
782 1449 985 1483 marmoreis
1010 1460 1154 1494 aspersa
1169 1447 1356 1488 coloribus,
1375 1447 1531 1482 sublimis
1551 1447 1685 1482 duabus
1705 1452 1739 1482 et

125 1512 273 1557 triginta
292 1511 404 1557 operis
424 1510 535 1557 jonici
563 1511 744 1546 columnis.
776 1511 871 1545 Inter
889 1511 966 1549 has,
984 1510 1218 1545 beneficorum
1236 1509 1355 1544 laudes
1383 1509 1521 1549 civium,
1544 1510 1641 1555 poesi
1659 1522 1740 1544 con-

128 1573 210 1607 ditae
240 1572 371 1611 melica,
393 1572 617 1618 extantiaque
647 1572 807 1606 umbilico
836 1576 938 1607 tenus
963 1571 1152 1606 eorundem
1181 1571 1294 1616 signa.
1318 1570 1412 1605 Infra
1434 1571 1510 1605 haec
1528 1571 1708 1617 inscriptio
1731 1585 1737 1606 :

127 1647 298 1669 memores
312 1640 344 1669 et
360 1637 457 1679 yrati
471 1651 478 1674 ;
496 1646 602 1680 supra
616 1634 720 1674 lauri,
735 1646 885 1674 comme,
900 1638 993 1669 serta
1009 1647 1085 1669 cum
1102 1634 1354 1679 epigrammate
1369 1644 1375 1666 :
1393 1635 1545 1666 nominis
1559 1635 1738 1667 immorta-

127 1700 258 1731 litatem
277 1714 285 1731 .·
304 1697 437 1737 subter,
458 1697 494 1732 in
512 1697 654 1731 basibus
681 1697 827 1731 maxime
846 1695 998 1735 aedificii,
1024 1695 1181 1742 symbola
1199 1695 1296 1729 varia
1315 1694 1360 1728 ad
1379 1694 1740 1729 commemorationem

128 1758 375 1794 beneficiorum
400 1759 573 1805 apposita.
604 1759 658 1793 Ab
685 1759 795 1793 latere
814 1758 967 1798 sinistro,
985 1769 1004 1792 e
1019 1758 1176 1802 regione,
1194 1768 1258 1802 par
1281 1756 1401 1795 moles,
1423 1756 1459 1789 in
1478 1755 1610 1800 aliquot
1624 1754 1739 1789 distri-

127 1820 211 1855 buta
225 1824 353 1866 partes,
374 1820 566 1866 multijugis
587 1824 682 1855 secta
697 1820 922 1860 anfractibus,
941 1820 1089 1865 picturis
1105 1823 1230 1853 ornata
1245 1822 1279 1852 et
1293 1816 1503 1863 anaglyphis
1521 1829 1527 1850 :
1546 1817 1594 1850 sic
1609 1820 1740 1850 structa

128 1886 162 1917 et
180 1882 417 1923 interstincta,
445 1887 482 1917 ut
510 1883 586 1928 ipsa
605 1882 757 1928 partium
784 1881 1028 1916 dissimilitudo
1048 1881 1198 1927 speciem
1218 1880 1436 1925 gratiamque
1455 1878 1600 1912 haberet
1620 1878 1740 1923 praeci-

128 1956 246 1991 puam.
281 1945 357 1980 Hoc
388 1945 570 1979 aedificium
602 1944 736 1990 pilatim
768 1947 938 1977 structum
970 1947 1002 1977 et
1032 1942 1211 1977 arcuatim.
1248 1941 1286 1974 ln
1326 1940 1467 1973 basibus
1499 1938 1739 1973 columnarum

80 2046 87 2053 ι
129 2007 245 2053 elogia
267 2020 273 2042 ς
295 2007 331 2041 in
358 2007 525 2041 lateribus
552 2007 654 2052 signa
680 2006 895 2052 principum,
930 2016 1119 2050 eorumque
1145 2003 1321 2038 laudatrix
1348 2003 1463 2048 poesis
1493 2002 1602 2036 varia.
1645 2002 1740 2036 Inter

126 2073 260 2104 statuas
287 2069 583 2103 immortalitatem
614 2068 737 2113 gloria}
766 2066 1010 2112 significabant
1037 2066 1128 2100 idola
1159 2065 1383 2100 iEternitatis
1411 2067 1445 2098 et
1469 2063 1598 2098 Famae.
1630 2063 1739 2097 Trina

127 2130 230 2176 hujus
246 2142 381 2176 quoque
401 2130 538 2164 aedificii
556 2129 620 2163 fuit
645 2128 882 2163 contabulatio
904 2140 909 2162 :
931 2128 1048 2162 media
1072 2126 1196 2172 elogiis
1217 2126 1321 2171 plena
1341 2129 1373 2159 et
1393 2124 1559 2171 symbolis
1582 2125 1627 2158 ad
1646 2124 1740 2169 prin·

127 2191 241 2237 cipum
261 2195 445 2227 stemmata
457 2191 740 2226 accommodatis.
762 2191 843 2224 Arae
858 2190 997 2236 majoris
1018 2189 1151 2235 species
1169 2188 1304 2222 caeteris
1328 2187 1391 2220 fuit
1410 2186 1614 2231 augustior-3
1637 2186 1738 2231 hujus

128 2254 381 2288 concameratio
396 2253 611 2300 profundior,
629 2265 671 2287 ex
686 2256 758 2287 arte
780 2252 908 2298 optica,
934 2255 1081 2296 quatuor
1097 2250 1223 2284 doricis
1242 2249 1410 2283 columnis
1425 2248 1524 2289 fulta,
1543 2247 1737 2283 simulacris

129 2313 287 2348 divorum
305 2314 395 2349 inter
415 2314 549 2360 palmas
568 2317 602 2349 et
620 2314 737 2348 lauros
757 2314 946 2360 dispositis,
969 2313 1013 2347 ad
1032 2313 1143 2347 lucem
1169 2313 1322 2358 ipsorum
1349 2311 1482 2357 ignium
1510 2315 1738 2357 temperatam

129 2376 328 2421 conspicua.
347 2376 413 2411 Hic
432 2376 521 2410 inter
540 2376 641 2422 signa
664 2377 742 2411 duae
761 2376 961 2411 eminebant
979 2375 1150 2421 imagines
1178 2386 1185 2407 1
1214 2373 1326 2407 altera
1342 2373 1421 2406 Divi
1448 2373 1588 2418 Ignatii,
1617 2371 1738 2406 Salva-

129 2437 196 2470 tori
215 2437 362 2472 Domino
383 2437 547 2483 supplicis
565 2450 571 2472 ε
594 2438 705 2472 altera
722 2438 757 2472 in
776 2437 889 2472 medio
909 2437 983 2483 ejus
1006 2436 1150 2476 theatri,
1172 2434 1337 2469 mundum
1365 2446 1439 2480 prae
1457 2433 1546 2468 coelo
1565 2433 1744 2468 fastidien-

130 2497 176 2533 tis
203 2499 357 2544 ejusdem
386 2499 721 2544 Patris3pulchra1n
748 2504 893 2544 utraque
923 2498 1046 2533 habuit
1078 2509 1229 2532 scenam.
1263 2495 1390 2531 Subter
1419 2496 1534 2541 posita
1564 2495 1601 2530 in
1626 2495 1739 2531 medio

1765 397 1825 423 1640
