2184 2953
255 381 319 409 1583

309 717 346 742 16.

250 756 274 781 N
277 756 352 781 oviti-

250 803 322 820 orum
341 795 380 821 in-

249 836 354 862 stitutio

248 876 348 902 Bruns-

252 919 344 952 bergae.

246 1981 392 2007 Bathorius

246 2021 369 2054 Princeps

247 2060 353 2087 Sodales

247 2100 352 2127 Schola-

246 2141 325 2167 sticos
331 2139 392 2165 Pul-

246 2182 323 2209 toviae
334 2181 375 2214 ju-

245 2223 290 2249 bet
299 2222 394 2248 valere.

246 2261 262 2287 J
265 2260 357 2286 uvenis

246 2298 392 2324 beneinsti-

247 2338 299 2364 tuti
318 2346 378 2364 con-

246 2377 358 2403 stantia.

301 2474 340 2500 18.

246 2513 384 2546 Templum

424 286 482 317 114
791 286 1066 316 LITUANICARUM
1090 287 1300 316 SOCIETATIS
1322 288 1407 317 JESU
1430 288 1681 318 IIISTORIARUM

421 378 457 412 in
476 376 596 424 primis
616 376 910 423 Novogrodecum
931 377 968 412 in
987 378 1107 412 urbem
1127 378 1268 413 Russiae
1288 378 1467 414 Polonicae
1485 380 1710 426 praecipuam,
1732 380 1816 426 ipsis
1835 381 2034 424 photianis,

422 439 648 480 Calvinianis,
684 439 906 480 Lutheranis,
933 439 1136 485 Judaeisque
1172 440 1351 481 refertam,
1385 441 1431 475 ad
1458 441 1623 488 reliquias
1654 442 1701 476 ibi
1733 442 1983 478 catholicorum
2001 444 2037 479 in

420 502 590 548 religione
608 500 788 542 fovendas,
812 513 833 535 a
852 502 994 536 curione
1021 502 1126 537 etiam
1145 513 1220 544 suo,
1243 504 1344 538 annis
1364 504 1491 538 abhinc
1511 504 1629 540 decem
1654 504 1814 551 perfuga,
1838 506 1931 540 omni
1947 517 2036 552 prae-

422 565 510 600 sidio
530 564 654 599 salutis
686 564 883 603 destitutas,
906 564 973 598 duo
1004 564 1157 599 vicissim
1177 566 1421 601 excurrebant.
1445 567 1580 602 Horum
1599 568 1755 613 ipsorum
1787 580 1894 614 opera
1916 569 2040 614 viginti

423 627 573 674 amplius
600 627 644 661 ab
670 627 810 667 haeresi,
833 627 979 672 triginta
1007 627 1122 673 capita
1140 639 1161 661 a
1180 628 1366 663 schismate
1385 628 1431 663 ad
1454 629 1648 664 Ecclesiam
1672 634 1848 671 revocata,
1870 631 1972 677 plura
1989 631 2043 666 his

421 701 484 736 per
516 690 636 725 Socios
668 689 815 735 Collegii
837 689 1029 724 Vilnensis.
1060 690 1299 736 Brunsbergae
1332 691 1453 725 novitii
1485 692 1603 731 etiam,
1625 695 1729 738 atque
1756 693 1779 726 ii
1808 692 1945 738 quidem
1976 693 2043 728 hoc

421 752 498 798 ipso
526 763 618 786 anno
644 751 863 797 congregati,
887 763 1034 797 quorum
1053 763 1218 787 numerus
1251 752 1386 787 duobus
1405 757 1439 788 et
1469 754 1592 799 viginti
1620 759 1696 789 erat
1717 765 1785 789 non
1818 755 1943 801 major,
1965 767 2042 790 cum

421 813 514 848 domi
533 826 614 849 suas
633 814 723 849 inter
741 814 909 854 latebras,
931 818 1004 848 tum
1027 815 1063 848 in
1081 814 1231 849 civitatis
1250 815 1326 849 luce
1346 815 1467 850 officiis
1487 816 1558 851 suis
1578 828 1648 851 non
1673 816 1831 851 deerant.
1854 817 1967 852 Erant
1986 818 2043 863 qui

421 877 465 910 ad
484 877 653 911 vilissima
672 876 777 911 etiam
808 875 1002 911 ministeria
1021 876 1205 911 alacritate
1223 877 1401 923 praeeipua
1433 889 1511 913 sese
1543 878 1778 919 demitterent,
1796 879 2044 926 hominumque

420 939 708 978 miserrimorum,
724 938 761 972 in
780 949 917 972 coenum
936 938 1165 984 abjectorum,
1183 950 1269 984 pure
1288 939 1531 980 diffluentium,
1550 952 1668 975 curam
1683 941 1918 984 sustinerent;
1939 946 2044 988 atque

420 1001 477 1035 hic
495 1001 612 1035 verbis
644 1004 678 1035 et
697 1000 902 1035 munusculo
923 1000 1039 1046 aliquo
1060 1012 1160 1035 sacro
1184 1005 1383 1047 gementem
1402 1002 1588 1044 solaretur,
1610 1003 1660 1037 illi
1692 1003 1734 1038 de
1755 1008 1909 1039 stercore
1928 1008 2041 1039 trans-

418 1063 527 1098 latum
554 1062 724 1103 lavarent,
747 1062 982 1107 detergerent,
1005 1067 1039 1097 et
1056 1068 1190 1098 tantum
1210 1075 1279 1098 non
1306 1064 1452 1104 saniem,
1475 1065 1647 1100 charitate
1674 1065 1807 1100 incensi
1836 1066 2039 1107 christiana,

417 1128 596 1171 sugerent.
615 1126 705 1159 Itum
724 1125 804 1159 inde
823 1125 858 1159 in
877 1125 1079 1159 ulteriorem
1099 1126 1282 1160 Prussiam
1301 1130 1335 1161 et
1354 1127 1609 1162 Pomeraniam.
1628 1128 1730 1162 Domi
1749 1128 1783 1162 in
1804 1128 1928 1169 tribus,
1948 1129 2040 1163 Pon-

417 1187 535 1227 tificio,
565 1186 771 1232 provinciali
801 1186 964 1221 dioecesis
991 1187 1197 1227 Varmiacae,
1227 1192 1261 1222 et
1292 1188 1529 1223 convictorum
1553 1189 1735 1235 juvenum,
1758 1189 1925 1235 Collegiis
1944 1202 2044 1225 suum

419 1250 541 1295 cuique
564 1249 702 1284 virtutis
722 1253 756 1284 et
774 1261 891 1295 operae
922 1249 1073 1295 amplum
1101 1250 1166 1284 fuit
1184 1251 1417 1297 gymnasium.
1443 1251 1483 1285 In
1502 1251 1557 1286 his
1576 1262 1662 1297 puer
1689 1252 1889 1294 admodum,
1912 1252 1973 1287 sed
1991 1253 2044 1287 in-

418 1312 520 1358 genio
530 1312 606 1358 jam
621 1311 806 1357 perpolito,
825 1312 1058 1358 expeditoque
1077 1312 1176 1346 latini
1197 1313 1368 1347 sermonis
1397 1324 1474 1354 usu,
1496 1314 1651 1348 revisens
1669 1318 1833 1359 parentes
1849 1315 1883 1348 in
1900 1313 2044 1349 dioecesi

417 1374 545 1420 patria,
567 1378 641 1408 tota
659 1372 767 1408 ferme
785 1373 1015 1420 religionibus
1038 1374 1138 1408 novis
1157 1374 1312 1415 addicta,
1334 1375 1369 1409 in
1391 1387 1583 1421 congressu
1603 1375 1646 1411 de
1661 1376 1766 1410 rebus
1792 1375 1875 1410 fidei
1895 1376 2043 1411 sincerae

417 1449 438 1471 a
456 1437 625 1471 ministris
652 1436 880 1471 lutheranicis
906 1440 1070 1476 tentatus,
1092 1437 1141 1471 sic
1169 1449 1228 1472 eos
1248 1438 1477 1483 argumentis,
1495 1450 1573 1484 quae
1604 1438 1639 1472 in
1658 1437 1786 1472 scholis
1806 1442 1841 1472 et
1860 1449 1922 1484 per
1950 1442 2042 1474 cate-

417 1499 568 1534 chismos
600 1499 782 1540 didicerat,
818 1499 977 1545 agitavit,
999 1504 1051 1541 ut,
1087 1499 1323 1545 disputatione
1343 1500 1388 1534 ad
1420 1499 1593 1535 insaniam
1627 1512 1734 1546 prope
1754 1500 1881 1540 adacti,
1903 1501 2040 1546 publice

417 1566 508 1608 post,
531 1574 593 1608 pro
626 1561 805 1601 concione,
828 1561 938 1596 multa
968 1561 1005 1596 in
1026 1573 1173 1608 puerum
1206 1566 1239 1597 et
1271 1568 1432 1608 parentes
1452 1566 1485 1597 et
1512 1562 1725 1609 propinquos
1756 1574 1850 1602 suos,
1873 1563 1982 1597 multa
2001 1563 2043 1598 de

417 1624 691 1660 adolescentium
711 1625 746 1659 in
765 1624 893 1659 scholis
907 1625 927 1659 J
933 1625 1085 1660 esuiticis
1099 1625 1317 1660 institutione
1338 1625 1568 1660 declamarint
1586 1638 1592 1659 :
1609 1637 1669 1671 per
1689 1626 1805 1660 omnia
1825 1626 1971 1660 Lutheri
1985 1626 2040 1660 sui

418 1698 522 1721 sacra
544 1686 717 1732 fidemque
737 1686 902 1721 obtestati
921 1687 1027 1726 cives,
1049 1690 1087 1720 ut
1106 1698 1149 1721 ne
1176 1686 1267 1721 filios
1287 1698 1368 1721 suos
1387 1687 1534 1721 Jesuitis
1553 1687 1751 1722 educandos
1771 1687 2038 1722 committerent.

417 1749 658 1784 Prudentibus
678 1760 730 1783 eae
748 1749 1022 1789 cohortationes,
1045 1749 1259 1783 Lutheranis
1280 1748 1397 1790 etiam,
1416 1749 1572 1783 ridiculae
1587 1754 1687 1784 erant
1702 1763 1709 1790 ;
1726 1761 1795 1784 non
1811 1750 1942 1795 ignaris
1956 1749 2039 1791 illis,

417 1811 498 1857 quid
531 1811 728 1846 ministellis
761 1811 832 1846 suis
852 1823 895 1846 cx
922 1822 1056 1857 nupera
1085 1823 1162 1845 cum
1193 1811 1453 1846 adolescentulo
1481 1823 1600 1857 pugna
1632 1811 1814 1847 doluisset.
1838 1812 2041 1858 Complures

417 1873 491 1919 ejus
510 1873 640 1909 indolis
653 1874 802 1920 juvenes
833 1885 895 1920 per
914 1874 1021 1908 otium
1050 1873 1260 1908 litterarium
1292 1873 1562 1908 instituebantur
1584 1874 1629 1908 ad
1660 1875 1813 1909 studium
1832 1875 1985 1920 pietatis,
2006 1875 2040 1909 in

417 1936 589 1970 Masoviae
608 1936 748 1983 oppido,
778 1936 963 1971 Pultovize.
986 1937 1082 1971 Inter
1101 1948 1160 1971 eos
1179 1936 1345 1982 principis
1365 1935 1630 1982 Transylvaniz‘e
1649 1936 1753 1977 filius,
1775 1936 1869 1982 regis
1888 1936 2039 1971 Polono-

418 2010 494 2033 rum
525 1998 695 2044 Stephani
715 2010 758 2033 ex
776 1998 884 2033 fratre
904 2010 1028 2044 nepos,
1049 1998 1208 2033 Andreas
1229 1998 1429 2033 Bathorius.
1453 1998 1728 2036 Quadriennium
1747 1998 1896 2044 amplius
1914 1998 2040 2033 litteris

418 2060 513 2095 dedit
531 2071 695 2106 operam;
717 2060 784 2095 hoc
814 2061 951 2095 demum
980 2072 1071 2094 anno
1094 2064 1238 2095 vocatus
1265 2072 1283 2094 a
1314 2071 1411 2105 rege,
1434 2059 1595 2094 salutatis
1621 2060 1758 2106 publice
1786 2060 1942 2095 oratione
1970 2060 2039 2095 ele-

418 2123 515 2168 ganti
536 2123 710 2163 omnibus,
732 2123 857 2168 ingens
877 2123 931 2157 sui
951 2122 1195 2169 condiscipulis
1214 2126 1248 2156 et
1266 2122 1395 2156 civitati
1425 2121 1630 2157 adolescens
1657 2122 1870 2157 clarissimus
1901 2122 2039 2168 reliquit

419 2185 643 2220 desiderium.
665 2185 765 2220 Alius
793 2185 923 2220 ibidem
954 2186 1119 2231 egregius
1146 2185 1300 2231 juvenis,
1329 2188 1434 2229 gente
1467 2184 1659 2230 perillustri
1688 2184 1724 2218 in
1756 2184 1903 2219 Polonia
1921 2188 2034 2224 natus,

418 2246 758 2289 liiultislsollicitatus
782 2259 803 2281 a
830 2247 937 2282 sratre
959 2259 1034 2288 suo,
1057 2247 1197 2282 homine
1216 2246 1446 2285 lutheranico,
1469 2247 1513 2280 ad
1533 2246 1780 2281 remittendum
1795 2250 1827 2281 et
1846 2246 1976 2281 scholis
2003 2251 2037 2281 et

418 2309 647 2354 religionibus
662 2309 843 2344 catholicis
863 2310 1034 2350 nuntium,
1052 2310 1134 2344 forti
1153 2309 1268 2344 animo
1284 2309 1410 2343 restitit
1429 2321 1434 2342 :
1453 2309 1550 2355 quin,
1568 2309 1596 2344 si
1612 2320 1734 2344 suasor
1747 2309 1822 2355 ipse
1840 2309 1876 2343 in
1890 2308 2036 2355 perfidia

418 2371 632 2417 persisteret,
655 2384 733 2407 euni
765 2372 829 2406 sibi
855 2372 1018 2418 deinceps
1045 2372 1162 2407 fratris
1185 2383 1328 2406 numero
1358 2383 1426 2406 non
1440 2371 1607 2413 futurum,
1626 2372 1818 2418 respondit,
1845 2383 2036 2418 causasque

418 2444 538 2468 omnes
569 2434 802 2468 tentationum
833 2434 1005 2479 praecidit.

467 2496 649 2542 Templum
677 2508 697 2530 a
724 2496 902 2531 conditore
937 2496 1100 2531 domicilii
1129 2497 1327 2531 inchoatum
1348 2500 1629 2543 provectumque,
1653 2498 1745 2543 quod
1780 2501 1814 2533 et
1847 2496 2033 2542 angustius
