2184 2953
237 362 297 389 1578

287 671 327 698 33.

234 711 354 738 Sueciam

234 752 268 778 A.
287 751 380 776 Posse-

234 792 310 817 vinus
322 799 379 818 cum

235 830 317 857 Sociis
342 829 380 857 vi-

235 870 279 896 sit.

236 972 321 999 Vilnae
332 979 372 997 sa-

236 1012 305 1037 lutat
316 1011 372 1038 Ste-

236 1050 353 1084 phanum

237 1097 327 1123 regem
332 1109 338 1116 .

243 1721 306 1747 1579

244 1901 372 1929 Cracoviae

243 1940 370 1973 relinquit

245 1977 340 2004 Socios.

247 2354 391 2382 Brunsber-

246 2402 306 2427 gam
328 2393 392 2419 visit

245 2433 393 2461 etVilnam.

403 280 443 311 58
772 276 1046 308 LITUANICARUM
1071 277 1281 307 SOCIETATIS
1303 277 1388 306 JESU
1412 277 1663 307 HISTORIARUM

455 369 494 403 In
525 368 685 404 Sueciam
716 369 856 404 interim
885 368 1012 415 religio
1044 368 1217 404 catholica
1252 367 1437 403 videbatur
1467 368 1637 404 reditura.
1673 368 1752 403 Jam
1785 369 1876 404 hanc
1902 374 2024 416 aperte

404 431 426 466 J
429 443 559 466 oannes
575 431 627 466 III
643 431 835 466 Suecorum
850 431 928 466 Rex
947 442 1009 477 per
1029 431 1214 466 conciones
1235 442 1317 465 suas
1332 431 1374 465 de
1394 430 1561 465 ministris
1576 431 1765 471 haereticis,
1781 435 1819 466 ut
1834 431 1891 477 qui
1910 437 2028 466 essent

402 505 520 529 rerum
552 505 722 528 novarum
753 493 922 539 propolae,
945 504 1117 527 caecorum
1149 493 1254 527 duces
1286 493 1382 533 caeci,
1414 493 1542 538 saepius
1572 493 1723 535 habitas,
1746 495 2023 529 commendabat.

405 555 591 590 Inclinavit
606 556 640 589 in
656 555 690 589 id
706 555 843 589 consilii
863 555 1016 589 animum
1032 555 1127 600 regis
1142 554 1354 590 Laurentius
1370 554 1569 601 Norvegus,
1589 567 1607 590 e
1622 555 1797 590 Societate
1812 555 1833 590 J
1837 567 1897 590 esu
1913 567 2044 599 sacer-,

405 617 482 658 dos,
503 617 556 651 vir
582 617 718 657 doctus,
744 621 847 662 atque
875 617 910 650 in
938 616 1059 662 primis
1087 621 1262 652 strenuus.
1299 616 1552 651 Gratulabatur
1580 629 1619 651 eo
1650 620 1747 652 tanto
1775 617 1911 652 Sueciae
1937 618 2028 652 bono

405 679 530 725 regina
550 679 740 714 Catharina
758 678 973 724 Jagellonffl,
992 679 1013 712 J
1018 678 1142 712 oannis
1157 679 1212 724 pia
1227 679 1370 724 conjux;
1388 678 1538 724 indeque
1553 678 1717 713 fidentius
1732 679 1776 714 ab
1790 678 1895 713 Anna
1909 690 2030 714 sorore

406 753 482 782 sua,
513 741 674 776 Poloniae
701 740 839 786 regina,
867 740 1068 775 sacerdotes
1099 752 1117 775 e
1145 741 1321 775 Societate
1341 740 1427 775 Jesu
1445 740 1658 786 postulabat.
1689 741 1770 775 Jam
1798 744 1879 774 noto
1909 740 2029 775 Suecis

405 803 494 844 viro,
517 803 696 838 Stanislao
724 802 975 836 Varszevickio
995 802 1192 837 revisendae
1212 804 1287 849 ejus
1316 802 1483 848 principis
1512 802 1691 848 negotium
1719 801 1835 836 datur.
1853 802 2029 837 Maturius

407 876 448 900 eo
480 876 517 899 se
548 864 757 904 contulerat,
787 864 969 909 superiore
1003 868 1170 899 autumno
1202 863 1385 910 expeditus
1421 864 1549 904 Roma,
1582 863 1756 898 Antonius
1784 863 2027 905 Possevinus,

406 939 499 961 anno
523 927 617 962 1578
635 927 777 960 ineunte
793 925 1049 960 Stokholmiam
1064 926 1232 972 appulsus
1253 930 1316 961 est.
1332 926 1411 966 Hic,
1431 930 1594 960 revocato
1614 926 1658 961 ad
1678 925 1846 960 Ecclesiae
1861 926 2031 971 gremium

408 989 686 1034 confirmatoque
701 999 798 1033 rege,
821 988 856 1021 in
885 987 1023 1022 Italiam
1054 988 1121 1022 iter
1143 988 1320 1034 relegens,
1343 988 1459 1023 navim
1478 988 1571 1034 apud
1597 988 1779 1023 Gedanum
1811 988 2029 1025 Varsevicio.

407 1063 484 1086 cum
504 1051 629 1092 Sociis,
652 1051 792 1085 Simone
811 1050 1039 1097 XVyssockio,
1069 1050 1260 1085 Laurentio
1288 1050 1482 1097 Rydziskio
1510 1054 1543 1085 et
1564 1049 1751 1085 Valentino
1775 1050 1920 1090 Luskio,
1942 1051 2031 1085 revi-

407 1125 490 1148 suro
510 1113 684 1154 Sueciam,
701 1112 880 1158 relinquit.
903 1113 985 1147 Non
1005 1113 1064 1147 diu
1083 1112 1237 1147 Antonio
1260 1112 1358 1147 licuit
1381 1113 1506 1147 Romae
1533 1124 1575 1147 ex
1594 1113 1720 1147 itinere
1735 1112 1930 1158 quievisse;
1953 1124 2033 1147 mox

406 1176 466 1211 ille
484 1177 519 1210 in
548 1175 745 1216 Poloniam,
767 1179 871 1221 atque
898 1175 980 1210 hinc
999 1175 1033 1208 in
1055 1175 1217 1210 Sueciam
1237 1187 1313 1210 cum
1344 1174 1538 1209 Pontificiis
1561 1175 1689 1210 litteris
1710 1174 1754 1209 ad
1786 1186 1919 1221 regem,
1941 1175 2033 1221 regi-

409 1252 503 1282 nam,
538 1240 803 1286 Sigismundum
844 1240 982 1285 regium
1013 1239 1219 1285 principem,
1251 1242 1284 1273 et
1315 1238 1361 1273 ad
1398 1238 1593 1285 Collegium
1634 1250 1813 1273 sacrarum
1857 1239 2034 1284 virginum

409 1303 576 1338 Vastenis
608 1303 642 1336 in
666 1303 698 1336 V
701 1302 932 1348 estrogothia.
962 1301 1013 1336 Ac
1039 1313 1159 1347 regem
1192 1301 1331 1347 quidem
1358 1301 1535 1343 Pontifex,
1553 1302 1686 1336 addens
1714 1301 1863 1347 principi
1881 1301 2030 1343 animos,

408 1365 583 1404 hortatur,
608 1379 623 1392 α
646 1363 828 1410 religionis
848 1374 1003 1405 causam,
1025 1367 1147 1409 aperte
1169 1362 1399 1408 fidenterque,
1427 1362 1596 1397 adversus
1628 1362 1877 1397 malevolorum
1907 1363 2033 1397 civium

413 1441 427 1456 α
449 1427 713 1467 contumaciam,
734 1426 902 1472 suscipiat
932 1425 1099 1460 tuendam
1119 1436 1159 1459 ac
1183 1424 1469 1470 propagandam;
1496 1436 1597 1470 opem
1623 1424 1775 1459 divinam
1806 1424 1901 1459 haud
1929 1424 2033 1460 dubie

413 1505 429 1519 ει
451 1493 671 1535 experturus,
693 1499 952 1534 suspensosque
976 1487 1115 1521 virtutis
1135 1498 1209 1521 suae
1232 1486 1472 1532 expectatione
1490 1490 1541 1521 tot
1564 1487 1757 1533 principum
1781 1486 2031 1521 catholicorum

413 1566 428 1581 ει
451 1539 586 1586 animos
610 1551 747 1597 ingenti
771 1551 901 1597 gaudio
930 1549 1179 1595 completurus.
1209 1548 1362 1594 Reginae
1393 1548 1627 1583 constantiam
1659 1548 1801 1589 laudat3
1837 1549 2033 1583 obtestatur

415 1628 431 1643 c
452 1614 557 1654 hanc,
580 1617 617 1647 ut
639 1613 731 1647 filios
755 1624 858 1658 quam
882 1611 1150 1657 religiosissime
1177 1609 1378 1645 educandos
1410 1614 1519 1644 curet.
1550 1610 1706 1656 Principi
1733 1609 1959 1655 Sigismundo
1991 1610 2034 1645 de

415 1691 430 1705 α
454 1676 596 1722 optima,
619 1686 688 1721 qua
707 1674 875 1720 praeditus
903 1678 1009 1714 esset,
1036 1673 1153 1708 indole
1179 1672 1390 1718 gratulatus,
1413 1676 1579 1706 constans
1598 1672 1739 1718 pietatis
1759 1672 1911 1707 studium
1942 1684 2033 1707 com-

412 1738 566 1773 mendat.
589 1738 735 1772 Sacrum
760 1736 910 1781 denique
924 1735 1198 1770 Vastenensium
1224 1734 1399 1780 virginum
1415 1733 1622 1779 Collegium,
1646 1746 1723 1780 quae
1751 1734 1836 1769 solae
1862 1734 1897 1768 in
1921 1734 2034 1769 officio

412 1805 446 1836 et
464 1812 584 1835 amore
603 1799 723 1845 sponsi
750 1798 804 1832 sni
823 1798 1018 1832 Salvatoris
1032 1798 1053 1832 J
1059 1808 1133 1835 esu,
1151 1796 1393 1831 deficientibus
1417 1796 1546 1830 circum
1568 1807 1606 1830 se
1624 1795 1703 1830 aliis
1727 1795 1899 1837 omnibus,
1913 1795 2035 1830 fideles

412 1863 526 1897 adhuc
549 1861 798 1907 perstitissent,
820 1859 984 1894 laudibus
1012 1863 1045 1893 et
1064 1858 1189 1904 gratiis
1209 1857 1310 1892 Sedis
1330 1856 1543 1903 Apostolicae
1562 1857 1728 1903 impertit.
1752 1857 1836 1892 Cum
1863 1857 2035 1904 ejusmodi

413 1925 457 1959 ad
489 1924 664 1970 principes
695 1922 836 1957 tabellis
863 1921 1093 1962 Possevinus,
1117 1920 1309 1959 Cracoviae‚
1331 1919 1389 1953 ubi
1421 1922 1493 1954 tum
1516 1919 1648 1965 pariter
1680 1919 1872 1954 inclinabat
1894 1919 2033 1965 religio,

414 1986 549 2021 duobus
568 1985 614 2019 ad
637 1996 755 2019 curam
776 1984 928 2019 civitatis
956 1982 1087 2018 relictis
1116 1982 1229 2018 Sociis
1257 1980 1508 2021 sacerdotibus,
1533 1980 1680 2027 Aloysio
1707 1980 1900 2016 Odescalco
1920 1981 2037 2016 Novo-

414 2048 581 2086 comensi,
608 2047 734 2081 Romae
768 2058 878 2092 nuper
910 2056 1021 2080 annos
1053 2045 1171 2090 plures
1203 2043 1435 2089 philosophiae
1465 2042 1650 2087 magistro,
1677 2046 1710 2077 et
1733 2043 1867 2077 Basilio
1892 2043 2031 2085 Cerino,

414 2110 471 2156 qui
496 2109 674 2144 biennium
703 2108 850 2143 Levanii
881 2107 1098 2152 theologiam
1125 2105 1341 2145 tradiderat;
1369 2104 1504 2138 (luobus
1529 2104 1609 2139 aliis
1641 2105 1675 2138 in
1703 2105 1903 2139 comitatum
1923 2105 1990 2139 sibi
2014 2117 2033 2139 e

416 2172 573 2218 Collegio
606 2171 814 2206 Germanico
847 2169 1036 2216 adjunctis,
1057 2169 1197 2203 Joanne
1227 2167 1408 2212 Ardolpho
1442 2170 1475 2201 et
1507 2166 1656 2201 Nicolao
1693 2167 1854 2208 Milonio,
1888 2178 2033 2212 quorum

416 2246 523 2280 opera
546 2237 702 2268 uteretur
721 2234 755 2266 in
772 2232 919 2272 Suecia;
941 2242 1034 2265 anno
1060 2230 1152 2265 1579
1167 2229 1388 2268 Varsaviam,
1412 2228 1492 2262 inde
1512 2228 1676 2274 negotiis,
1694 2240 1772 2274 quae
1789 2228 1855 2262 sibi
1871 2227 2034 2263 Pontifex

417 2297 599 2331 Romanus
631 2294 788 2333 dederat,
831 2293 924 2339 apud
960 2292 1121 2338 reginam
1153 2295 1187 2326 ct
1219 2290 1377 2324 nuntium
1413 2290 1643 2335 apostolicum
1682 2289 1861 2336 expositis,
1895 2289 2036 2323 Vistula

418 2358 600 2393 Gedanum
620 2360 751 2398 vectus,
779 2356 875 2390 illinc
901 2354 1167 2399 Brnnsbergam
1187 2353 1293 2387 venit.
1316 2350 1490 2386 Confectis
1517 2351 1666 2398 denique
1689 2351 1723 2385 in
1751 2351 1895 2385 Varmia
1913 2350 2030 2392 rebus,

416 2420 569 2466 virisque
593 2418 750 2464 Collegio
769 2416 1054 2462 Brnnsbergensi
1069 2414 1203 2450 idoneis
1222 2414 1433 2460 praepositis,
1455 2413 1501 2447 ad
1528 2413 1743 2459 Stephanum
1770 2423 1902 2458 regem,
1919 2412 2035 2447 Vilnae

414 2486 487 2517 tum
512 2484 798 2520 commorantem,
820 2479 947 2526 pergit.
977 2477 1200 2513 Commodum
1222 2476 1276 2510 hic
1299 2475 1411 2510 adfuit
1429 2476 1656 2510 possevinus.
1679 2475 1852 2510 Emiserat
1869 2474 2032 2510 Andreas
