2184 2953
633 313 739 340 LIBER
763 312 916 340 TERTIUS
940 311 1147 349 (1580-1590).
1662 312 1719 342 135

108 403 229 443 lendis,
248 402 376 437 multus
394 402 458 437 suit
476 402 566 437 inter
590 403 755 437 convivas
774 402 956 437 haereticos
984 413 1110 436 sermo.
1134 401 1366 436 Inflammavit
1385 402 1551 436 invidiam
1570 403 1718 438 maxime

110 464 277 499 modestia
294 464 459 510 principis
474 463 563 509 regii
583 464 810 509 sigismundi,
834 464 925 510 quod
944 475 1013 498 non
1032 464 1106 509 ipse
1126 463 1160 497 in
1178 463 1285 508 orgiis
1300 463 1367 497 illis
1386 463 1547 498 Thalassi
1567 465 1714 510 paterni,

106 527 168 562 toti
185 527 395 561 laetabilibus
415 526 561 567 Sueciae,
583 527 773 567 exultaret3
795 537 864 560 non
883 530 1118 572 compotamt,
1145 537 1215 560 non
1234 526 1379 560 choreas
1407 526 1548 560 duceret
1574 528 1714 573 pariter.

106 589 295 633 Propterea
333 588 577 633 Sigismundus
609 587 678 621 illis
723 588 890 633 degener,
929 587 1154 625 inofficiosus,
1191 595 1411 634 nmmsspzomg.
1443 587 1531 621 Tum
1558 589 1716 628 Jesuitis,

108 650 251 696 papistis
283 649 364 689 illis,
401 649 564 695 principis
601 649 874 695 corruptoribus,
907 654 1003 684 certa
1035 650 1111 695 jam
1148 649 1356 694 decretaque
1388 649 1575 694 pernicies;
1616 650 1719 697 idque

108 711 239 757 reginae
258 711 402 745 nubenti
418 711 588 745 invidiose
603 710 835 745 insusurrant.

157 772 222 806 Illa
254 772 426 806 foemineis
462 772 615 806 delibuta
648 772 848 817 pigmentis,
875 776 908 806 et
940 772 981 806 ad
1016 771 1283 806 eblandiendum
1311 778 1460 820 compta,
1481 776 1556 820 regi
1583 786 1619 809 se
1642 787 1719 820 pro-

109 834 242 880 pinare,
275 834 317 868 de
351 833 496 868 Jesuitis
524 833 703 879 singultim
735 834 845 879 queri,
869 834 962 880 ipsos
993 833 1186 873 fastidiose,
1215 838 1379 879 tanquam
1411 836 1580 882 papistas‚
1610 848 1719 882 vagos

106 895 263 930 homines
297 906 337 929 ac
366 895 596 935 turbulentos,
620 895 808 941 magistros
837 895 1061 941 Sigismundo
1092 900 1130 930 ut
1165 896 1373 941 religionum
1405 898 1454 932 sic
1482 910 1615 933 morum
1646 910 1717 933 non

107 957 266 1002 optimos,
290 956 472 1002 culpitare.
496 957 563 990 Per
581 956 801 1003 hymenaeum
826 957 974 1003 denique
1002 969 1189 1003 omnesque
1218 958 1300 992 deos
1327 959 1525 1004 nuptiarum
1549 961 1718 1005 praesides

107 1030 246 1053 suarum
265 1019 461 1058 obsecrare,
484 1023 520 1052 ut
550 1030 593 1053 ne
626 1019 690 1053 hoc
719 1030 830 1064 genus
863 1019 1040 1053 hominum
1071 1019 1106 1053 in
1125 1031 1235 1065 regno
1254 1032 1316 1054 suo
1344 1022 1531 1063 sustineat3
1557 1022 1585 1056 si
1606 1027 1640 1057 et
1655 1034 1718 1057 sua

106 1080 263 1126 conjugis
290 1080 442 1115 amicitia
469 1084 502 1114 et
530 1081 599 1114 otio
627 1092 688 1114 suo
715 1081 908 1126 civiumque
939 1081 1004 1115 frui
1036 1081 1157 1115 beatus
1184 1082 1276 1116 velit.
1302 1082 1473 1129 Crispavit
1497 1071 1571 1129 regi
1600 1096 1718 1119 nasum

106 1141 195 1176 risus
213 1142 258 1176 ad
276 1142 467 1176 orationem
496 1146 530 1175 et
548 1141 626 1176 illas
645 1142 845 1187 quiritantis
863 1142 1011 1177 delicate
1038 1143 1155 1177 vacias
1182 1144 1345 1185 foeminae,
1369 1156 1550 1180 suasorum
1571 1145 1718 1181 artificio

106 1204 376 1251 gypsatissimae.
408 1203 567 1241 Querelis
592 1204 821 1238 interveniunt
852 1204 917 1250 ipsi
942 1205 1176 1245 mandatores,
1205 1206 1249 1240 ad
1277 1206 1550 1242 confirmandam
1579 1220 1717 1243 recusa—

106 1265 201 1300 tricis
221 1276 362 1300 causam
377 1265 567 1310 comparati
583 1278 589 1305 3
613 1265 675 1299 hos
694 1265 755 1299 alii
776 1270 1046 1311 cmisequuntur.
1065 1267 1143 1301 Rex
1161 1269 1308 1313 conjuge
1328 1269 1372 1302 ad
1388 1269 1538 1314 quietem
1557 1271 1715 1310 remissa,

106 1327 150 1361 ad
177 1327 398 1362 instinctores
420 1338 609 1361 conversus
628 1327 804 1362 severiore
830 1327 939 1369 vultu,
965 1344 979 1357 a<
1002 1329 1092 1374 quod
1112 1329 1252 1369 bonum,
1274 1330 1398 1376 inquit,
1417 1331 1637 1378 faustumque
1658 1333 1714 1373 sit,

109 1404 124 1418 α
149 1389 177 1424 si
205 1388 343 1434 quidem
374 1388 436 1429 rei,
460 1400 561 1434 quam
592 1389 656 1423 hoc
682 1393 838 1435 ternpore
867 1390 954 1425 scire
973 1391 1112 1424 omnino
1133 1395 1305 1437 oporteat,
1329 1404 1433 1427 causa
1458 1405 1525 1427 non
1551 1394 1717 1440 appellati

113 1466 128 1480 u
151 1451 374 1486 convenistis.
399 1451 464 1493 Illi,
486 1463 507 1485 a
529 1453 686 1486 convivio
704 1464 771 1487 non
790 1453 883 1493 sicci,
907 1464 1074 1488 accusare
1093 1455 1210 1488 statim
1229 1455 1396 1497 Jesuitas,
1420 1458 1661 1503 praejudicare,
1684 1464 1717 1493 et

108 1529 123 1543 κ
144 1518 222 1548 ante
241 1514 334 1559 regis
354 1514 530 1549 decretum
550 1514 678 1559 pellere
698 1515 732 1549 in
761 1515 902 1549 exilium
921 1527 998 1550 cum
1023 1516 1298 1551 Stokholmiensi
1317 1519 1448 1563 pariter
1466 1520 1718 1555 catholicorum

105 1575 267 1615 curi0ne;
293 1593 308 1606 „
330 1575 432 1621 idque
451 1579 521 1609 tam
542 1576 765 1621 pertinaciter
784 1577 974 1622 postulant,
995 1583 1032 1611 ut
1054 1579 1228 1624 princeps,
1247 1580 1515 1624 permittendum
1545 1593 1613 1615 non
1631 1583 1718 1617 nihil

104 1641 198 1672 ratus
231 1637 409 1671 hominum
446 1637 649 1678 iracundia),
684 1627 1033 1684 decrelumquidem
1071 1640 1112 1674 de
1146 1640 1257 1674 Sociis
1294 1642 1526 1687 suspenderit,
1566 1644 1717 1679 curionis

104 1702 218 1734 autem
245 1698 481 1733 defensionem
508 1700 682 1744 putaverit
712 1700 972 1745 negligendam.
1012 1703 1049 1735 In
1077 1702 1269 1747 periculum
1297 1703 1420 1749 capitis
1448 1704 1576 1738 bonum
1605 1705 1716 1740 virum

104 1761 249 1807 conjecit
264 1772 318 1801 ea,
332 1772 401 1795 non
419 1765 490 1795 tam
509 1762 599 1806 regis
614 1761 775 1801 facilitas,
794 1774 897 1808 quam
913 1762 1156 1809 insuperabilis
1173 1766 1469 1810 expostulantium
1484 1767 1714 1802 contumacia.

106 1822 244 1868 Injuriis
263 1822 459 1868 expositum
479 1822 528 1857 ita
548 1823 723 1858 hominem
746 1835 812 1858 sua
830 1825 971 1869 ejiciunt
991 1826 1093 1859 domo
1110 1839 1116 1866 ;
1133 1827 1305 1871 jactatum
1332 1840 1394 1873 per
1423 1829 1544 1863 urbem
1564 1829 1598 1863 in
1618 1841 1717 1864 suum

105 1889 242 1931 raptant
268 1885 383 1919 fanum
406 1897 412 1919 :
445 1885 547 1919 minis
574 1886 770 1931 pugnisque
807 1887 997 1921 extundere
1025 1893 1215 1929 conantur,
1251 1894 1287 1923 ut
1316 1890 1445 1936 Papam
1472 1902 1653 1926 romanum
1685 1896 1719 1927 et

104 1947 290 1993 religiones
327 1947 517 1981 catholicas
566 1948 745 1993 conceptis
784 1949 898 1983 verbis
938 1954 1149 1984 exsecretur.
1196 1951 1349 1985 Tentata
1388 1952 1616 1998 nequicquam
1652 1954 1718 1989 viri

105 2009 310 2049 constantia,
332 2009 508 2055 pulsatum
540 2009 814 2055 distractumque
838 2011 1069 2051 vestimentis,
1103 2012 1263 2056 qualibus
1295 2013 1328 2046 in
1362 2014 1539 2048 sacrificiis
1575 2016 1715 2058 utimur,

105 2083 194 2105 nunc
213 2071 360 2105 induunt
379 2071 588 2116 petulantes,
611 2083 702 2106 nunc
718 2072 934 2117 despoliant;
953 2084 1031 2106 eum
1046 2073 1268 2108 ludificantes
1284 2074 1402 2116 ritum,
1422 2087 1488 2121 quo
1507 2077 1577 2110 rasi
1593 2078 1717 2123 capitis

107 2144 186 2167 reus
205 2133 285 2179 jure
303 2145 364 2179 per
389 2133 588 2179 pontificem
607 2133 642 2167 in
661 2138 848 2179 conspectu
879 2134 1048 2168 Ecclesia*
1074 2135 1251 2169 minuitur.
1275 2136 1542 2182 Exauguratum
1560 2140 1609 2174 ita
1627 2152 1717 2175 com-

109 2195 254 2241 pingunt
276 2195 312 2229 in
334 2196 564 2241 ergastulum.
592 2196 695 2230 Haud
715 2196 801 2230 satis
828 2196 988 2230 ludorum
1011 2197 1219 2242 nuptialium
1240 2198 1272 2231 in
1298 2210 1337 2232 eo
1357 2199 1420 2233 fuit
1438 2199 1687 2237 bacchantibus
1710 2219 1714 2237 ;

109 2256 255 2291 crudelis
282 2257 413 2303 passim
440 2257 625 2292 dementiae
654 2258 880 2303 relinquenda
902 2262 996 2292 erant
1032 2259 1075 2292 de
1105 2260 1225 2304 spoliis
1253 2261 1499 2296 catholicorum
1527 2263 1573 2297 ibi
1592 2264 1717 2299 civium

109 2319 277 2365 trophaea.
297 2320 497 2365 Torquebat
525 2320 651 2354 misere
680 2320 870 2354 Nikoviuin
892 2332 1032 2353 suorum
1065 2321 1224 2362 vexatio;
1248 2333 1359 2368 neque
1378 2322 1514 2358 interim
1543 2326 1616 2371 opis
1635 2326 1718 2361 affc-

110 2381 226 2415 rendae
241 2381 422 2416 consilium
441 2382 648 2427 suppetebat
667 2394 672 2415 :
688 2382 826 2427 ‚justitio
842 2394 903 2427 per
922 2382 1150 2416 bacchanalia
1170 2383 1296 2424 edicto,
1315 2396 1400 2430 rege
1419 2398 1480 2432 per
1495 2387 1631 2433 nuptias
1651 2400 1719 2422 non

110 2454 227 2477 vacuo.
246 2444 396 2478 Videbat
417 2455 550 2489 quoque
574 2444 759 2483 Ubertum,
778 2455 815 2477 ac
834 2455 895 2489 per
918 2444 1020 2489 hujus
1039 2443 1131 2478 latus
1147 2456 1183 2479 se
1199 2457 1220 2479 a
1242 2446 1376 2480 sicariis
1396 2448 1478 2492 poti,
1501 2448 1720 2495 futurumque

110 2503 225 2546 fuisse,
246 2509 282 2539 ut
305 2517 420 2540 secum
451 2509 617 2551 ageretur
647 2505 844 2545 immanius,
862 2505 927 2539 nisi
956 2505 1176 2551 Sigismundi
1205 2507 1258 2541 sui
1288 2511 1399 2542 tectus
1419 2513 1513 2543 esset
1538 2510 1714 2555 praesidio.

1750 414 1812 441 1585

1747 907 1891 940 Sigismun-

1745 947 1772 973 di
1789 948 1875 973 mode-

1747 985 1799 1011 stia
1812 995 1878 1013 com-

1746 1026 1831 1051 movet

1747 1065 1888 1092 haereticos.

1742 1692 1861 1718 Curionis

1744 1731 1863 1757 Stoi-hor

1744 1770 1850 1795 ruiensis

1744 1811 1861 1836 constan-

1744 1850 1789 1876 tia.
