2184 2953
241 383 302 408 1583

238 419 382 454 Religionis

238 461 264 486 in
281 459 365 486 Succi-

206 500 210 504 ’
238 509 279 526 am
292 506 364 525 revo-

238 538 325 566 candae

239 587 298 612 spes
310 576 380 602 abla-

239 622 266 645 ta
278 620 360 644 morte

241 658 346 691 Reginte

239 697 361 723 Cathari·

238 745 285 763 nae.

292 826 330 851 11.

239 864 359 892 Cathari-

239 913 278 930 nae
293 904 371 937 Regi-

239 953 278 970 nae
297 944 382 978 piet-as

409 280 465 311 108
795 276 1066 306 ΙᾸΤῦᾹΝΙΟᾹΒΠΜ
1092 275 1304 304 5001ΕΤᾹΤΙΞ
1328 275 1413 303 JESU
1437 273 1690 302 HISTORIARUM

410 386 512 420 quam
527 372 708 412 reciderat,
726 370 854 405 haeresi
872 370 892 404 J
898 380 1011 404 oanne
1030 380 1128 415 rege,
1163 369 1349 414 omniaque
1367 367 1490 402 salutis
1510 366 1659 402 consilia
1678 369 1866 412 respuente
1884 379 1890 400 :
1924 365 2028 400 turba

408 447 529 483 regem
555 438 682 469 eaetera
716 435 971 478 consequente:
1006 431 1223 476 advigilante
1251 430 1410 465 omnibus
1437 430 1586 464 maxime
1618 428 1744 463 Carolo
1775 427 1882 463 fratre
1914 427 2026 472 regio,

406 499 546 533 homine
564 496 794 542 religionibus
814 494 951 529 addicto
971 493 1191 539 peregrinis;
1214 504 1234 526 a
1257 504 1323 537 quo
1346 491 1424 537 plus
1445 492 1511 526 sibi
1534 491 1678 537 periculi
1706 501 1837 535 suoque
1865 489 1901 536 (1)
1934 489 2026 535 prin-

408 561 475 607 cipi
491 558 715 605 Sigismundo
735 557 940 592 educatores
959 554 1135 591 catholici,
1157 558 1259 599 atque
1278 565 1341 588 rex
1360 554 1476 594 etiam,
1499 553 1711 588 metuebant.
1730 552 1904 598 Majorem
1923 552 2030 586 multo

410 623 452 657 de
467 620 683 667 Sigismundi
703 618 901 653 constantia
919 616 1090 661 rebusque
1110 617 1146 650 in
1161 617 1286 651 Suecia
1305 616 1449 662 reliquis
1465 620 1593 651 metum
1614 616 1726 651 Sociis
1754 615 1874 661 injecit
1900 615 2034 660 reginae

410 685 550 731 optimae
582 694 673 717 mors
694 682 891 715 immatura.
911 678 1161 713 Stockholmiz‘e
1180 678 1265 712 XVI
1291 678 1462 713 kalendas
1483 679 1642 713 octobres
1670 679 1760 712 diem
1788 677 1875 712 obiit
1913 688 2032 723 supre-

409 759 515 787 mum,
533 746 583 780 uti
596 745 744 783 vixerat,
763 742 932 788 piissime,
951 741 1070 775 morbo
1087 740 1251 774 diuturno
1267 744 1473 786 consumpta
1491 753 1497 774 ;
1517 740 1735 785 Sigismundi
1764 740 1778 773 1
1807 740 1902 784 regis
1930 739 2032 774 Polo-

409 820 534 844 norum
552 807 638 847 filia,
657 804 875 851 sigismundi
894 802 1046 848 Augusti
1061 813 1161 836 soror
1180 815 1186 836 :
1208 802 1351 836 scamina
1366 803 1622 849 amplificandae
1649 802 1832 849 religionis
1853 802 2035 837 catholicae

410 870 598 904 admodum
613 867 783 902 studiosa.
802 865 878 899 Nec
897 864 1080 909 quisquam
1095 864 1243 905 dubitat,
1266 865 1362 909 quin,
1380 865 1407 899 si
1428 865 1558 900 diutius
1579 866 1818 912 superfuisset,
1849 865 1975 911 religio
2000 866 2036 900 in

412 933 537 969 Suecia
555 933 770 967 incrementa
784 928 934 975 cepisset
948 926 1115 972 insignia.
1135 926 1175 960 In
1190 925 1293 960 rebus
1307 926 1469 960 humanis
1484 927 1675 962 tolerandis
1691 939 1793 973 quam
1808 927 1907 962 fortis
1927 932 2031 969 esset,

411 995 589 1042 complura
608 1004 718 1038 eaque
737 991 910 1037 praeclara
929 990 1023 1024 dedit
1042 988 1262 1022 documenta.
1286 988 1425 1022 Laudes
1446 1001 1514 1023 non
1541 989 1651 1024 levius
1678 990 1824 1029 ferebat,
1851 1000 1954 1035 quam
1973 989 2035 1024 alii

410 1058 547 1093 soleant
561 1053 799 1091 contumelias.
824 1052 891 1090 Qui
919 1062 956 1085 se
984 1049 1258 1090 collaudassent,
1284 1050 1447 1084 monebat
1467 1063 1539 1092 eos,
1570 1056 1688 1097 partes
1720 1053 1805 1086 istas
1828 1051 1901 1086 Deo
1923 1051 2034 1098 judici

412 1117 655 1157 reservandas,
673 1115 783 1160 utqui
803 1113 899 1148 solus
918 1112 1115 1147 animorum
1131 1111 1285 1146 latebras
1306 1114 1530 1160 perspiceret.
1566 1116 1651 1150 Cum
1679 1127 1877 1162 supremum
1899 1120 2035 1162 tempus

410 1182 493 1216 vitae
511 1182 705 1226 appeteret,
728 1175 957 1212 sacramentis
973 1175 1039 1209 rite
1053 1174 1099 1208 ad
1114 1173 1246 1208 luctam
1261 1175 1409 1217 munita,
1427 1177 1545 1213 multis
1561 1190 1638 1213 cum
1653 1178 1818 1225 lacrymis
1833 1182 1956 1223 questa
1970 1182 2036 1219 est,

411 1255 448 1278 se
462 1251 681 1287 nequaquam
701 1239 830 1273 divinae
845 1237 1047 1272 muneribus
1077 1236 1322 1271 beneficentiae
1349 1238 1384 1271 in
1413 1239 1484 1273 vita
1509 1240 1744 1286 respondisse.
1777 1239 2001 1274 Sacerdotem
2020 1251 2039 1275 e

412 1304 585 1339 Societate
604 1306 676 1336 toto
694 1313 733 1336 eo
750 1305 907 1346 tempore
922 1298 1016 1345 apud
1032 1310 1069 1333 se
1084 1298 1195 1333 voluit
1210 1310 1288 1333 esse
1315 1300 1493 1335 assiduum
1509 1314 1516 1342 ;
1534 1313 1612 1336 eum
1640 1301 1682 1337 de
1705 1302 1809 1336 rebus
1835 1305 2040 1337 narrantem

412 1364 540 1399 divinis
554 1363 643 1398 mira
662 1374 741 1397 cum
760 1360 869 1396 animi
884 1359 1068 1395 voluntate
1089 1359 1325 1395 auscultabat.

459 1428 574 1474 Atque
604 1426 661 1461 hic
691 1424 757 1460 fuit
775 1424 889 1460 exitus
926 1421 1169 1468 maximusque
1204 1422 1336 1456 fructus
1363 1424 1590 1468 profectionis
1616 1429 1747 1460 nostrae
1776 1424 1952 1460 Suedicae.
1975 1425 2039 1460 Su-

413 1492 510 1526 blata
529 1502 572 1526 ex
590 1489 701 1524 oculis
720 1488 858 1534 regina,
877 1497 957 1532 spes
972 1486 1104 1532 pariter
1123 1486 1236 1520 omnis
1255 1485 1439 1531 religionis
1458 1487 1492 1520 in
1511 1487 1670 1522 Sueciam
1691 1486 1899 1521 revocandae
1920 1487 2041 1522 Socios

412 1557 581 1593 destituit.
603 1556 693 1590 Tum
711 1554 849 1589 demum
881 1542 945 1586 sua
964 1551 1069 1586 etiam
1100 1549 1184 1590 filia,
1215 1550 1323 1595 probe
1351 1549 1466 1584 adhuc
1501 1549 1535 1583 in
1568 1549 1729 1583 manibus
1760 1549 1863 1583 bonae
1886 1549 2042 1595 parentis

413 1621 571 1660 educata,
593 1617 823 1652 mobilitatem
856 1615 990 1661 ingenii
1009 1615 1099 1660 (quae
1135 1625 1172 1647 se
1194 1613 1378 1659 prodebat,
1401 1612 1538 1646 vivente
1565 1610 1669 1645 etiam
1696 1614 1818 1657 matre)
1844 1614 1976 1651 secuta,
1998 1611 2042 1645 ab

412 1682 630 1718 institutione
662 1691 796 1714 morum
828 1678 962 1724 pariter
998 1688 1039 1711 ac
1070 1675 1243 1721 religione
1275 1676 1435 1711 descivit.
1465 1674 1554 1709 Aliis
1584 1674 1733 1719 denique
1762 1678 1840 1719 post
1875 1673 1964 1708 alios
1999 1674 2042 1708 ab

416 1744 575 1780 Ecclesia
610 1743 773 1777 Romana
809 1740 1055 1779 defluentibus,
1088 1738 1333 1784 sigismundus
1364 1738 1438 1783 ipse
1469 1736 1632 1782 princeps
1663 1736 1793 1770 restitit
1819 1736 1935 1770 animo
1961 1747 2042 1770 con-

417 1807 545 1847 stanti;
584 1805 666 1840 hinc
702 1804 811 1849 patris
831 1802 904 1842 1116,
938 1802 1034 1836 illinc
1069 1801 1185 1847 patrui
1216 1800 1413 1835 hortatibus
1443 1798 1664 1843 importunis,
1686 1798 1827 1832 aliunde
1858 1809 2041 1844 procerum

416 1868 663 1904 haereticorum
694 1864 977 1900 cavillationibus
1005 1866 1039 1898 et
1065 1862 1247 1897 fraudibus
1279 1864 1501 1907 oppugnatus
1530 1859 1785 1905 indignissime.
1809 1860 1908 1894 Nihil
1926 1871 2040 1894 mora-

418 1932 520 1966 batur
538 1929 742 1964 adolescens
774 1937 969 1973 generosus
1002 1928 1242 1959 assentatores
1280 1922 1409 1958 sororis
1445 1934 1518 1956 sune
1544 1922 1689 1968 perfidae
1709 1922 1973 1968 parasitosque;
1995 1922 2041 1957 ad

419 2005 522 2041 quam
541 1992 657 2027 studia
676 2002 739 2025 sua
763 1989 922 2025 consulto
950 1992 984 2023 et
1003 1987 1283 2022 benevolentiam
1303 1985 1525 2025 deferebant3
1547 1985 1667 2030 paucis
1689 1996 1726 2019 se
1758 1985 2036 2020 assectantibus:

420 2055 538 2090 multis
570 2053 834 2100 Sigismundum
866 2063 888 2086 a
918 2051 1046 2085 virtute
1071 2050 1281 2095 degenerem
1300 2052 1459 2094 paterna,
1489 2058 1530 2080 ac
1556 2050 1742 2092 propterca
1771 2047 1815 2080 ad
1834 2047 2041 2081 tractandas

420 2117 557 2163 imperii
575 2116 732 2151 habenas
750 2114 850 2160 quasi
868 2111 1071 2151 inhabilem,
1093 2110 1360 2146 mussitantibus
1378 2109 1447 2149 his,
1469 2109 1537 2142 illis
1557 2108 1672 2154 palam
1691 2108 1794 2142 etiam
1823 2107 2040 2154 obloquenti-

422 2182 499 2216 bus.
520 2181 610 2215 Tum
629 2184 699 2214 tres
731 2178 782 2212 illi
801 2190 819 2213 e
839 2177 1012 2212 Societate
1044 2176 1175 2211 residui
1202 2186 1301 2221 quam
1320 2173 1480 2218 indigna,
1498 2182 1601 2216 quam
1632 2170 1738 2204 inulta
1757 2169 1974 2215 pertulerint,
1998 2182 2040 2205 ex

420 2242 639 2278 contumeliis
672 2241 776 2275 etiam
796 2239 851 2273 sui
881 2237 1059 2284 principiS,
1089 2238 1182 2277 licet,
1203 2237 1362 2282 colligas.
1386 2234 1606 2268 Convenerat
1632 2232 1754 2277 cuique
1773 2232 1863 2265 inter
1893 2243 1966 2272 eos,
2002 2237 2039 2267 ut

419 2304 613 2338 abstractos
633 2314 654 2336 a
674 2299 912 2347 sigismundo,
942 2300 1046 2345 inque
1077 2299 1193 2333 navim
1212 2298 1398 2344 conjectos,
1431 2297 1474 2330 ab
1506 2296 1600 2331 omni
1627 2307 1691 2330 sua
1720 2295 1864 2341 regione
1886 2295 1919 2328 in
1940 2306 2035 2334 oras,

419 2365 510 2400 unde
529 2377 566 2400 se
586 2365 732 2399 advenae
751 2363 981 2409 appulissent,
1002 2362 1036 2395 in
1064 2362 1224 2408 gurgites
1252 2360 1348 2394 sinus
1376 2359 1513 2393 Finnici
1533 2359 1730 2404 rejicerent.
1765 2357 1833 2392 Sed
1853 2357 2037 2391 consilium

416 2430 648 2465 violentorum
668 2427 857 2474 prudentia
876 2425 1088 2460 moderatius
1109 2423 1288 2470 agentium
1306 2421 1523 2466 impeditum.

457 2504 501 2544 (1)
520 2505 714 2539 Sigismundus
731 2503 861 2539 princeps
883 2503 916 2529 al)
931 2499 1068 2530 haereticis
1084 2500 1220 2534 carpitur.
