2184 2953
255 401 317 427 1580

253 442 379 476 Magistri

252 485 331 519 primi
345 483 399 509 obi-

253 529 306 552 tus.

309 566 348 591 44.

253 605 365 638 Stepha-

252 655 300 673 nus
344 656 388 674 rex

252 689 376 715 1110300νί-

251 729 292 754 tas
310 737 397 762 perse-

251 768 350 801 quitur.

250 808 397 834 Rhaterna

249 849 276 874 111
303 847 397 874 castris

250 888 395 921 11311310ρο-

250 935 304 952 ram
325 927 394 952 salu—

205 962 210 969 ‘
249 968 341 993 tarem.

306 1006 346 1032 45.

250 1045 280 1071 P.
297 1045 396 1072 Mercu-

249 1084 317 1111 riani
329 1086 357 1110 et

250 1186 280 1212 Ρ.
296 1187 396 1213 8311110-

250 1226 283 1251 rii
298 1226 395 1253 obitus.

247 2006 360 2040 Congre-

247 2046 365 2077 cationes

247 2092 335 2116 prllnoe

245 2127 353 2152 Provin-

248 2169 338 2195 ciales.

426 302 465 334 88
797 299 1075 329 LITUANICARUM
1100 297 1312 326 SOCIETATIS
1334 296 1420 325 JESU
1444 296 1698 325 HISTORIARUM

431 392 519 428 1581
542 392 584 427 P.
610 390 808 426 Stanislaus
836 389 1088 430 Lanciciensis‚
1109 389 1163 423 vir
1181 387 1477 423 commemorabili
1492 387 1634 434 pietate,
1656 387 1690 421 in
1708 386 1829 432 primis
1847 386 2055 422 obedientiae

426 455 530 489 laude
549 454 711 500 insignis,
733 454 991 488 mathematicae
1009 453 1117 499 probe
1136 452 1261 493 sciens,
1284 451 1435 486 initiavit
1454 451 1503 485 IV
1520 463 1631 486 nonas
1645 451 1841 497 Janilarias.

476 515 685 562 Compositis
704 520 738 550 et
757 515 883 549 civium
905 520 938 549 ct
958 515 1107 561 Collegii
1124 514 1233 550 nostri
1250 513 1355 549 rebus
1372 513 1539 553 Polociee‚
1561 524 1623 558 per
1642 516 1778 558 tempus
1796 512 1991 558 hybernum
2009 511 2055 546 ad

426 578 689 626 persequendos
717 589 822 624 porro
851 578 956 612 armis
987 577 1108 612 hostes
1128 589 1165 612 se
1184 576 1411 623 comparabat
1439 587 1522 617 rex;
1544 578 1774 621 provecturus
1808 586 1885 609 eum
1916 574 2056 619 longius

425 641 595 687 gladium,
618 652 718 686 quem
736 639 801 674 sibi
820 650 985 674 romanus
1004 640 1161 686 pontifex
1181 639 1374 685 Gregorius
1395 638 1499 678 XIII,
1522 637 1587 672 rite
1606 640 1857 678 consecratum,
1880 635 2052 671 bellaturo

424 703 596 738 adversus
614 703 733 738 hostes
752 702 935 742 Ecclesiae,
954 714 1016 749 per
1034 701 1240 737 Belsensem
1255 701 1446 747 palatinum
1462 699 1611 734 Paulum
1627 698 1879 740 Uchanskium‚
1902 698 2052 733 Romam

425 778 446 801 a
461 766 607 801 Polonis
630 765 786 811 legatum
808 766 912 811 (anno
936 765 1052 812 1580),
1070 764 1256 799 obtulerat.
1283 765 1480 811 Appetente
1497 764 1579 799 belli
1599 764 1778 798 constituti
1800 768 1969 809 tempore,
1994 773 2052 797 30-

423 832 522 863 cutus
551 831 603 862 est
636 839 754 874 regem
784 828 826 862 P.
848 828 1022 862 Martinus
1043 827 1210 861 Laterna.
1234 827 1387 873 Impigre
1402 826 1544 860 navavit
1563 825 1621 860 ille
1640 836 1781 871 operam
1800 824 2051 864 castrensibus,

426 889 623 935 multosque
643 890 717 924 Deo
737 889 938 923 conciliavit
957 893 991 923 et
1010 888 1189 923 Ecclesiae.

474 950 644 985 Polonam
660 951 796 985 interea
817 951 1073 996 Lituanamque
1097 950 1312 996 provinciam
1334 949 1506 984 lustrante
1522 949 1713 984 Laurentio
1732 949 1868 995 Magio,
1887 948 2050 995 delegato

423 1025 464 1049 ex
483 1014 639 1055 Α331Γ13,
657 1014 782 1048 Romae
802 1014 989 1048 Eduardus
1004 1014 1251 1048 Mei-curialius
1266 1013 1451 1048 Societatis
1466 1014 1605 1048 Preeses
1624 1013 1813 1060 generalis,
1835 1013 1871 1048 in
1903 1012 2052 1047 Polonia

423 1075 649 1121 provincialis
668 1076 879 1111 Franciscus
900 1076 1106 1117 Sunnerius,
1125 1087 1254 1121 magno
1270 1075 1456 1110 Societatis
1470 1075 1578 1116 luctu,
1596 1087 1638 1110 ex
1657 1076 1834 1111 hominum
1853 1076 1925 1110 vita
1945 1075 2051 1110 demi-

424 1143 541 1184 grant.
576 1139 652 1173 Hoc
682 1140 818 1179 nuntio,
849 1152 916 1186 quo
950 1139 1241 1175 extraordinaria]
1270 1143 1462 1184 potestates
1482 1139 1517 1173 in
1537 1139 1712 1174 Societate
1739 1143 1891 1179 cessant,
1915 1139 2051 1184 incepta

423 1211 558 1246 quoque
578 1200 760 1236 Laurentii
787 1206 868 1236 sunt
888 1203 1094 1248 interrupta.
1119 1201 1250 1247 Ingens
1270 1201 1414 1236 Polonis
1443 1201 1638 1236 Sunnerius
1665 1201 1806 1247 reliquit
1832 1201 1885 1235 sui
1913 1200 2048 1236 deside-

422 1263 524 1298 rium.
548 1263 664 1297 Natus
683 1264 906 1306 Barcinonae,
929 1266 1088 1299 Perusiae
1107 1263 1200 1298 civili
1219 1264 1465 1309 pontificioque
1486 1264 1560 1309 juri
1579 1264 1674 1299 dedit
1706 1276 1848 1310 operam
1864 1277 1870 1305 ;
1892 1263 1974 1297 inde
1993 1274 2048 1297 30-

422 1328 542 1371 ceptus
573 1325 608 1359 in
634 1326 855 1368 Societatem,
889 1328 1015 1362 Romae
1043 1328 1160 1364 multis
1191 1327 1356 1372 pietatem
1389 1339 1487 1362 suam
1519 1327 1640 1362 officiis
1672 1332 1744 1362 tum
1778 1339 1838 1373 per
1872 1327 2050 1361 institutus

423 1387 627 1423 catechismi
647 1388 798 1429 scholas,
821 1393 893 1423 tum
913 1401 975 1435 per
989 1390 1174 1425 conciones
1190 1391 1234 1425 ad
1249 1391 1386 1424 vinctos
1401 1390 1436 1424 in
1451 1391 1629 1431 custodiis,
1647 1394 1719 1425 tum
1735 1390 1819 1425 alibi
1835 1390 1879 1425 ad
1894 1402 2052 1436 paganos

420 1460 481 1495 per
501 1449 637 1484 Italiam
657 1451 877 1496 approbavit.
901 1452 1166 1499 Philosophiam
1194 1452 1363 1498 magister
1393 1453 1594 1499 explicavit,
1616 1465 1744 1499 magna
1773 1466 1849 1488 cum
1869 1453 1972 1488 laude
1992 1454 2050 1487 do-

419 1511 554 1551 etz-infe,
578 1511 727 1546 Viennre
755 1512 790 1546 in
816 1513 973 1547 Austria.
998 1515 1137 1549 Primus
1165 1515 1285 1550 Socios
1305 1515 1340 1549 in
1359 1515 1545 1549 Poloniam
1575 1515 1740 1556 deduxit;
1763 1526 1952 1560 eorumque
1971 1527 2050 1561 pro-

420 1572 570 1607 vinciam
591 1573 672 1607 inde
692 1585 802 1618 usque
833 1574 877 1608 ab
909 1579 987 1609 ortu
1015 1579 1115 1609 131113
1141 1575 1313 1610 charitate
1340 1580 1374 1610 et
1401 1576 1574 1622 sapientia
1594 1576 1861 1616 administravit„
1882 1580 2051 1622 tantaque

420 1645 497 1668 cum
513 1634 751 1669 moderatione
770 1635 862 1670 inter
881 1640 1044 1672 externos
1059 1642 1230 1678 versatus,
1251 1642 1287 1672 ut
1306 1642 1340 1672 et
1359 1638 1423 1672 sibi
1438 1649 1592 1672 amorem
1608 1637 1821 1683 singularem
1841 1637 2047 1677 conciliarit,

420 1698 454 1729 et
473 1696 641 1731 Societati
659 1697 952 1732 existimationem
968 1699 1174 1744 praeclaram
1190 1699 1420 1745 gratiamque.
1438 1699 1581 1744 Aliquot
1596 1699 1669 1744 ejus
1686 1698 1852 1744 epistolas
1867 1698 1976 1732 habes
1991 1711 1997 1739 ;
2015 1699 2050 1732 in

420 1758 546 1803 quibus
563 1758 680 1799 etiam,
701 1771 779 1804 quite
794 1772 928 1794 morum
946 1761 1048 1795 fuerit
1066 1773 1207 1796 suorum
1224 1762 1394 1802 suavitas,
1413 1761 1530 1806 aliqua
1544 1765 1596 1795 est
1612 1761 1728 1806 imago
1748 1772 1816 1794 non
1837 1761 1986 1795 obscura
2001 1762 2045 1807 (1).

470 1820 547 1854 Hoc
563 1820 727 1866 praeside,
745 1825 894 1866 quatuor
921 1823 1192 1868 provinciarum,
1214 1823 1380 1862 Austriae,
1402 1822 1594 1862 Bohemize,
1619 1822 1777 1857 Polonize
1808 1829 1841 1857 et
1860 1823 2047 1857 Lituaniae,

419 1882 721 1928 Congregationes
740 1883 871 1918 habitu}
891 1888 971 1918 sunt
986 1889 1134 1929 quatuor
1152 1897 1158 1919 ς
1182 1885 1294 1930 prima
1313 1884 1450 1930 quidem
1470 1885 1618 1919 Vicnnz‘e
1637 1884 1673 1917 in
1691 1884 1847 1924 Austria,
1866 1895 1927 1930 per·
1946 1896 2048 1929 quam

418 1943 550 1978 electus
580 1948 786 1990 procurator
801 1945 950 1979 Romam
980 1946 1180 1981 Hurtardus
1208 1948 1329 1987 Pei-ez,
1352 1946 1591 1981 Olomueonsis
1612 1946 1760 1991 Collegii
1789 1951 1914 1986 rector,
1941 1947 2044 1982 1568.

418 2005 580 2040 Secunda
595 2005 723 2039 ibidem
742 2006 919 2040 celebrata
938 2008 1024 2042 1571
1049 2021 1054 2042 :
1078 2008 1208 2043 clectus
1228 2009 1262 2042 in
1278 2020 1318 2043 03
1334 2012 1540 2054 procurator
1554 2008 1772 2042 Venceslaus
1792 2008 1965 2042 Sturmius
1984 2019 2047 2053 pro

419 2072 554 2102 rectore
573 2068 769 2103 Viennensi
794 2069 954 2103 Emerico
979 2070 1157 2105 Forslero.
1181 2071 1305 2105 Itidem
1332 2081 1425 2105 anno
1458 2070 1549 2105 1573
1583 2070 1733 2104 Romam
1764 2069 1809 2104 ad
1845 2069 2045 2115 eligendum

419 2130 651 2176 Praepositum
672 2130 852 2165 Societatis
876 2131 1143 2171 inissi‚Jacobus
1170 2131 1386 2167 Avellandus
1412 2135 1445 2166 et
1468 2131 1684 2166 Venceslaus
1704 2132 1889 2166 Sturmius,
1914 2132 2045 2170 Quarta

418 2191 567 2236 denique
591 2192 632 2226 ab
664 2192 747 2237 ipsis
780 2197 856 2227 octo
890 2192 1056 2227 Patribus
1089 2194 1248 2228 Lituanis
1279 2198 1313 2228 et
1344 2193 1488 2228 Polonis
1513 2193 1693 2228 Boszeviue
1712 2193 1747 2227 in
1770 2193 1903 2239 przedio
1923 2193 2043 2227 Pulto-

417 2252 546 2286 viensis
575 2253 722 2299 Collegii
750 2254 870 2288 habita
894 2254 1005 2295 1576;
1029 2254 1063 2288 in
1083 2266 1125 2289 ea
1146 2266 1288 2289 munere
1312 2255 1491 2289 secretarii
1518 2256 1656 2290 functus
1681 2255 1877 2290 Stanislaus
1901 2255 2042 2290 Varsze-

420 2314 565 2355 vickius,
590 2315 768 2350 Vilnensis
801 2316 948 2362 Collegii
981 2320 1112 2357 1·00101·;
1147 2317 1277 2351 electus
1301 2322 1507 2362 procurator
1538 2318 1721 2364 Philippus
1753 2317 2041 2351 Vidmanstadius

419 2377 600 2412 Sociorum
621 2382 735 2413 rector
759 2378 1115 2425 Brunsbergensium.
1138 2378 1279 2412 1131111111λ
1298 2382 1375 2412 sunt
1397 2383 1569 2424 praterea
1588 2379 1717 2413 ibidem
1739 2378 2041 2424 Congregationes

421 2439 512 2481 duaa,
535 2440 578 2474 ab
603 2440 725 2475 eodem
759 2440 899 2475 indictw
931 2440 1105 2476 Sunnerio
1124 2453 1130 2474 :
1165 2439 1275 2475 altera
1312 2441 1421 2481 157&
1444 2453 1505 2486 per
1533 2453 1634 2487 quam
1666 2446 1870 2487 procurator
1904 2446 2041 2477 creatus

459 2515 499 2551 (1)
524 2513 580 2541 Ilus
596 2514 658 2542 vide
677 2514 703 2541 in
719 2515 874 2550 appendice
890 2516 971 2549 liujus
990 2516 1063 2542 libri.
