2184 2953
618 308 722 336 LIBER
747 308 915 341 QUARTUS
938 309 1148 343 (istm-uuio.
1647 301 1704 332 179

92 417 107 431 κ
128 400 349 436 concordiam
368 400 546 434 reductum
561 402 644 434 eunt
663 412 669 433 :
688 400 779 444 quod
796 399 962 434 Ecclesiae
982 409 1104 444 pacem
1124 397 1311 432 conciliant
1330 409 1335 430 :
1359 396 1450 441 quod
1466 395 1587 430 eodem
1604 398 1704 440 pacto
1731 402 1794 428 1596

91 477 105 492 a
128 463 253 497 multos
273 462 441 507 adjuvant
472 461 505 494 iu
534 461 657 494 salutis
676 461 832 506 negotio;
864 460 957 506 pium
985 460 1106 504 igitur,
1130 462 1278 504 oportet,
1302 458 1346 492 sit
1374 458 1486 497 vobis,
1510 461 1543 490 et
1562 456 1704 502 praemio

90 540 105 554 α
127 525 281 570 dignum,
304 524 478 558 concitare
495 523 586 558 inter
606 523 729 556 fratres
749 522 954 557 seditionem
972 533 1013 555 ac
1033 520 1424 555 discordiam:tunicam
1442 519 1570 553 Christi
1585 520 1703 552 incon-

90 601 104 615 ιι
127 586 263 620 sutilem
283 585 479 631 discerpere
498 598 503 618 1
522 585 613 618 inter
628 584 816 630 discipulos
839 583 912 628 ejus
931 594 1048 617 serere
1072 582 1264 617 certamina
1276 582 1289 615 ’ἔ
1316 582 1420 621 Istuc,
1441 580 1557 621 credo,
1581 580 1704 615 amatis

88 662 103 676 κ
128 647 362 693 probatisque.
386 646 636 691 Nunquidnam
656 657 737 680 vero
760 645 795 678 iu
815 644 943 678 mundo
972 644 1107 689 gratius
1136 644 1223 684 Deo,
1249 648 1306 677 aut
1325 642 1522 676 hominibus
1542 646 1575 676 et
1591 643 1704 687 reipu-

89 723 104 737 ω
126 708 226 743 blicae
245 708 376 747 utilius,
403 718 505 753 quam
526 718 729 745 consensus,
752 707 914 746 charitas,
937 710 972 740 et
990 706 1202 740 unanimitas
1227 716 1303 740 esse
1331 705 1467 750 potest?
1489 704 1579 749 quod
1594 704 1703 749 ipsum

89 784 103 798 α
126 770 285 804 Christus
315 772 498 814 tantopere
529 768 630 802 nobis
658 772 880 802 sacrosancto
913 779 975 802 suo
1013 770 1225 802 testamento
1261 766 1492 806 commendat,
1532 765 1700 811 praecipit,

85 846 99 860 ει
120 831 351 876 indignosque
370 841 429 864 eos
448 830 662 875 pronuntiat,
690 830 748 874 qui
767 830 819 863 sui
848 834 1018 864 vocentur
1039 829 1214 875 discipuli,
1232 829 1298 863 nisi
1321 828 1494 862 charitate
1513 826 1703 873 officiisque

88 910 103 925 κ
125 895 251 930 mutuis
270 895 531 940 conjungantur
548 894 559 927 ’ἔ
584 910 598 923 22

136 972 150 985 a
174 956 343 1001 Indignus
362 960 427 993 est,
450 966 549 999 quem
574 954 815 993 christianum,
838 965 937 999 quem
959 954 1087 988 Christi
1107 953 1314 999 discipulum
1333 955 1558 1000 appellemus,
1581 954 1639 999 qui
1668 966 1704 989 se

89 1033 104 1048 ιι
127 1019 169 1053 ab
195 1018 353 1053 Ecclesia
372 1021 550 1062 segregat,
573 1021 634 1050 aut
660 1016 764 1055 fovet,
783 1027 853 1049 non
885 1015 986 1062 tollit,
1005 1027 1141 1060 quoquo
1167 1016 1267 1050 modo
1286 1020 1411 1062 potest,
1435 1017 1591 1052 dissidia.
1615 1017 1704 1056 Quid

87 1095 102 1109 α
123 1085 176 1116 est
194 1092 289 1119 vero,
311 1080 402 1125 quod
423 1090 486 1112 nos
510 1078 672 1112 catholici
695 1078 783 1112 adeo
807 1076 905 1111 vobis
931 1077 1146 1112 execrabiles
1167 1078 1286 1118 simus,
1310 1085 1346 1112 ut
1364 1079 1531 1125 praesides
1554 1084 1701 1120 vestros,

87 1162 102 1176 a
125 1148 179 1193 qui
214 1148 392 1182 nobiscum
419 1147 575 1192 jungunt
611 1145 811 1185 amicitiam,
845 1145 1112 1185 contaminatos,
1147 1157 1313 1191 sacraque
1344 1147 1574 1183 detestatione
1598 1148 1702 1194 jugu-

87 1225 101 1240 α
123 1211 245 1245 landos
274 1209 402 1256 putetis
412 1210 425 1243 ’ἔ
457 1209 536 1247 His,
575 1208 604 1241 si
637 1208 673 1241 in
704 1206 854 1251 aliquem
885 1207 1128 1241 haereticorum
1161 1220 1342 1243 numerum
1378 1221 1414 1244 se
1450 1215 1700 1255 aggregarent,

87 1287 101 1301 α
124 1273 256 1318 gratias
292 1271 443 1305 fortasse
467 1270 633 1315 ageretis.
661 1267 896 1307 Quaerendum
918 1268 1036 1315 utique
1062 1280 1104 1303 ex
1133 1269 1216 1315 ipsis
1235 1274 1321 1311 erat,
1340 1283 1401 1305 cur
1426 1271 1460 1305 id
1480 1272 1674 1307 faciendum
1693 1285 1699 1306 :

87 1348 101 1363 κ
123 1346 223 1379 quam
252 1333 295 1367 ob
322 1344 396 1367 rem
422 1330 849 1376 Constantinopolitanum
878 1330 1116 1375 patriarcham
1135 1333 1399 1378 relinquendum
1417 1339 1592 1381 putarent.
1614 1337 1703 1371 Res-

89 1410 104 1424 ιι
124 1394 328 1441 pondissent
346 1393 445 1427 vobis
461 1405 479 1427 e
499 1404 598 1427 sacro
617 1392 736 1437 legum
755 1391 950 1425 divinarum
975 1393 1108 1433 codice,
1125 1407 1143 1429 e
1159 1395 1316 1431 doctrina
1331 1402 1532 1431 sanctorum
1548 1401 1699 1442 patrum,

88 1473 104 1487 κ
127 1457 347 1492 orientalium
381 1460 414 1491 et
440 1456 706 1491 occidentalium
733 1454 899 1489 Ecclesia]
927 1456 1118 1496 doctorum,
1141 1469 1183 1492 ex
1207 1458 1362 1492 conciliis
1393 1462 1427 1493 et
1462 1459 1666 1501 canonibus,
1684 1471 1703 1494 e

90 1531 105 1546 α
128 1519 252 1553 vestris
272 1518 421 1563 denique
450 1517 606 1562 ipsorum
630 1517 865 1551 monumentis
888 1518 1013 1562 graecis
1033 1530 1039 1551 :
1062 1517 1233 1552 neminem
1256 1519 1480 1564 sempiternae
1496 1519 1601 1553 saluti
1628 1532 1702 1555 suae

89 1594 103 1608 α
125 1591 226 1625 posse
255 1578 448 1617 consulere,
469 1578 527 1623 qui
552 1589 619 1612 non
651 1579 695 1612 sit
718 1578 753 1612 in
771 1582 863 1612 ccetu
893 1578 1061 1613 Ecclesiae
1085 1580 1284 1620 catholica&
1307 1580 1398 1625 quod
1423 1581 1536 1626 ipsum
1558 1581 1701 1616 Petrum

89 1654 104 1669 κ
126 1641 219 1675 Deus
244 1641 366 1675 ovibus
394 1640 466 1674 suis
485 1643 662 1685 pastorem
689 1640 864 1685 praefecit3
887 1641 967 1675 huic
987 1642 1043 1687 qui
1063 1654 1131 1677 non
1159 1643 1312 1682 obaudit,
1335 1647 1435 1677 extra
1454 1643 1542 1677 ovile
1566 1643 1696 1679 Christi

89 1718 104 1732 κ
125 1707 229 1738 errat.
253 1704 342 1738 Rem
361 1703 477 1747 itaque
501 1701 549 1735 illi
571 1712 670 1735 suam
692 1702 733 1735 iis
753 1702 1016 1738 confirmassent
1035 1705 1267 1750 argumentis,
1285 1705 1329 1739 ad
1358 1716 1435 1750 quae
1453 1716 1496 1739 ne
1516 1705 1697 1740 hisceretis

89 1780 103 1794 α
126 1766 284 1812 quidem;
307 1766 390 1811 quin
409 1764 597 1799 etiamnum
616 1764 708 1798 idem
733 1765 831 1799 vobis
846 1765 896 1799 illi
914 1771 1085 1811 praestare
1101 1770 1181 1801 sunt
1207 1767 1332 1812 parati,
1351 1766 1379 1800 si
1400 1778 1461 1801 vos
1480 1766 1636 1812 placidos
1655 1767 1699 1801 ad

89 1842 104 1856 a
126 1828 333 1874 colloquium
349 1834 383 1862 et
401 1827 675 1862 controversiam
691 1816 900 1862 obtuleritis.

136 1905 150 1919 a
174 1890 273 1928 Quod
288 1901 308 1924 a
323 1889 715 1934 Constantinopolitanis
736 1890 944 1934 patriarchis
963 1890 1007 1924 ad
1032 1888 1220 1922 catholicos
1251 1889 1447 1923 desciscunt
1479 1875 1698 1927 Rutenorum

90 1965 104 1980 a
127 1951 291 1997 episcopi,
313 1951 436 1985 merito
451 1950 487 1984 id
504 1950 636 1984 faciunt
654 1954 687 1985 et
700 1951 780 1995 jure
800 1951 926 1997 optimo
948 1964 954 1985 :
975 1963 1056 1985 nam
1079 1951 1129 1985 illi
1148 1952 1407 1998 dereliquerunt
1426 1954 1536 1989 Deum
1564 1960 1696 2002 patrum

91 2028 105 2042 α
133 2024 271 2047 suorum
286 2025 292 2053 ;
315 2011 516 2047 defecerunt
532 2012 575 2046 ab
594 2012 739 2058 imperio
759 2012 883 2045 summi
900 2012 1076 2046 Pontificis
1091 2025 1098 2053 ;
1122 2013 1327 2059 religionem
1344 2015 1513 2050 sinceram
1528 2021 1562 2051 et
1580 2023 1697 2053 aucto-

95 2089 109 2103 κ
132 2075 268 2109 ritatem
287 2074 455 2108 Ecclesia}
474 2074 688 2114 ‹l<=trectant;
719 2073 763 2107 ad
787 2078 911 2107 coetum
932 2074 1085 2108 fidelium
1105 2075 1219 2109 redire
1242 2086 1303 2109 seu
1323 2076 1455 2117 nolunt,
1478 2089 1538 2112 seu
1557 2084 1697 2125 propter

94 2149 108 2163 α
129 2135 341 2175 servitutem,
359 2146 462 2179 quam
476 2139 624 2181 tyranno
639 2135 831 2169 Turcarum
851 2136 1020 2175 serviunt,
1036 2147 1103 2169 non
1117 2142 1274 2181 possunt.
1291 2137 1433 2171 Illorum
1448 2150 1554 2175 causa
1568 2142 1694 2186 perire,

95 2211 110 2225 <c
133 2208 241 2243 neque
267 2197 312 2231 ad
339 2200 476 2242 portum
508 2197 683 2242 fidamque
711 2198 907 2237 stationem,
925 2210 1002 2243 quae
1028 2198 1094 2232 sibi
1114 2198 1293 2240 offeratur,
1312 2211 1353 2234 ex
1380 2201 1563 2247 naufragio
1591 2204 1697 2250 recipi

95 2272 110 2286 α
132 2258 232 2299 velle,
254 2258 382 2303 stupidi
399 2257 538 2291 omnino
557 2257 592 2292 id
611 2258 762 2293 hominis
785 2259 829 2293 sit
848 2263 951 2304 atque
979 2259 1066 2294 adeo
1086 2260 1328 2295 amentissimi.
1347 2261 1521 2298 Praesides
1544 2266 1649 2299 vestri
1665 2272 1698 2301 et

96 2334 110 2348 α
135 2319 200 2354 sibi
213 2319 279 2365 ipsi
297 2323 331 2354 et
348 2319 446 2353 vobis
467 2320 598 2365 pariter
618 2320 822 2360 consulunt;
844 2321 888 2354 ad
906 2324 1042 2366 portum
1061 2321 1185 2356 salutis
1203 2326 1359 2367 praeeunt
1378 2325 1614 2368 sequentibus
1630 2338 1699 2361 non

96 2395 110 2409 α
132 2381 175 2415 ad
193 2381 369 2415 interitum
389 2381 646 2427 sempiternum.
663 2382 845 2416 Docebunt
862 2382 897 2416 id
916 2395 976 2417 vos
990 2382 1039 2416 illi
1059 2382 1281 2428 diligentius;
1302 2395 1366 2418 nos
1390 2396 1492 2430 super
1514 2386 1578 2420 hoc
1605 2388 1696 2433 apud

95 2456 110 2470 κ
132 2442 281 2488 Superos
300 2443 486 2488 querimur,
505 2444 595 2489 quod
614 2447 819 2489 potestatem
838 2444 935 2478 vobis
954 2444 1121 2479 adversus
1139 2445 1312 2480 antistites
1331 2451 1465 2481 vestros
1478 2448 1698 2493 judiciariam

96 2518 111 2532 a
133 2506 322 2550 arrogetis,
344 2517 484 2551 eosque,
507 2506 618 2551 culpae
636 2505 766 2540 nullius
785 2507 972 2545 convictos,
986 2506 1234 2541 condemnetis.
1254 2508 1447 2554 Utrumque
1466 2509 1531 2545 hoc
1544 2510 1698 2556 iniquum
