2184 2953
376 275 437 306 424
1056 274 1292 304 APPENDICES.

425 389 766 439 KOjalOWiCz,
799 400 995 430 ALBERTUS,
1019 390 1117 436 cujus
1150 390 1302 437 elogium
1330 392 1366 426 in
1400 392 1555 427 secunda
1574 395 1673 439 parte
1704 394 1834 426 nostrae
1864 391 2003 438 legetur

377 447 545 482 Historiae
564 446 766 494 [infeliciter
783 457 977 489 numquam
994 445 1172 494 vulyatoe]‚
1195 447 1303 481 edidit
1338 447 1447 482 libros
1469 460 1475 482 :

376 528 508 559 Latine:
537 528 565 558 1.
584 527 695 568 Elogia
732 527 955 567 imperatorum
989 526 1134 557 Austria-

422 585 540 607 corum.
559 576 589 606 2.
606 575 730 606 Primus
754 573 917 605 Societatis
937 573 1014 605 Jesu
1035 582 1134 604 566611-

417 622 492 654 laris
503 631 613 652 annus.
627 622 717 652 1640.
735 622 764 651 3.
780 620 1003 660 Compendium
1014 620 1134 651 Ethicae

414 669 631 701 Aristotelicae.
668 668 777 699 Vilnae.
808 668 897 699 1645.
934 667 963 698 4.
994 667 1067 698 Vita
1100 667 1134 699 P.

415 717 576 749 Laurentii
592 715 727 747 Bartilii.
748 715 836 746 1645.
853 717 881 745 5.
910 714 1058 746 Historiae
1083 715 1134 746 Li-

413 765 516 796 tuanae
546 774 614 804 pars
638 764 680 794 10r
704 763 793 794 1650.
814 762 888 793 Pars
914 762 1021 793 altera.
1041 763 1131 794 1669.

416 814 445 844 6.
463 811 662 844 Ἴ11115661161166
693 820 795 841 rerum
820 810 858 841 ad
891 810 1009 840 statum
1024 810 1134 842 eccles.

426 860 591 900 pertinent.
606 859 695 890 1650.
712 860 740 889 7.
764 857 933 889 Instructio
949 857 985 888 de
1007 858 1133 888 casibus

415 909 589 942 reservatis.
615 909 643 939 8.
658 908 702 938 De
718 907 808 938 rebus
824 906 921 947 gestis
939 907 1045 937 contra
1074 906 1132 937 Co-

416 967 512 989 sacos.
539 957 627 988 1652.
658 956 687 986 9.
707 955 793 985 Fasti
808 953 1007 985 Rarliviliani.
1039 954 1129 984 1653.

418 1007 467 1037 10.
482 1005 599 1036 Oculus
626 1003 745 1034 ratione
770 1001 935 1038 correctus,
954 1010 1007 1031 5611
1034 1000 1132 1031 Refu-

417 1054 495 1084 tatio
508 1049 781 1084 demonstrationis
809 1048 943 1080 ocularis
962 1048 997 1078 de
1018 1056 1124 1078 vacuo.

1288 527 1374 558 litico
1398 527 1435 558 de
1474 527 1622 559 electione
1646 527 1796 567 prudente
1824 527 1928 563 unius,
1951 536 2003 558 ve-

1288 575 1708 613 116,611115116116316116101115.
1731 575 1795 606 Sub
1808 575 1931 606 nomine
1953 576 2002 607 sui

1290 622 1448 663 discipuli.
1469 624 1558 654 1648.
1576 624 1622 653 13.
1639 623 1800 664 Colloquia
1815 623 1912 655 theol.
1930 632 2001 654 eum

1287 670 1429 701 ministro
1445 670 1480 701 de
1493 670 1632 702 dissidiis
1646 671 1678 702 in
1694 671 1785 702 rebus
1800 670 1882 702 fidei.
1907 670 1998 702 1653.

1289 718 1337 748 14.
1373 717 1533 758 Colloquia
1559 718 1695 759 theologi
1719 727 1790 749 cum
1823 717 1997 749 dissidente

1286 765 1318 796 in
1348 765 1497 806 religione
1514 765 1550 796 de
1565 766 1694 802 sincero,
1709 767 1740 797 et
1755 775 1814 797 non
1826 765 1999 796 adulterato

1287 822 1345 843 usu
1361 812 1392 844 S.
1411 812 1587 852 Scripturae.
1609 813 1698 844 1667.
1732 814 1780 844 15.
1805 813 1880 844 Vita
1905 812 1997 843 Fran-

1286 861 1359 891 cisci
1376 860 1516 900 Cajetani
1541 860 1607 892 Soc.
1630 860 1718 896 Jesu,
1733 869 1768 891 ex
1783 860 1891 891 italico
1913 860 2000 890 tran-

1286 909 1365 940 slata
1396 909 1443 939 16.
1461 908 1571 940 Decem
1589 908 1671 939 modi
1686 907 1820 940 colendae
1832 908 1867 938 B.
1879 907 1917 938 V.
1930 906 2000 938 Ma-

1282 955 1608 987 riae.164S.l7.Concio
1624 956 1655 986 in
1670 956 1775 987 funere
1791 955 1878 986 Petri
1893 954 2000 986 Wolo-

1284 1004 1367 1034 wicz.
1385 1003 1472 1034 1652.
1501 1004 1545 1034 18.
1560 1003 1633 1034 Vita
1648 1003 1800 1043 Alphonsi
1811 1003 1999 1043 Rodriguez.

1286 1052 1375 1082 1666.
1396 1051 1598 1082 ioMemm-ia
1611 1052 1758 1083 Fratrum
1775 1052 1998 1092 coadjutorum.

1285 1100 1333 1130 20.
1345 1099 1417 1130 Vita
1438 1098 1633 1130 Venerabilis
1651 1099 1685 1129 P.
1715 1099 1837 1130 Nicolai
1854 1099 2001 1130 Lancicii.

1285 1147 1336 1177 21.
1352 1146 1395 1177 De
1410 1146 1585 1187 insignibus
1614 1146 1765 1177 nobilium
1793 1147 1824 1177 in
1844 1146 1997 1177 Lituania.

1286 1194 1399 1224 Plures
1416 1193 1470 1225 alii
1482 1193 1584 1225 libelli
1604 1195 1684 1234 typis
1697 1204 1755 1225 non
1764 1194 1895 1235 vulgati.

419 1102 577 1132 1647.11.
603 1096 827 1138 compendium
858 1105 1057 1127 censurarum
1084 1104 1132 1126 re—

417 1148 619 1183 servatarum,
649 1144 815 1176 succinctis
852 1143 932 1174 notis
954 1143 1131 1174 illustrata-

417 1205 496 1226 rum.
523 1194 610 1225 1165.

383 1243 525 1275 Polonice
544 1252 549 1273 :
586 1242 632 1272 12.
660 1239 821 1280 Colloquia
839 1238 975 1278 theologi
991 1247 1061 1269 cum
1078 1246 1130 1277 po<

429 1338 771 1388 KOjalOWiCz,
801 1348 1003 1378 CASIMIRUS,
1022 1334 1204 1370 memorati
1226 1333 1363 1369 Alberti
1391 1334 1497 1369 frater
1524 1345 1727 1380 germanus,
1756 1337 1840 1369 natu
1875 1334 2001 1374 minor,

328 1413 330 1415 >
380 1397 518 1443 scripsit
537 1398 720 1441 sequentes
734 1394 842 1429 libros
861 1406 867 1428 ;

1289 1471 1404 1502 56611515
1430 1469 1565 1501 Ladislai
1590 1469 1766 1501 Wolowicz.
1798 1470 1826 1501 4.
1843 1469 1950 1501 Modos
1967 1469 2006 1501 60

1289 1529 1381 1550 sacrae
1407 1519 1552 1550 orationis
1584 1519 1666 1549 varie
1702 1517 1882 1555 formandae,
1923 1517 2005 1558 typis

1287 1567 1474 1607 Antverpiae.
1510 1566 1599 1597 1669.
1626 1567 1655 1597 5.
1690 1565 1796 1597 Vitam
1824 1565 1859 1597 P.
1883 1564 2005 1596 Nicolai

1288 1613 1426 1645 Lancicii
1443 1613 1550 1644 latine.

381 1480 408 1509 1.
439 1477 675 1509 Institutionum
696 1475 933 1506 Rhetoricarum
955 1475 1056 1514 partes
1098 1473 1132 1506 2;

422 1526 536 1560 Yilnae,
556 1525 644 1555 1650.
661 1525 690 1554 2.
708 1522 914 1562 Panegyricos
937 1521 1075 1556 heroum,
1100 1520 1133 1551 in

420 1583 516 1605 unum
550 1572 693 1603 volumen
727 1570 883 1602 collectos.
902 1571 930 1600 3.
953 1569 1131 1600 Orationem

419 1621 580 1653 funebrem
625 1619 661 1650 de
690 1617 835 1649 laudibus
861 1616 999 1648 Palatini
1020 1616 1131 1647 Viteh-

430 1703 700 1750 Kosinski,
720 1715 878 1739 STANISL.
903 1701 1092 1742 Masovita,
1107 1701 1210 1736 trium
1219 1701 1321 1747 hujus
1330 1700 1480 1734 nominis
1491 1700 1527 1734 in
1537 1699 1603 1734 1166
1624 1699 1804 1745 provincia
1825 1698 2004 1733 Sociorum

377 1774 567 1813 germanus
584 1762 706 1803 frater,
725 1761 799 1795 Deo
819 1771 855 1794 se
873 1759 908 1793 in
928 1759 1103 1793 Societate
1119 1758 1247 1793 dicavit
1260 1768 1352 1791 anno
1373 1755 1476 1795 1602,
1496 1759 1592 1789 zetat.
1622 1754 1677 1789 15.
1702 1755 1920 1789 Gubernavit
1934 1753 2002 1788 col-

381 1822 474 1868 legia
499 1818 644 1865 Derpati
667 1822 701 1852 et
720 1816 886 1851 Polociae.
917 1815 1029 1850 Vilnae
1052 1819 1209 1861 tempore
1235 1813 1413 1860 pestilenti
1438 1812 1570 1846 civitati
1600 1811 1812 1846 ministravit
1847 1811 2000 1846 afflictae.

378 1880 483 1914 Mort.
503 1874 659 1910 Resselii
677 1874 724 1908 22
748 1872 850 1918 april.
880 1872 982 1907 1657.
1006 1872 1152 1918 Scripsit
1171 1871 1331 1918 polonice
1346 1870 1465 1904 Vitam
1483 1873 1517 1904 et
1536 1868 1742 1915 martyrium
1762 1869 1804 1903 B.
1827 1869 2003 1915 Josaphat

379 1934 534 1979 archiep.
554 1930 676 1966 Poloc.
698 1929 794 1975 Opus
814 1928 1039 1975 posthumum
1058 1929 1187 1964 editum
1212 1928 1316 1963 1665.

429 2020 626 2066 Krei'tz,
642 2029 814 2058 CAROLUS,
841 2017 1045 2052 Misniensis
1064 2029 1070 2051 :
1085 2028 1214 2063 genere
1229 2014 1369 2057 illustri,
1383 2013 1586 2061 parentibus
1602 2013 1777 2048 haereticis
1795 2017 1898 2048 natus
1912 2023 2005 2047 anno

383 2079 496 2119 16073
517 2076 664 2112 remisso
679 2073 855 2109 haereticis
874 2072 1008 2114 nuntio,
1021 2073 1097 2119 jam
1112 2072 1356 2119 philosophus,
1375 2070 1539 2105 Societati
1559 2081 1596 2104 se
1616 2069 1741 2104 obtulit
1758 2068 1874 2103 Vilnae
1898 2068 2001 2109 1627,

378 2140 401 2174 8
414 2136 507 2183 julii.
529 2135 618 2169 Toto
638 2132 719 2166 vitre
743 2130 919 2176 religiosae
938 2130 1109 2165 curriculo
1129 2129 1361 2176 pulcherrime
1389 2137 1425 2160 56
1452 2125 1583 2171 gessit;
1607 2126 1766 2160 omnibus
1799 2125 1911 2160 omnis
1935 2125 2004 2159 vir-

379 2196 463 2232 tutis
478 2191 668 2237 exemplar.
692 2188 897 2235 Complures
917 2187 1143 2222 concionibus
1167 2187 1239 2221 suis
1262 2183 1402 2221 reduxit
1420 2183 1477 2218 vel
1496 2188 1654 2218 errantes
1673 2183 1717 2218 ab
1732 2182 1902 2228 religione
1920 2193 2005 2217 vera

381 2252 426 2288 ad
440 2246 714 2286 Ecclesiam‚vel
733 2248 917 2292 peccantes
937 2245 981 2279 ad
996 2245 1146 2289 frugem,
1161 2254 1274 2277 annos
1289 2253 1350 2276 sex
1366 2252 1473 2287 supra
1490 2240 1616 2285 viginti
1641 2240 1799 2286 publicus
1819 2240 2004 2274 Germanis

381 2321 399 2344 e
414 2305 583 2343 cathedra
601 2303 782 2348 magister.
802 2300 1037 2335 Pereuntibus
1053 2311 1152 2345 opem
1173 2298 1356 2337 afferebat,
1380 2307 1473 2343 szepe
1492 2307 1570 2330 cum
1585 2296 1769 2331 manifesto
1784 2295 1907 2330 salutis
1930 2306 2003 2330 suae

384 2361 558 2412 periculo;
588 2362 626 2393 ut
644 2357 781 2392 (ledani
811 2356 962 2391 maxime
991 2360 1148 2403 tempore
1175 2354 1366 2402 pestilenti.
1390 2353 1476 2388 Cum
1509 2353 1686 2388 haereticis
1717 2356 1906 2400 perpetuus
1928 2356 2004 2388 erat

381 2421 445 2457 sibi
473 2416 653 2454 conflictus
676 2426 682 2448 :
706 2413 866 2459 superior
885 2424 1024 2458 semper
1050 2417 1087 2448 ut
1118 2424 1223 2448 causa
1242 2410 1442 2446 certaminis
1463 2409 1512 2444 sic
1538 2409 1680 2444 virtute.
1702 2408 1904 2455 Disciplinae
1923 2407 2002 2443 reli-

381 2478 494 2525 giosae
524 2477 558 2510 et
583 2471 765 2508 modestiae
792 2469 1131 2504 observantissimus.
1163 2468 1192 2502 E
1208 2466 1364 2512 Collegio
1380 2465 1611 2500 Varsaviensi
1641 2465 1769 2500 missus
1792 2463 2002 2499 valetudinis
