2184 2953
658 292 767 320 LIBER
787 292 906 321 NONUS
926 292 1137 329 (1640-1650).
1671 290 1729 320 331

115 379 196 421 cilii,
214 379 320 414 avelli
351 392 371 414 a
407 393 444 416 se
470 393 539 416 non
568 386 620 417 est
650 393 793 428 passus;
818 382 839 417 J
844 393 991 416 oannem
1018 382 1063 416 ad
1094 393 1292 428 supremum
1330 381 1413 416 vitae
1448 381 1539 416 diem
1571 384 1730 416 amanter

115 442 336 488 complexus:
363 447 397 477 et
419 443 656 478 consiliarium
683 445 719 478 in
744 444 957 478 salutaribus
984 444 1055 478 suis
1089 444 1251 489 negotiis,
1280 448 1314 478 et
1342 444 1378 477 in
1416 444 1607 479 educandis
1648 443 1729 478 filiis

113 504 332 549 magistrum.

161 566 425 611 Duneburgum‚
448 566 612 611 oppidum
629 567 788 601 Livoniae
807 570 918 607 vetus,
934 567 1010 613 jam
1025 568 1155 602 dudum
1179 568 1435 614 praeterivimus
1459 580 1465 602 ε
1489 567 1531 602 de
1554 568 1667 613 prima
1680 567 1728 602 ibi

108 628 287 662 Sociorum
301 628 437 662 colonia
472 627 567 662 nullo
587 628 700 663 adhuc
715 629 817 674 signo
832 629 964 663 moniti.
1004 630 1127 664 Fuisse
1148 630 1440 675 Duneburgijam
1468 633 1554 670 tum,
1573 633 1721 675 oportet,

109 689 251 735 aliquod
274 690 400 724 nostris
420 690 646 729 domicilium,
677 702 754 725 cum
788 691 958 726 Visitator
978 691 1208 726 Provincialis
1229 691 1425 737 Pompilius
1446 692 1725 737 Lambertengus

115 752 257 786 Patrem
276 752 419 786 Petrum
440 752 593 786 Kulesza
611 763 704 786 anno
723 752 858 788 circiter
881 754 972 788 1630
991 754 1215 799 Superiorem
1234 754 1507 799 Duncburgensi
1528 753 1726 787 residentiae

112 813 325 859 imponeret:
342 813 377 847 id
389 814 481 859 quod
501 825 566 860 ego
582 814 618 848 in
636 815 703 849 vita
724 815 820 849 Petri
838 815 930 861 lego.
948 815 1085 849 Primus
1104 816 1160 850 hic
1172 816 1237 850 hoc
1252 816 1328 850 loco
1342 816 1453 851 Sociis
1466 815 1614 860 przefuit.
1630 815 1724 848 Mor—

110 879 188 909 tuus
208 875 337 916 Vilnae,
356 876 390 909 in
406 876 506 910 domo
523 876 738 922 probationis
754 877 837 910 anni
854 878 957 918 1641,
979 889 1090 912 nonas
1102 877 1243 923 apriles.
1260 878 1327 912 Diu
1346 877 1443 911 illum
1456 889 1539 912 cura
1555 877 1724 911 Livonum

109 938 276 976 exercuit,
296 938 330 971 in
351 937 470 983 primis
490 938 740 972 Vendensium.
765 939 903 973 Primus
942 939 976 973 in
1003 939 1149 973 istorum
1168 940 1307 974 civitate
1335 940 1446 974 Sociis
1461 939 1595 974 curavit
1615 938 1724 972 domi-

111 998 240 1039 cilium,
264 999 381 1044 itaque
400 1000 601 1045 perfecisset
616 1000 701 1034 illud
716 1000 888 1035 industria
903 1012 977 1041 sua,
996 1001 1118 1046 opibus
1134 1002 1260 1035 civium
1280 1013 1427 1047 quorum
1443 1000 1723 1035 benevolentiam

110 1062 182 1096 suis
200 1061 405 1096 conciliarat
420 1062 565 1101 meritis,
584 1062 725 1107 utjusto
746 1073 805 1108 par
825 1067 917 1097 esset
936 1063 1136 1109 accipiendo
1156 1064 1325 1109 CoHegio,
1353 1064 1381 1098 si
1408 1064 1489 1098 belli
1505 1063 1572 1097 vini
1593 1062 1723 1097 Suetici

110 1123 257 1157 Livonia
271 1127 485 1168 superasset.
505 1123 660 1157 Tametsi
679 1123 732 1157 vir
751 1124 897 1169 simplex
912 1128 1000 1165 erat,
1020 1136 1130 1170 neque
1150 1126 1328 1160 recondita
1349 1125 1542 1160 eruditione
1562 1128 1719 1164 ornatus,

110 1184 159 1219 sic
193 1188 308 1219 tamen
328 1184 394 1218 sibi
425 1184 660 1230 procedebant
697 1185 826 1225 onmia,
849 1190 885 1219 ut
911 1186 984 1221 sive
1004 1186 1144 1221 doceret
1167 1187 1345 1233 populum,
1380 1187 1452 1221 sive
1480 1186 1523 1220 de
1555 1185 1724 1230 religione

110 1245 301 1292 disputaret
311 1257 388 1280 cum
399 1246 586 1285 haereticis,
598 1247 670 1281 sive
690 1247 832 1292 negotia
843 1248 1196 1293 transigendaessent
1207 1261 1283 1283 cum
1298 1248 1525 1294 principibus,
1540 1247 1612 1282 sive
1626 1247 1725 1280 durae

110 1308 308 1342 mortalium
331 1308 374 1342 ad
404 1308 531 1342 bonum
550 1308 732 1343 flectenda}
752 1313 868 1343 essent
887 1314 1032 1349 mentes,
1064 1310 1285 1345 doctissimus
1304 1311 1471 1350 virorum,
1493 1310 1637 1355 ipseque
1662 1309 1723 1342 im-

116 1369 251 1416 perium
265 1370 299 1403 in
318 1369 452 1404 animos
471 1374 590 1405 tenere
609 1370 799 1405 videretur.
817 1371 1109 1406 Tribuebatidem
1129 1373 1235 1407 Petro
1252 1373 1436 1418 episcopus
1456 1372 1627 1406 Livonum
1642 1372 1723 1405 Otto

114 1431 329 1477 Schenking.
353 1432 498 1473 Gennae,
534 1433 569 1466 in
588 1433 729 1467 civitate
744 1433 871 1478 patria,
889 1433 1043 1479 patriciis
1075 1437 1171 1469 ortus
1195 1435 1398 1480 majoribus,
1433 1435 1474 1469 P.
1505 1433 1724 1479 Augustinus

109 1493 278 1528 Vivaldus
298 1494 388 1528 inter
403 1494 567 1528 mortales
586 1494 703 1528 vivere
722 1494 824 1529 desiit
843 1495 931 1529 XIV
946 1495 1087 1530 kalend.
1112 1496 1336 1541 septembres,
1358 1496 1551 1531 Lituanicae
1570 1495 1650 1529 olim
1669 1495 1724 1541 (ab

109 1567 200 1590 anno
220 1556 433 1601 1619-1624)
453 1556 612 1591 visitator
631 1556 833 1602 provinciae,
852 1557 1022 1591 Romanae
1043 1557 1141 1597 alias,
1154 1558 1241 1592 alias
1258 1559 1385 1593 Siculae
1404 1570 1548 1605 praeseS‚
1561 1557 1723 1592 laudibus

107 1618 358 1659 sanctimoniae,
382 1618 564 1658 doctrinae,
586 1622 620 1653 et
635 1622 728 1653 natae
743 1618 788 1652 ad
802 1619 1041 1664 gubernacula
1060 1619 1256 1665 prudentiae
1276 1625 1432 1655 ornatus.
1458 1621 1593 1654 Praeter
1613 1619 1724 1653 dictas

106 1680 304 1725 provincias
336 1680 426 1714 rexit
445 1683 518 1714 tum
550 1680 690 1715 Parmae
720 1684 793 1714 tum
820 1680 1013 1715 Placentiae
1045 1681 1214 1727 Collegia.
1246 1683 1361 1718 Natus
1386 1684 1490 1723 1565,
1513 1682 1723 1718 Societatem

108 1741 184 1776 iniit
198 1753 290 1776 anno
314 1742 401 1777 1581
425 1753 443 1776 e
458 1742 618 1776 Romano
635 1742 919 1776 scholasticorum
936 1743 1139 1777 seminario.

156 1803 184 1837 E
215 1803 422 1848 provinciali
457 1803 639 1837 Sociorum
670 1807 773 1844 coetu,
802 1803 916 1837 Vilnae
942 1804 976 1837 in
1008 1804 1182 1838 domicilio
1210 1804 1445 1849 professorum
1476 1802 1521 1836 ad
1553 1802 1584 1835 V
1611 1812 1723 1836 nonas

107 1864 268 1910 quintiles
299 1865 417 1899 habito
439 1893 447 1906 ,
481 1865 606 1899 missus
638 1865 789 1899 Romam
815 1856 861 1899 ad
888 1866 1205 1911 Congregationem
1237 1866 1507 1900 Procuratorum
1549 1863 1722 1898 Melchior

107 1926 350 1973 Schmelingus
368 1940 375 1968 ;
409 1928 713 1963 commendaturus
752 1929 787 1962 in
818 1929 937 1974 primis
980 1930 1092 1964 Mutio
1124 1930 1405 1976 procurationem
1444 1928 1717 1968 referendorum,

107 1993 307 2023 sanctorum
325 1989 464 2034 quidem
483 1990 597 2024 Patris
611 1990 740 2036 Ignatii
760 1994 793 2025 et
812 1991 840 2024 F
844 1991 992 2025 rancisci
1015 1992 1159 2026 Xaverii
1174 1992 1209 2025 in
1228 1992 1337 2026 fastos
1357 1990 1533 2025 Breviarii
1551 1991 1716 2031 Romani,

107 2050 208 2085 Beati
226 2062 307 2085 vero
334 2051 501 2086 Stanislai
520 2051 658 2086 Kostka
675 2052 711 2086 in
730 2063 909 2086 numerum
926 2053 1144 2088 Sanctorum.
1166 2053 1236 2088 Sed
1252 2053 1288 2087 111
1314 2053 1368 2087 his
1388 2052 1572 2086 desideriis
1597 2064 1719 2098 expec-

106 2113 213 2147 tanda
227 2116 302 2147 erat
316 2113 571 2159 opportunitas,
594 2118 627 2149 et
643 2114 778 2148 Urbani
794 2114 974 2149 Pontificis
992 2115 1156 2156 facilitas,
1179 2115 1213 2149 id
1240 2115 1406 2161 temporis
1426 2114 1543 2149 multis
1564 2115 1719 2161 impediti

106 2174 267 2220 negotiis.
288 2175 473 2210 Societatis
488 2176 627 2211 interim
642 2176 676 2209 in
692 2176 758 2211 hac
777 2177 925 2211 maxime
942 2177 1120 2222 provincia
1140 2177 1464 2223 patrono‚Vitebsci
1479 2188 1571 2210 anno
1595 2176 1686 2212 1623
1701 2188 1721 2211 a

107 2236 335 2272 schismaticis
370 2238 562 2278 interfecto,
595 2238 778 2273 Polocensi
809 2239 1067 2284 archiepiscopo
1087 2239 1259 2285 Josaphat
1290 2239 1500 2280 Ktiiicevic2‚
1519 2239 1591 2273 sive
1617 2239 1720 2285 (quod

107 2297 259 2332 Jacobus
278 2298 397 2339 Susza,
417 2299 675 2334 Chelmensium
689 2304 723 2334 et
741 2300 961 2335 Belsensium
981 2301 1175 2346 episcopus,
1206 2301 1336 2345 narrat)
1349 2301 1383 2347 (1)
1394 2301 1541 2346 cognitis
1560 2301 1719 2346 martyrii

106 2360 222 2395 causis
239 2364 273 2395 et
286 2361 474 2403 miraculis,
492 2363 595 2407 hujus
610 2362 693 2396 anni
704 2362 835 2397 decimo
846 2362 1013 2397 kalendas
1029 2363 1230 2397 decembres
1250 2363 1489 2398 decernendus
1506 2367 1593 2403 erat,
1611 2363 1717 2397 dilata

107 2422 384 2468 promulgatione
419 2423 453 2457 in
474 2424 577 2459 XVII
603 2423 775 2458 kalendas
805 2425 924 2469 junias
956 2425 1037 2458 anni
1062 2424 1218 2470 proxime
1244 2425 1471 2470 insequentis,
1513 2425 1586 2459 sive
1614 2424 1716 2470 (quod

151 2493 317 2529 [1)111111110
333 2507 337 2521 ε
354 2494 458 2523 Cursus
473 2496 570 2524 vilaeet
587 2499 726 2523 certamen
742 2493 865 2533 martyrii
885 2495 914 2524 Β.
929 2495 1084 2531 Josapliau‚
1101 2495 1221 2530 epistola
1233 2495 1266 2522 ad
1283 2495 1426 2523 lectorem.

1758 389 1816 414 1511

1821 569 1837 594 2

1758 609 1900 636 Dunebur—

1756 649 1845 682 gensis
1862 656 1901 674 re-

1755 689 1873 716 sidentiae

1755 729 1872 755 initium.

1754 820 1852 846 Praeses

1753 860 1845 886 domus

1755 901 1855 934 primus

1754 941 1850 966 Petrus

1753 980 1875 1006 Kulesza.

1756 1018 1901 1045 Vendensis

1755 1057 1882 1083 domicilii

1754 1098 1854 1131 primus

1755 1146 1877 1172 procura-

1754 1181 1794 1205 tor
1818 1179 1846 1204 et

1753 1226 1857 1253 praeses.

1754 1383 1851 1447 Genudae

1753 1461 1781 1486 P.
1793 1459 1883 1485 Vival-

1753 1499 1810 1525 dus.

1819 1781 1834 1805 4

1754 1819 1897 1845 Vilnaecon-

1753 1859 1875 1892 grcgatio

1752 1905 1897 1930 provmcia-

1749 1937 1791 1963 lis.
