2184 2953
611 301 715 329 LIBER
737 301 906 334 QUARTUS
929 302 1139 337 (1590-'1600t
1678 295 1735 326 189

120 394 291 425 secrasset
306 390 339 423 in
360 390 396 424 S.
420 389 602 424 Benedicti
622 390 754 425 Ordine
780 391 901 426 filiam.
923 392 1001 426 Jam
1020 390 1253 437 professionis
1288 390 1487 424 emittendal
1507 389 1580 424 dies
1596 393 1736 435 appete-

116 453 187 492 bat,
224 463 301 486 cum
338 454 484 496 utraque
512 452 612 496 gravi
646 453 883 488 invaletudine
921 456 1092 499 correpta,
1125 453 1217 487 unde
1249 453 1283 486 in
1307 452 1430 497 spiritu
1458 451 1534 485 fieri
1558 451 1736 486 debuisset

118 514 299 553 valentior,
317 513 396 547 inde
411 513 523 547 evasit
542 513 701 555 debilior,
725 527 877 561 eousque
893 514 1074 549 fraudibus
1096 515 1265 550 daemonis
1280 515 1434 554 inducta,
1457 518 1506 551 ut.
1530 513 1635 548 taedio
1655 513 1736 548 vitae

119 577 328 614 monasticae,
345 575 431 609 nihil
450 575 546 609 aliud
564 577 760 617 anhelaret,
779 577 864 611 nihil
884 578 1069 623 cogitaret,
1087 589 1191 623 quam
1215 577 1296 611 vitae
1315 576 1495 611 saecularis
1522 576 1731 610 libertatem.

117 638 354 672 Afflictissima
373 649 513 683 parens,
537 638 596 672 ubi
616 639 744 673 frustra
763 651 800 673 se
832 640 948 673 omnia
967 651 1075 685 agere
1098 644 1202 685 atque
1225 639 1259 672 in
1283 650 1432 678 cassum,
1455 638 1537 689 vitae
1561 638 1737 683 religiosae

117 711 283 738 amorem,
301 699 488 733 mundanae
507 699 637 740 odium,
660 701 837 736 inculcare
855 701 996 735 filiabus
1012 701 1118 740 videt,
1141 700 1187 735 ad
1209 702 1351 735 Patrem
1367 699 1558 733 Martinum
1578 699 1733 737 tandem,

118 773 219 808 quem
250 761 340 796 inter
360 761 493 795 coelites
523 766 700 808 receptum
729 763 869 797 omnino
901 763 1086 802 credebat,
1122 766 1201 797 vota
1220 762 1301 797 facit
1323 775 1329 796 z
1355 766 1403 801 ut,
1426 762 1484 808 qui
1511 761 1625 796 adhuc
1646 773 1736 796 nior-

117 823 197 858 talis
220 823 289 857 illis
311 823 357 858 ad
383 824 548 858 virtutem
567 828 601 858 et
617 825 837 859 sanctitatem
852 825 965 859 fuerat
984 825 1200 863 exhortator,
1225 836 1317 858 nunc
1336 824 1379 858 ab
1396 824 1470 869 ejus
1486 823 1601 857 studio
1616 823 1737 868 pedem

117 885 248 920 referre
264 885 439 919 obstinate
459 886 665 931 parantibus
685 887 819 920 animos
852 890 885 921 et
907 887 1063 933 vigorem
1087 886 1258 921 restituat.
1292 886 1384 919 Mira
1407 896 1551 931 prorsus
1571 896 1639 925 res,
1660 889 1737 919 tan-

117 951 220 992 toque
234 946 482 992 portentosior‚
522 952 651 993 quanto
685 948 864 983 difficilius
894 953 947 983 est
974 949 1009 982 in
1037 949 1143 983 animi
1183 959 1285 994 quam
1318 948 1483 982 flnctuum
1510 951 1736 993 tempestates

117 1008 308 1055 imperinm.
349 1008 477 1042 Redux
509 1009 554 1043 ad
581 1011 831 1045 monasterium
863 1011 1044 1057 postridie,
1076 1022 1179 1057 quam
1208 1010 1395 1056 ancipitem
1422 1010 1573 1044 filiarum
1607 1013 1733 1043 statum

117 1072 156 1105 P.
177 1070 333 1105 Martino
354 1071 659 1105 commendaverat
678 1073 825 1118 supplex
851 1077 975 1114 mater,
1008 1077 1044 1108 ut
1063 1073 1197 1107 animos
1213 1084 1332 1108 earum
1348 1072 1560 1118 postliminio
1576 1071 1735 1117 explora-

116 1136 188 1173 ret;
211 1136 393 1179 utramque
408 1134 550 1179 reperit,
575 1146 642 1168 non
674 1134 790 1169 animo
811 1134 990 1175 duntaxat,
1020 1135 1082 1169 sed
1100 1138 1133 1169 et
1152 1146 1298 1181 corpore
1323 1135 1566 1175 firmissimam,
1585 1138 1618 1168 et
1633 1145 1734 1168 voca-

115 1195 219 1229 tionis
242 1206 316 1230 suae
343 1195 615 1230 tenacissimam.
638 1196 714 1234 Quo
747 1196 926 1242 inopinato
959 1200 1085 1231 eventu
1111 1197 1207 1237 laeta,
1245 1200 1423 1231 auctorem
1460 1196 1528 1230 illis
1549 1196 1674 1231 mentis
1694 1196 1736 1230 ad

114 1257 259 1292 meliora
273 1257 461 1291 illustratae
476 1258 612 1303 aperit;
636 1262 672 1292 ut
704 1258 868 1305 deinceps
883 1259 916 1293 in
938 1259 1085 1294 obscuro
1106 1263 1140 1293 et
1164 1259 1263 1294 devio
1282 1259 1526 1299 tentationum,
1546 1259 1733 1293 Laternam

113 1318 265 1353 habeant
291 1330 354 1364 pro
381 1319 505 1365 pharo,
541 1319 585 1353 ad
615 1331 718 1365 quem
745 1320 863 1355 oculos
882 1325 916 1356 et
947 1325 1037 1362 vota,
1057 1321 1229 1356 secundos
1254 1321 1288 1355 in
1319 1321 1513 1366 procelloso
1546 1321 1627 1355 vitae
1645 1321 1731 1355 mari

114 1391 248 1421 cursus,
267 1381 474 1426 pariturum,
494 1380 662 1427 dirigant.

162 1442 243 1476 Non
264 1453 340 1476 eam
367 1442 506 1488 quidem
526 1443 588 1477 Dei
607 1454 722 1483 servo,
757 1454 860 1488 quam
882 1444 1014 1478 meritis
1033 1444 1105 1479 suis
1136 1448 1341 1479 consecutus
1362 1445 1420 1485 sit,
1460 1444 1621 1490 gloriam,
1643 1456 1732 1480 mor-

113 1507 181 1538 tem
201 1508 295 1539 certe
323 1504 427 1545 illam,
458 1517 526 1551 qua
547 1505 595 1539 ita
625 1517 726 1539 suum
744 1506 807 1540 Dei
827 1517 981 1541 amorem
1006 1510 1039 1541 et
1062 1505 1244 1553 religionis
1264 1506 1416 1541 studium
1431 1506 1608 1553 professus
1625 1511 1730 1548 esset,

113 1565 169 1611 pie
204 1565 381 1600 invidebat
416 1567 542 1601 Petrus
574 1567 726 1613 Skarga.
763 1568 800 1601 In
833 1580 895 1601 suo
931 1568 986 1602 hic
1018 1568 1202 1603 Societatis
1241 1568 1482 1614 ApologeticO,
1522 1573 1622 1614 parte
1653 1569 1733 1603 libri

113 1632 233 1672 quarta
253 1627 299 1674 (1),
323 1629 537 1663 enumeratis
552 1629 634 1663 viris
654 1641 672 1663 e
692 1629 866 1664 Societate
885 1630 1065 1675 religionis
1097 1642 1204 1664 causa
1224 1631 1368 1670 enectis,
1395 1631 1485 1665 inter
1511 1642 1582 1672 eos,
1605 1632 1729 1677 inquit,

112 1693 229 1724 noster
244 1702 379 1736 quoque
394 1691 571 1725 Martinus
588 1692 742 1726 Laterna
773 1703 836 1726 suo
858 1692 982 1726 merito
1002 1696 1164 1727 censetur
1182 1704 1187 1726 :
1214 1707 1228 1720 α
1252 1692 1305 1726 vir
1323 1704 1384 1738 per
1402 1693 1601 1728 universam
1626 1694 1731 1729 Polo-

116 1765 131 1779 «
149 1751 241 1786 niam
261 1752 419 1787 doctrina
442 1756 476 1788 et
502 1753 584 1787 vitae
611 1753 841 1787 sanctimonia
861 1754 1086 1788 concionator
1106 1754 1256 1801 inclytus
1273 1768 1280 1795 ;
1303 1767 1404 1800 quem
1421 1767 1486 1801 ego
1508 1760 1607 1790 trans
1636 1769 1731 1792 mare

114 1826 129 1840 α
146 1813 212 1847 hoc
225 1817 326 1859 pacto
345 1814 435 1855 misi,
447 1818 483 1848 ut
501 1827 562 1860 pro
579 1827 633 1849 me
651 1815 743 1860 apud
763 1815 899 1861 Regem
910 1816 1183 1855 serenissimum,
1200 1816 1385 1850 Dominum
1405 1829 1531 1858 meum,
1546 1818 1729 1853 conciona-

116 1890 130 1904 κ
152 1881 269 1918 retur;
287 1889 308 1911 a
322 1877 545 1923 navigatione
560 1878 621 1912 illa
640 1878 815 1912 desideria
834 1882 1046 1924 conatusque
1072 1890 1166 1913 meos
1199 1883 1378 1913 senectute
1402 1891 1480 1914 inea
1506 1880 1725 1924 prohibente.

114 1952 128 1966 a
149 1938 254 1984 Atqui
274 1950 356 1985 ego,
385 1944 421 1974 ut
448 1940 624 1974 Martinus
660 1940 840 1986 religionis
872 1940 988 1985 gratia
1015 1952 1078 1985 pro
1097 1952 1151 1975 me
1184 1940 1438 1975 interficeretur
1470 1940 1514 1974 ab
1536 1941 1726 1981 haereticis,

115 2014 130 2028 ιι
150 2001 328 2046 negotium
354 2001 420 2047 ipsi
450 2002 624 2036 enimvero
651 2002 731 2036 dedi
758 2002 891 2036 nullum
910 2015 915 2035 :
942 2013 1021 2036 nam
1046 2006 1080 2036 et
1099 2003 1187 2037 istuc
1207 2014 1269 2048 per
1288 2014 1355 2042 me,
1378 2007 1412 2037 et
1441 2014 1550 2048 nuper
1569 2008 1727 2049 poteram

114 2076 129 2090 α
151 2065 185 2097 et
202 2062 306 2098 hodie
324 2075 461 2109 possem
491 2065 625 2111 exequi.
650 2066 677 2099 O
707 2065 750 2099 mi
771 2065 877 2104 Deus,
912 2065 1045 2098 utinam
1071 2065 1136 2099 hoc
1163 2069 1222 2099 tuo
1250 2065 1420 2100 beneficio
1439 2065 1628 2112 aliquando
1648 2079 1725 2113 per-

114 2139 129 2153 κ
145 2124 241 2159 fruar
255 2126 261 2160 !
286 2125 349 2160 Ille
365 2130 447 2160 natu
468 2127 593 2167 minor,
616 2127 672 2173 qui
693 2138 746 2161 me
762 2127 1044 2161 concionatorem
1059 2127 1104 2161 ad
1123 2131 1328 2173 suggestum
1344 2128 1494 2163 triennio
1511 2130 1723 2171 sectabatur,

113 2201 128 2214 α
146 2198 371 2232 mearumque
391 2188 631 2233 prolixitudini
647 2189 843 2223 orationum
860 2200 902 2223 ex
930 2188 1126 2234 horologio,
1153 2189 1246 2233 quod
1273 2201 1390 2223 secum
1408 2189 1590 2230 afferebat,
1611 2191 1726 2227 mode-

113 2262 128 2276 «
150 2248 295 2283 rabatur
312 2262 319 2289 ;
341 2249 400 2283 ille
419 2261 472 2284 me
501 2250 783 2285 adolescentulus
811 2249 948 2284 adeam
967 2253 1037 2284 tam
1056 2250 1228 2285 illustrem
1253 2263 1418 2286 coronam
1436 2253 1624 2288 antevertit
1642 2253 1648 2287 !
1674 2254 1726 2287 Ita

113 2324 128 2338 a
156 2310 287 2345 scilicet
306 2311 486 2345 novissimi
504 2312 592 2346 finnt
606 2312 720 2358 primi.
741 2312 842 2347 Nunc
863 2324 927 2358 ego
956 2324 1022 2357 quo
1037 2312 1179 2347 tandem
1199 2314 1309 2358 pretio
1329 2325 1450 2359 poenas
1473 2315 1558 2349 meis
1574 2316 1726 2361 peccatis

113 2385 128 2400 α
146 2372 281 2408 debitas
294 2373 464 2408 redimam
482 2375 495 2409 2
515 2375 594 2409 Non
612 2375 660 2409 ita
676 2375 817 2409 violenti
833 2380 913 2409 sunt
932 2375 1055 2409 Poloni
1070 2376 1157 2416 mei;
1176 2377 1233 2422 qui
1254 2389 1316 2412 nos
1335 2378 1380 2412 ad
1399 2379 1569 2424 ejusmodi
1580 2380 1725 2424 praemia

113 2447 128 2462 α
151 2435 334 2479 proritent,
356 2435 525 2470 duntaxat
540 2448 605 2470 non
622 2437 820 2482 adurgeant
840 2441 904 2471 etc.
931 2454 946 2467 n

151 2502 188 2538 (1)
204 2503 295 2531 Proba
310 2503 424 2530 Zalfomz
439 2503 587 2532 *S'zwiccatzxn

1765 390 1826 416 1593

1759 1835 1831 1861 Petri

1759 1874 1860 1908 Skarga

1757 1912 1860 1955 deside-

1758 1959 1836 1977 rium.
