2184 2953
253 417 316 443 1584

253 499 348 526 Cardi-

251 540 325 565 nales
343 539 381 565 vi-

253 580 315 604 sunt
328 578 386 605 Col-

252 619 362 653 legium,

252 662 278 687 et
295 669 396 688 accum-

251 701 318 727 bunt
337 710 395 727 con-

252 741 324 767 vivae.

255 1172 386 1200 Suburba-

253 1221 316 1238 num
336 1213 378 1238 do-

252 1254 299 1278 nat
317 1252 396 1278 Radi-

252 1291 341 1317 villus.

304 1395 345 1420 24.

253 1434 396 1461 Existima-

253 1474 291 1500 tio
309 1473 396 1507 digni-

252 1513 318 1538 tatis
331 1513 379 1538 Ra-

252 1554 347 1580 divilli.

253 1702 385 1736 Frugiferi

251 1742 351 1768 labores
370 1742 396 1768 in

254 1782 370 1808 Livonia.

425 315 484 346 120
787 317 1058 349 LITUANICARUM
1083 320 1294 349 SOCIETATIS
1315 320 1399 349 JESU
1424 320 1676 350 HISTORIARUM

425 407 595 454 ejusmodi
615 408 851 454 cogitantibus
871 411 998 452 Sociis
1031 411 1076 446 ad
1096 411 1290 458 Collegium
1309 417 1415 459 atque
1435 413 1537 448 etiam
1557 414 1591 448 in
1612 413 1815 454 triclinium,
1836 413 1900 447 sub
1914 416 2050 458 tempus

424 472 587 513 coenulae,
616 473 872 509 benevolentiae
901 487 974 510 suae
993 476 1226 511 testificandae
1250 488 1369 518 causa,
1394 489 1432 512 se
1459 477 1654 512 conferunt.
1683 477 1764 518 Hie,
1790 477 1932 511 remotis
1956 475 2049 510 arbi-

423 535 500 576 tris,
532 535 714 571 Sociorum
733 537 974 583 hospitalitate
992 538 1061 572 frui
1089 539 1154 573 sibi
1178 539 1330 585 placuit;
1362 539 1450 573 nihil
1470 539 1503 573 in
1525 539 1731 585 frugalitate
1750 550 1893 581 mensae,
1916 542 1950 574 et
1968 549 2049 573 con—

423 597 583 633 vivarum
601 599 799 644 humilitate
814 601 1085 645 aspernantibus
1105 613 1111 635 :
1130 602 1284 648 Georgio
1304 602 1482 637 cardinale
1497 602 1602 637 etiam
1618 602 1859 642 confirmante,
1878 612 2049 647 nusquam

423 671 461 694 se
480 660 611 696 lautius
627 661 901 708 jucundiusque,
920 674 1023 708 quam
1043 664 1077 698 in
1097 664 1245 698 istorum
1264 664 1480 710 parsimonia
1501 665 1738 699 convictorum
1754 678 1761 706 3
1783 665 1819 699 in
1834 675 1902 710 qua
1916 663 2049 698 familia

424 733 461 757 se
474 723 550 769 Jam
574 723 656 758 olim
675 724 815 759 Socium
842 724 1061 766 habuissent,
1092 726 1264 772 pullatum
1297 727 1429 762 scilicet
1456 727 1614 762 similiter
1640 740 1646 761 :
1669 727 1877 761 suavissimo
1906 726 1979 766 illo,
2013 729 2050 759 ut

423 784 555 830 ajebat,
578 797 645 831 quo
665 797 703 820 se
721 786 878 832 religiosi
901 787 959 821 isti
978 787 1106 822 fratres
1125 788 1278 822 vicissim
1298 787 1504 834 dignantur,
1523 792 1684 823 ornatum
1703 788 1908 835 pronomine
1928 789 2048 822 Caris-

421 848 526 887 simi‚·
546 859 619 893 prae
650 859 717 893 quo
749 859 888 882 omnem
915 848 1100 895 profanum
1132 850 1369 896 splendorem,
1405 856 1439 885 et
1471 851 1766 897 contortuplicata
1785 850 1847 885 illa
1867 860 2047 884 munerum

422 907 610 943 illustrium
634 909 806 944 vocabula
825 910 964 951 tacitus
1000 915 1038 946 ut
1068 911 1104 946 hi
1136 911 1266 946 fratres
1288 912 1458 953 facerent,
1486 912 1658 958 laetusque
1689 915 1948 952 contemneret;
1983 910 2049 944 nisi

421 981 522 1005 suum
536 970 700 1006 ineundae
715 971 901 1007 Societatis
915 973 936 1007 J
941 985 1003 1008 esu
1014 973 1199 1008 consilium
1215 974 1454 1020 impedivisset
1466 974 1646 1009 pontificis
1658 974 1781 1009 summi
1795 973 1985 1008 auctoritas
2000 972 2046 1018 (1).

423 1032 598 1067 Germana
629 1033 734 1079 plane
765 1034 897 1080 pietate
929 1036 1033 1082 hujus
1067 1036 1258 1071 cardinalis
1294 1035 1403 1071 frater
1435 1036 1637 1072 Stanislaus
1665 1035 1880 1076 Radivillus,
1910 1033 2048 1069 Nicolai

422 1094 571 1141 palatini
603 1095 784 1131 Vilnensis
802 1097 896 1132 filius
914 1102 999 1132 natu
1028 1099 1206 1138 minimus,
1234 1098 1490 1133 mareschallus
1514 1103 1588 1133 tum
1612 1098 1802 1137 Lituaniae,
1832 1096 1959 1132 deinde
1986 1096 2048 1131 Sa-

422 1158 578 1203 inogitiae
598 1159 796 1205 praefectus,
819 1160 973 1206 benigne
993 1161 1115 1196 Socios
1132 1165 1165 1195 et
1182 1162 1257 1207 ipse
1277 1161 1492 1207 complexus,
1511 1160 1680 1197 Vilnense
1696 1160 1934 1196 suburbanum
1949 1171 2049 1194 suum

424 1220 603 1262 Lubiszki,
625 1222 775 1268 primum
794 1222 894 1263 illud,
913 1223 1005 1269 quod
1024 1224 1260 1263 narravimus,
1280 1224 1528 1259 haereticorum
1546 1224 1761 1259 advenarum
1776 1222 2046 1270 receptaculum,

423 1282 459 1316 in
485 1283 577 1318 valle
600 1284 646 1318 ad
675 1295 814 1319 amnem
830 1286 960 1320 Viliam
981 1297 1120 1320 amoeno
1140 1286 1216 1320 loco
1246 1286 1362 1327 situm,
1385 1286 1544 1332 Collegio
1568 1299 1645 1321 cum
1663 1286 1779 1321 fundis
1798 1285 1932 1332 praedio
1951 1284 2049 1330 adJa-

424 1345 584 1380 centibus
603 1345 758 1381 donavit.

472 1408 567 1444 Usus
586 1408 667 1443 inde
692 1408 868 1455 Georgius
889 1409 1072 1444 Sociorum
1092 1420 1197 1455 opera
1225 1409 1261 1443 in
1286 1409 1447 1444 Livonia.
1472 1410 1510 1444 In
1538 1412 1673 1442 tantam
1698 1407 1810 1453 pietas
1841 1417 1904 1440 sua
1931 1405 2047 1441 existi-

423 1470 612 1506 mationem
631 1476 789 1513 venerat,
808 1476 845 1506 ut
863 1483 926 1517 pro
943 1472 1201 1518 sapientissimo
1221 1472 1512 1517 sanctissimoque
1530 1470 1695 1517 pontifice
1712 1469 1756 1504 ab
1777 1469 1937 1503 omnibus
1957 1468 2047 1503 cole-

423 1537 532 1568 retur.
555 1533 747 1579 Negabant
775 1534 840 1579 ipsi
861 1534 966 1567 etiam
985 1545 1028 1568 ex
1053 1534 1236 1568 Moscmia
1264 1533 1389 1568 incolae
1409 1532 1589 1573 Photiani,
1617 1532 1799 1578 episcopos
1823 1542 1904 1565 suos
1929 1541 2048 1565 omnes

422 1594 777 1641 archiepiscoposque
800 1596 927 1641 dignos
952 1607 1042 1636 esse,
1065 1596 1123 1641 qui
1146 1595 1416 1630 admitterentur
1442 1594 1498 1630 vel
1516 1595 1561 1628 ad
1580 1594 1687 1640 pedes
1715 1593 1818 1639 hujus
1847 1593 1935 1627 tanti
1958 1593 2047 1626 anti-

423 1657 515 1692 stitis
544 1657 767 1692 osculandos.
791 1658 989 1703 Campanus
1017 1668 1154 1704 quoque
1184 1658 1341 1704 perrexit
1371 1658 1406 1691 in
1431 1657 1628 1696 Livoniam‚
1651 1660 1729 1702 post
1761 1655 2047 1701 disceptationem

423 1719 519 1754 illam
539 1719 582 1754 de
601 1720 764 1766 ponendo
796 1719 950 1754 Grodnae
982 1720 1171 1760 domicilio,
1200 1731 1221 1754 a
1249 1731 1334 1765 rege
1363 1731 1440 1754 cum
1468 1719 1560 1753 bona
1587 1718 1703 1764 gratia
1730 1717 1906 1752 dimissus.
1936 1715 2047 1751 Multa

422 1781 510 1816 inibi
530 1793 673 1816 suorum
704 1781 836 1816 laboris
865 1786 898 1817 et
925 1781 1110 1817 industriae
1137 1781 1239 1817 laetus
1268 1781 1438 1827 comperit
1466 1781 1673 1815 documenta
1702 1791 1708 1813 :
1735 1791 1805 1814 non
1832 1790 1891 1814 eos
1911 1778 2049 1813 demum

423 1855 590 1890 magnam
608 1848 743 1890 partem
768 1855 845 1879 esse
865 1844 1017 1879 Livones
1043 1845 1276 1890 Estonesque,
1305 1855 1392 1889 quos
1416 1854 1528 1889 nuper
1555 1842 1756 1887 reliquisset
1779 1854 1785 1875 ε
1807 1840 1953 1875 fractam
1972 1851 2048 1875 esse

426 1907 666 1941 ministrorum
685 1907 932 1942 haereticorum
950 1907 1135 1941 audaciam
1159 1920 1165 1941 2
1189 1906 1395 1941 conciliatos
1415 1905 1543 1940 civium
1566 1916 1651 1950 erga
1679 1904 1801 1939 Socios
1827 1903 1871 1938 ad
1898 1902 2048 1937 benevo-

424 1968 569 2004 lentiam
594 1970 759 2003 animos:
783 1969 889 2015 Rigae
920 1970 1046 2003 fundos
1071 1970 1147 2015 Jam
1176 1969 1322 2014 aliquot,
1357 1967 1448 2002 unde
1479 1979 1634 2002 annuum
1666 1970 1850 2012 caperetur
1881 1964 2044 2010 vectigal,

423 2032 533 2066 civico
561 2036 705 2067 senatus
728 2031 887 2066 consulto
912 2032 1151 2078 emancipatos
1174 2044 1180 2066 z
1203 2030 1355 2065 infantes
1378 2030 1473 2076 ipsos
1500 2033 1698 2075 nongentos
1726 2028 1949 2075 septuaginta
1974 2039 2047 2061 am-

422 2093 515 2139 plius
534 2094 679 2129 lustrico
697 2095 862 2141 baptismi
885 2095 980 2129 fonte
1007 2094 1146 2129 ablutos
1167 2106 1173 2128 :
1192 2093 1388 2139 complures
1407 2092 1502 2126 viros
1521 2091 1751 2137 foeminasque
1770 2090 1824 2125 vel
1842 2101 1863 2123 a
1882 2089 2046 2136 supersti-

422 2156 591 2197 tionibus,
610 2157 666 2192 vel
683 2157 729 2191 ab
747 2157 876 2192 haeresi
894 2157 939 2191 ad
959 2157 1165 2203 religionem
1191 2162 1225 2191 et
1248 2155 1378 2190 rectius
1397 2154 1480 2189 vitae
1504 2155 1701 2189 institutum
1728 2158 1911 2188 revocatos
1935 2165 1941 2186 :
1964 2152 2046 2197 quin

423 2219 541 2265 aliqua
560 2220 665 2254 etiam
693 2221 780 2254 mira
807 2232 870 2266 per
889 2220 1011 2255 Socios
1035 2220 1202 2254 (livinitus
1230 2222 1371 2264 patrata
1393 2231 1399 2251 :
1423 2228 1514 2263 aqua
1533 2217 1671 2251 lustrali
1686 2215 1917 2261 amuletisque
1937 2215 2045 2249 sacris

423 2281 569 2327 depulsa
596 2283 705 2317 multa
729 2283 929 2317 morborum
961 2294 1106 2329 genera,
1136 2281 1317 2320 veneficia,
1348 2280 1512 2314 terricula
1540 2279 1825 2314 cacodaemonum
1855 2290 1860 2311 :
1892 2277 2045 2312 rationes

423 2343 512 2378 lucri
539 2345 668 2379 accolis
687 2346 794 2379 maris
814 2345 942 2380 Baltici
970 2345 1058 2379 miro
1078 2344 1180 2379 modo
1200 2343 1391 2378 restitutas
1416 2343 1418 2345 ’

472 2407 716 2445 Querebantur
734 2407 798 2448 illi,
821 2408 999 2453 regionem
1020 2418 1119 2441 suam
1138 2405 1360 2445 maritimam,
1387 2404 1467 2438 olim
1487 2405 1622 2451 piscatu
1642 2404 1769 2450 oppido
1792 2406 2040 2449 quaestuosam,

422 2468 528 2504 hodie
547 2469 700 2503 omnium
721 2481 797 2504 esse
821 2469 1095 2503 infelicissimam
1115 2480 1156 2503 cx
1185 2480 1224 2502 eo
1247 2467 1322 2512 jam
1349 2470 1519 2513 tempore,
1537 2479 1604 2512 quo
1620 2466 1768 2501 advenae
1788 2464 1979 2500 Lutherani
1997 2463 2043 2497 ad

463 2544 508 2584 (1)
533 2544 592 2575 viu.
613 2547 672 2574 libri
688 2546 911 2580 ejusdemfflum.
932 2546 981 2573 13.
