2184 2953
245 402 305 429 1581

246 535 270 561 P.
286 535 379 562 Marti-

242 577 270 602 ni
283 577 370 602 Later-

241 624 274 641 na
286 616 386 642 labores

242 657 386 683 castrenses

237 1135 301 1162 1582

233 1610 344 1644 Stepha-

233 1658 282 1676 nus
306 1651 360 1676 Rex

231 1689 295 1715 visit
305 1689 379 1716 Livo-

231 1728 311 1755 niam.

231 2058 305 2092 Rigae
324 2059 358 2085 si-

229 2101 281 2126 tus.

228 2331 354 2365 Reliquiae

227 2373 330 2407 collegii

227 2413 294 2439 sacri
304 2413 362 2439 Vir-

226 2452 306 2485 ginei.

418 301 476 332 100
805 302 1075 330 LITUANICARUM
1102 302 1311 330 SOCIETATIS
1333 303 1418 331 JESU
1443 303 1695 332 HISTORIARUM

417 395 579 440 utrinque
600 406 664 441 per
694 395 831 441 legatos
855 392 1088 440 jurejurando
1121 392 1345 435 confirmata;
1375 395 1602 440 praestolante
1632 395 1767 430 interea
1789 396 1920 431 nuntiis
1958 407 2044 442 rege

416 456 595 503 Stephano
623 457 753 497 Vilnae,
775 460 809 492 et
827 457 872 491 ad
899 460 1030 491 motum
1050 455 1246 489 Russorum
1266 467 1402 491 omnem
1422 462 1549 492 erecto.
1574 457 1642 492 Per
1662 457 1696 492 id
1720 462 1856 503 tempus
1876 459 1919 492 P.
1941 458 2042 493 Mar-

415 519 510 554 tinus
529 521 683 555 Laterna
701 520 737 554 in
756 518 862 564 regiis
880 518 973 564 apud
992 517 1214 553 Plescoviam
1233 520 1358 554 castris
1379 520 1535 555 laborem
1554 521 1718 556 curandis
1742 521 1890 556 militum
1914 522 2041 557 animis

414 582 551 616 naviter
584 581 820 628 impendebat.
860 580 946 625 Ejus
982 580 1097 614 studio
1129 582 1366 616 sustinebatur
1401 582 1491 615 inter
1517 582 1643 617 milites
1675 583 1797 628 pietas,
1829 582 2042 617 tollebantur

414 642 625 684 discordiae,
665 642 934 688 expugnabatur
960 641 1132 682 haeresis,
1172 643 1315 688 aegrotis
1351 647 1386 678 et
1421 644 1637 679 moribundis
1669 656 1775 691 opera
1811 656 1875 680 sua
1908 649 2039 691 praesto

415 711 503 744 erat.
539 709 579 742 In
611 707 670 742 1110
706 707 778 742 3016
815 717 855 740 ac
890 705 1035 751 pulvere
1070 705 1163 740 idem
1189 707 1233 740 ad
1263 706 1414 752 Regem,
1437 707 1601 751 quamdiu
1638 707 1666 741 is
1702 707 1835 747 aderat,
1870 708 1962 743 idem
1995 709 2041 743 ad

412 781 575 816 proceres
602 772 636 803 et
666 779 793 814 agmen
824 767 1074 813 promiscuum,
1096 768 1191 802 omni
1218 768 1343 803 feriato
1375 767 1444 808 die,
1468 769 1606 814 gemina
1637 769 1817 810 concione,
1849 770 2041 805 vernacula

413 836 447 869 et
474 832 597 872 latina,
621 830 761 865 divinus
786 841 902 875 praeco
929 829 1037 864 verba
1068 829 1210 864 incense
1234 830 1435 876 utiliterque
1463 830 1623 866 faciebat.
1660 831 1747 866 Post
1772 843 1864 866 nova
1893 832 2042 878 denique

413 893 558 930 consilia
577 892 716 937 aliaque
748 891 830 926 hinc
848 891 1051 932 certamina,
1083 902 1147 937 per
1171 891 1310 937 legatos
1338 893 1521 939 utriusque
1553 895 1681 940 gentis,
1710 895 1746 930 in
1765 907 1891 941 pagum
1916 895 2040 931 Chive-

411 956 624 996 rovahorka,
650 954 776 1000 viginti
807 953 956 1000 amplius
984 954 1131 989 millium
1162 955 1347 990 intervallo
1382 956 1427 990 ab
1459 958 1586 1003 oppido
1619 958 1803 993 Plescovia
1834 959 2037 1001 distantem,

413 1018 559 1055 consilio
579 1016 765 1052 Possevini
783 1015 949 1051 collectos
967 1016 1261 1062 (quandoquidem
1275 1018 1351 1063 jam
1368 1030 1430 1064 per
1448 1019 1584 1055 foedera
1602 1021 1685 1055 111110
1700 1022 1876 1056 Basilides
1893 1022 2038 1057 Polonis

410 1082 576 1117 universa
594 1079 733 1114 cederet
757 1078 919 1117 Livonia,
941 1078 1038 1112 illinc
1056 1078 1257 1123 Stephanus
1281 1080 1441 1121 castella,
1462 1082 1621 1128 proximo
1649 1088 1749 1129 capta
1769 1084 1923 1124 biennio,
1945 1084 2040 1118 Mos-

411 1145 486 1180 chis
504 1142 677 1187 redderet)
691 1152 760 1187 pax
774 1140 811 1175 in
825 1152 936 1175 annos
956 1141 1076 1176 decem
1091 1140 1213 1175 XVIII
1229 1141 1373 1177 kalend.
1394 1143 1588 1179 februarias
1610 1145 1702 1180 1582
1720 1145 1882 1190 utrinque
1901 1145 2039 1180 confici-

408 1211 466 1242 tur
484 1205 530 1252 (1).
554 1205 640 1251 Ejus
658 1203 709 1239 rei
722 1202 838 1237 nuntii
857 1202 991 1237 dimissi
1010 1202 1190 1244 continuo,
1209 1203 1268 1249 qui
1286 1209 1470 1240 monerent
1487 1205 1666 1247 finitimos,
1691 1210 1728 1241 111
1755 1207 1799 1241 ab
1827 1206 2039 1242 excursioni-

407 1271 485 1311 bus,
502 1266 740 1314 populatione,
762 1266 970 1312 injuriisque
989 1266 1055 1300 sibi
1074 1265 1227 1301 vicissim
1258 1266 1462 1307 inserendis,
1485 1268 1780 1313 conquiescerent.
1806 1269 1971 1305 Confecto
1990 1270 2036 1304 ita

406 1331 563 1378 negotio,
585 1329 801 1364 Possevinus
820 1327 960 1374 quidem
974 1328 1012 1362 in
1032 1328 1250 1363 Moscoviam
1275 1329 1317 1363 ad
1335 1329 1477 1364 relictos
1493 1341 1556 1376 pro
1577 1341 1614 1364 se
1634 1331 1787 1371 obsides,
1805 1331 2035 1367 Drenoccium

409 1400 444 1433 et
461 1395 673 1435 Morienum,
696 1392 897 1438 Stephanus
925 1401 1007 1426 vero
1033 1401 1106 1431 reX‚
1129 1390 1282 1432 visurus,
1304 1391 1363 1436 qui
1381 1391 1525 1426 tandem
1548 1395 1659 1426 status
1687 1396 1780 1427 esset
1800 1392 1984 1439 religionis
2002 1393 2039 1428 in

407 1456 587 1505 provincia
610 1467 703 1490 nunc
721 1454 910 1494 vindicata,
933 1454 1031 1500 eujus
1050 1452 1200 1487 maxime
1220 1463 1327 1487 causa
1345 1457 1458 1487 totum
1476 1453 1563 1487 illud
1582 1454 1660 1500 pius
1688 1454 1912 1489 sustinuisset
1929 1466 2037 1500 nego-

406 1519 507 1559 tium,
538 1518 668 1564 Rigam
693 1516 729 1550 in
760 1515 882 1550 urbem
913 1514 1073 1550 Livoniae
1092 1514 1297 1560 principem,
1330 1526 1373 1549 ex
1399 1514 1494 1549 eain
1526 1526 1662 1550 0111116111
1694 1515 1791 1550 illam
1815 1516 2037 1562 inspecturus

405 1581 601 1627 regionem,
624 1590 662 1614 se
681 1577 874 1613 conferunt.
897 1577 1028 1623 Rigam
1052 1576 1264 1611 conveniunt
1287 1576 1420 1623 pariter
1434 1588 1455 1612 a
1473 1589 1557 1623 rege
1577 1579 1773 1619 convocati,
1796 1578 1854 1624 qui
1872 1589 1935 1613 sua
1954 1590 2037 1613 con-

405 1644 483 1680 silia
498 1643 540 1679 de
558 1641 740 1687 religione,
757 1640 793 1674 in
807 1651 888 1674 suas
906 1639 955 1674 ibi
970 1639 1188 1674 restituenda
1203 1639 1315 1680 sedeS,
1338 1651 1454 1674 secum
1477 1639 1675 1675 conferrent
1698 1653 1703 1674 :
1730 1640 1905 1686 Georgius
1928 1641 2036 1676 Radi-

404 1706 507 1741 villus
537 1703 774 1743 Vilnensium,
809 1706 843 1737 et
869 1702 1043 1737 Melchior
1070 1694 1250 1748 ‘Giedroyc
1276 1701 1550 1748 Samogitarum‚
1583 1702 1759 1748 episcopi,
1789 1703 1832 1737 de
1860 1702 2034 1738 Societate

404 1770 532 1805 Petrus
553 1766 694 1802 Skarka
709 1770 744 1800 et
758 1765 933 1800 Martinus
956 1766 1123 1800 Laterna.
1151 1764 1239 1798 Erat
1257 1767 1329 1798 tum
1350 1764 1454 1810 Rigae
1477 1767 1632 1809 totaquae
1659 1764 1819 1805 Livonia,
1831 1765 1906 1810 jam
1923 1765 2004 1800 inde
2018 1776 2037 1800 a

403 1829 614 1876 Magisterio
643 1827 833 1863 Guilhelmi
858 1827 1137 1874 Furstembergii
1166 1827 1435 1873 Crucigerorum
1467 1827 1577 1868 ducis,
1609 1828 1666 1872 qui
1695 1828 1826 1873 primus
1859 1829 1950 1864 1557
1970 1840 2033 1864 3110

404 1893 479 1939 ipse
497 1891 655 1937 exemplo
671 1890 779 1936 impia
798 1889 944 1925 Lutheri
962 1890 1125 1936 dogmata
1145 1889 1278 1924 civibus
1297 1889 1368 1923 suis
1387 1888 1478 1923 male
1497 1889 1773 1930 commendarat,
1791 1889 1915 1935 religio
1940 1893 2033 1925 statu

404 1954 605 1990 deterrimo.
629 1952 764 1987 Eversa
782 1951 951 1997 Rigensis
971 1951 1222 1997 archiefuscopi
1250 1951 1393 1996 antiqua
1419 1951 1520 1986 sedes
1539 1951 1587 1998 (2):
1610 1951 1817 1997 dissipatum
1842 1953 2033 1988 Canonico-

404 2028 481 2051 rum
496 2015 683 2060 collegium
706 2026 712 2048 ;
732 2013 874 2060 templa,
898 2024 979 2059 pars
999 2013 1122 2048 ritibus
1142 2013 1351 2059 peregrinis,
1370 2024 1452 2058 pars
1469 2013 1635 2047 nundinis
1654 2013 1814 2054 addicta;
1837 2014 1872 2048 111
1891 2014 2032 2050 civitate

402 2078 461 2112 illa
480 2081 660 2123 portuosa,
681 2076 762 2110 hinc
781 2075 827 2109 ad
846 2075 936 2110 ostia
964 2075 1077 2109 Dunee
1103 2074 1200 2109 fluvii
1219 2074 1441 2120 navigabilis,
1464 2074 1561 2108 1111110
1588 2085 1609 2108 a
1637 2074 1725 2108 mari
1755 2074 1891 2109 Baltico
1911 2075 2030 2111 decem

401 2139 555 2174 millibus
581 2150 747 2184 passuum
777 2138 844 2172 sita
867 2150 873 2171 :
904 2141 942 2172 ut
969 2137 1185 2172 commerciis
1212 2136 1459 2181 nundinisque‚
1489 2135 1538 2170 sic
1567 2137 1762 2182 peregrinis
1796 2136 2028 2182 religionibus

400 2202 623 2247 moribusque
643 2212 663 2236 a
680 2201 816 2241 Suecia,
838 2200 966 2239 Dania,
989 2200 1193 2242 Hollandia,
1214 2200 1357 2246 Anglia,
1377 2205 1411 2234 et
1430 2199 1677 2234 remotioribus
1695 2200 1885 2246 provinciis
1901 2212 2027 2246 oppor-

399 2269 498 2300 tuna.
516 2264 634 2298 Unum
654 2274 694 2297 ea
714 2264 748 2297 in
764 2263 848 2298 urbe
862 2263 1040 2308 integrum
1054 2273 1075 2296 a
1096 2262 1272 2297 communi
1289 2261 1368 2296 labe
1387 2265 1565 2307 repertum
1585 2261 1779 2307 Collegium
1795 2275 1801 2303 ;
1820 2262 1856 2296 in
1874 2274 1940 2308 quo
1956 2267 2028 2298 tres

400 2328 487 2373 ipsae
515 2338 557 2361 ex
577 2325 708 2360 Ordine
734 2326 1017 2360 Cisterciensium
1046 2336 1146 2360 sacro
1180 2324 1315 2359 devotae
1344 2324 1482 2358 Christo
1504 2324 1673 2370 virgines,
1696 2336 1815 2370 eaeque
1835 2329 1938 2360 aetate
1951 2327 2026 2372 jam

402 2389 548 2428 devexa,
570 2387 752 2432 religionis
779 2388 996 2433 institutique
1024 2390 1077 2424 sui
1109 2393 1263 2429 tenaces,
1289 2388 1388 2434 quasi
1422 2388 1567 2423 totidem
1606 2399 1649 2423 ex
1667 2388 1846 2423 vindemia
1880 2390 2023 2431 racemi,

402 2451 574 2486 restitere.
598 2450 679 2490 Hic,
701 2454 820 2484 coacto
839 2450 991 2485 civitatis
1023 2455 1160 2492 senatu,
1182 2461 1243 2485 rex
1270 2454 1388 2484 monet
1415 2450 1545 2485 diserte
1571 2450 1676 2492 cives,
1698 2454 1744 2490 ut,
1766 2451 1929 2496 quoniam
1957 2463 2020 2498 per

444 2511 483 2550 (1)
498 2513 554 2540 Pax
571 2514 718 2541 conficitur
734 2513 807 2540 inter
825 2513 946 2541 l'olonos
964 2516 990 2541 et
1005 2513 1148 2542 Mosehos.
1171 2529 1203 2532 <—
1231 2512 1271 2549 (2)
1287 2512 1318 2540 V.
1332 2514 1379 2542 lib.
1396 2513 1417 2549 1,
1431 2522 1457 2541 11.
1481 2515 1507 2541 1.
