2184 2953
257 380 319 405 1630

311 418 341 444 41

253 456 394 489 Samogitae

254 500 354 525 hostem
375 500 401 524 et

255 539 353 572 pestem

254 577 382 611 supplica-

248 616 372 642 «tionibus

254 657 285 684 ab
296 665 322 683 se
331 664 400 682 amo-

255 697 325 722 vent.

314 737 346 761 42

256 776 359 802 Tartari

257 816 345 842 hostes
360 814 403 840 de-

258 855 402 889 pelluntur.

315 900 346 924 423

258 939 343 965 Vilnae
364 947 404 964 sa-

258 979 298 1004 lus
308 977 403 1004 civium

259 1018 286 1043 S.
338 1017 404 1042 Ben-

259 1055 321 1080 noni
337 1063 404 1081 com—

258 1094 389 1121 mendata.

262 1246 409 1273 Acoenobio

260 1289 312 1315 PP.
350 1288 410 1315 Car-

259 1327 410 1354 inclitarum

259 1376 289 1394 ex
318 1367 412 1393 hausto

264 1407 350 1433 claves
368 1407 412 1433 So-

259 1447 306 1473 ciis
332 1446 391 1473 offe-

260 1489 362 1514 runtur.

261 1579 291 1604 P.
320 1579 409 1611 Symo-

260 1619 350 1645 novicz
384 1620 410 1644 et

261 1658 291 1684 F.
312 1659 407 1684 Danie-

261 1697 409 1723 ckimortui

261 1738 304 1774 in.
336 1737 408 1762 obse-

262 1778 330 1803 quio.

265 2181 394 2215 Episcopo
401 2193 409 2196 -

264 2232 329 2253 rum,
342 2223 410 2248 Mar-

264 2263 410 2295 tiniSzysz-

266 2301 369 2328 kovskii
386 2301 412 2326 et

265 2340 404 2368 Vollovicii

265 2381 368 2407 merita.

425 281 483 313 288
793 281 1065 312 LITUANICARUM
1091 279 1301 308 SOCIETATIS
1322 280 1407 309 JESU
1432 280 1680 308 lllsTomARUil

428 387 509 410 nam
536 375 795 421 implorantium
815 375 959 410 vocibus
987 374 1096 422 sylvae
1129 377 1163 407 et
1190 372 1399 418 confragosa
1424 371 1501 405 loca
1524 370 1773 405 miserabiliter
1799 370 2048 416 personabant.

427 438 590 472 Valuisse
609 448 730 483 preces
757 437 851 483 apud
876 437 986 471 Deum
1006 448 1088 471 suas
1109 434 1257 470 credidit
1280 433 1442 480 populus,
1473 433 1563 478 quod
1588 437 1622 468 et
1645 432 1844 478 pestilentia
1864 432 1954 466 inter
1975 432 2054 466 haec

428 499 526 540 abiit,
549 502 583 533 et
601 499 711 533 hostis
731 499 848 533 multis
869 498 967 539 locis,
995 498 1089 544 apud
1112 496 1319 531 Trzcianam
1346 495 1495 529 maxime
1524 498 1557 528 et
1582 494 1755 532 Stumum‚
1790 504 1811 526 a
1836 492 2053 526 nostratibus

428 572 553 601 caeSuS,
571 560 728 594 inducias
738 560 772 594 in
788 560 1062 605 quinquennium
1077 563 1199 605 pactus
1214 563 1277 592 est.
1296 557 1437 591 Tartari
1452 568 1601 603 quoque,
1620 557 1678 602 qui
1693 559 1900 602 tempestate
1916 555 2051 596 eadem,

428 623 573 657 ducibus
592 621 706 667 Galga
725 626 759 656 et
781 621 984 662 Cantimiro,
1008 622 1193 667 sexaginta
1223 619 1371 665 amplius
1389 619 1591 654 immanium
1606 618 1759 652 hostium
1773 617 1894 658 millia,
1912 617 1947 651 in
1962 617 2054 652 Rus-

429 684 516 718 siam
536 683 739 718 Polonicam
759 683 970 729 irruperant,
984 684 1128 729 jamque
1148 683 1307 730 proxima
1326 682 1475 717 Socaliae
1494 681 1572 716 loca
1591 681 1719 715 foedum
1741 681 1777 715 in
1797 680 1938 715 modum
1958 691 2055 715 evas-

429 749 558 786 tarant,
586 756 607 779 a
630 744 802 780 Stanislao
824 745 1072 780 Lubomirskio
1090 745 1245 791 palatino
1272 744 1426 783 Russiae‚
1446 748 1479 778 et
1496 743 1674 778 Stanislao
1700 742 1951 784 Chmieleckio‚
1973 753 2055 789 pars

429 807 509 848 fusi,
536 819 617 853 pars
637 806 740 852 capti,
764 818 846 852 pars
864 807 900 840 in
915 818 978 841 sua
993 807 1121 842 cubilia
1134 807 1267 853 rejecti.

482 870 689 915 insequente
712 869 817 903 etiam
835 880 926 903 anno
944 869 1130 905 Vilnenses
1154 870 1245 904 Socii
1269 869 1360 903 inter
1378 868 1501 902 funera
1524 867 1769 901 versabantur.
1794 866 1871 906 His,
1893 865 2055 922 Coelitum

432 932 586 966 omnium
622 931 816 977 patrocinia
840 931 1120 977 implorantibus,
1141 943 1272 978 praeses
1290 929 1509 965 Vilnensium
1532 928 1707 975 palatinus
1726 929 1796 963 Leo
1818 928 1970 974 Sapieha
1987 927 2058 962 cul-

432 998 504 1028 tum
529 994 598 1028 divi
630 994 810 1028 Bennonis
833 993 985 1040 episcopi
1009 994 1117 1040 (cujus
1136 993 1210 1040 ipse
1234 1004 1335 1039 opem
1363 995 1527 1037 expertus
1547 990 1649 1035 esset)
1669 990 1937 1030 commendavit,
1964 993 1999 1024 et
2021 992 2058 1023 ut

432 1067 606 1102 propenso
626 1060 701 1090 erat
720 1055 756 1089 in
787 1055 998 1090 Societatem
1018 1056 1148 1098 animo,
1170 1056 1275 1102 hujus
1299 1055 1393 1090 beati
1412 1053 1575 1099 effigiem,
1602 1057 1675 1087 tota
1694 1052 1784 1086 hanc
1803 1052 1962 1087 Vilnensi
1977 1052 2057 1086 civi-

432 1122 504 1152 tate
524 1117 735 1157 celebrante,
759 1117 988 1163 supplicantis
1006 1118 1073 1152 ritu
1094 1118 1139 1153 ad
1166 1117 1333 1164 templum
1352 1117 1474 1151 domus
1506 1114 1673 1161 professae
1694 1114 1849 1155 deduxit,
1872 1114 1977 1159 inque
1997 1124 2060 1148 ara

434 1191 455 1214 a
489 1190 526 1214 se
554 1183 753 1213 constructa
785 1179 976 1225 proposuit.
1011 1179 1144 1214 Eodem
1171 1179 1287 1214 claves
1312 1177 1431 1224 templi
1463 1176 1681 1222 coenobiique
1707 1176 1762 1210 sui
1785 1175 1944 1215 contulit,
1970 1186 2060 1210 unus

436 1242 588 1276 omnium
621 1253 639 1276 e
679 1253 822 1276 suorum
853 1241 1001 1287 collegio
1025 1245 1215 1287 superstes,
1246 1240 1411 1276 sacerdos
1439 1238 1581 1273 Ordinis
1608 1238 1805 1279 Carmelici,
1835 1249 1897 1284 per
1923 1238 2062 1272 beatam

437 1303 616 1338 Teresiam
635 1303 796 1338 instituti.
825 1304 904 1350 Ipse
931 1315 1068 1350 quoque
1092 1315 1200 1349 aeger,
1227 1315 1268 1338 ac
1292 1302 1495 1349 propediem
1518 1304 1770 1335 consecuturus
1789 1300 1990 1335 demortuos
2008 1312 2061 1335 so-

437 1365 534 1400 dales
557 1376 651 1406 suos,
684 1377 776 1399 curae
790 1365 974 1400 Sociorum
1005 1369 1204 1400 nostrorum
1218 1377 1259 1400 ac
1281 1365 1363 1399 fidei
1378 1375 1414 1398 se
1427 1374 1569 1408 suaeque
1584 1361 1723 1397 familiae
1738 1373 1811 1396 rem
1826 1373 1965 1397 omnem
1980 1373 2059 1408 pre-
2098 1362 2101 1367 '

438 1426 535 1461 cibus
569 1427 837 1461 commendavit.
873 1427 999 1462 Divino
1035 1427 1152 1473 itaque
1179 1427 1343 1474 praesidio
1376 1427 1534 1473 professa
1570 1427 1707 1466 domus,
1734 1437 1777 1460 ex
1808 1437 1875 1472 quo
1907 1430 2063 1472 tempore

439 1489 519 1523 divo
556 1489 714 1523 Bennoni
750 1489 993 1524 commendata
1024 1494 1127 1531 esset,
1163 1490 1253 1524 inter
1279 1489 1554 1535 praesentissima
1585 1488 1738 1535 pericula
1762 1488 1826 1523 suit
1851 1487 2061 1522 incolumis:

439 1555 624 1597 antequam
653 1551 745 1585 hunc
766 1551 885 1585 divum
900 1551 1085 1587 tutelarem
1105 1552 1301 1591 ascivisset,
1323 1551 1462 1586 amissis
1489 1552 1524 1586 in
1539 1552 1652 1586 officio
1667 1551 1864 1591 charitatis,
1886 1550 2061 1584 laboranti

436 1614 569 1649 civitati
589 1614 759 1660 praestito,
793 1614 903 1649 Sociis
935 1615 1095 1649 duobus:
1120 1613 1298 1649 Stanislao
1326 1613 1518 1648 Danieckio
1548 1617 1581 1648 et
1600 1613 1779 1659 Stephano
1812 1612 2059 1659 Symonowiz:

435 1678 500 1712 1100
527 1677 561 1711 111
578 1677 683 1712 rebus
702 1677 901 1712 domesticis
920 1677 1345 1724 adjutore,c0ncionatore
1366 1675 1438 1715 illo,
1464 1675 1539 1709 viro
1555 1673 1685 1708 divinae
1703 1674 1827 1720 glorian
1846 1678 1880 1708 et
1900 1673 2063 1707 humanae

437 1739 561 1774 salutis
578 1739 817 1784 cupidissimo.
836 1739 970 1774 Eadem
993 1743 1180 1785 tempestas
1200 1739 1293 1772 viros
1312 1737 1444 1783 pariter
1466 1736 1638 1771 officiosos
1659 1736 1827 1782 corripuit
1846 1747 1864 1770 e
1889 1736 2063 1770 domicilio

435 1801 648 1836 novitiorum
669 1801 756 1835 duos
772 1802 830 1836 :P.
855 1801 1039 1836 Urbanum
1059 1800 1487 1847 Hepnerum‚Borussuim
1505 1798 1677 1833 hominem
1697 1810 1775 1832 00111
1790 1798 1882 1844 pium
1897 1802 1969 1832 tum
1988 1809 2065 1833 eru-

436 1863 544 1898 ditum
560 1863 751 1909 (1).Primus
769 1863 826 1897 hic
844 1863 1011 1908 magister
1026 1863 1165 1908 praefuit
1184 1861 1360 1896 sodalitati
1374 1861 1629 1895 Germanorum
1644 1859 1778 1900 civicae,
1795 1870 1815 1892 a
1832 1860 1871 1893 P.
1891 1859 2063 1905 Pompilio

435 1926 616 1961 visitatore
648 1925 839 1971 provinciae
863 1925 928 1959 hoc
943 1937 1036 1959 anno
1052 1925 1232 1959 institut-te,
1253 1922 1422 1958 Occubuit
1436 1923 1473 1956 in
1490 1933 1574 1956 cura
1589 1932 1732 1955 suorum
1752 1920 1933 1956 Sodalium
1952 1932 2063 1955 annos

437 1996 538 2026 natus
578 1992 638 2031 4⁶2,
667 1991 797 2025 exactis
833 1991 888 2030 1⁶2,
923 1990 958 2024 in
979 1989 1166 2028 Societate‚
1197 1991 1344 2032 quatuor
1375 1988 1456 2019 vota
1478 1984 1668 2030 professus.
1690 1983 1836 2018 Secutus
1863 1984 1964 2023 hunc,
1981 1995 2064 2018 suus

436 2053 471 2088 in
500 2065 540 2088 eo
564 2054 756 2088 ministerio
782 2053 918 2094 Socius,
945 2051 1141 2087 Stanislaus
1172 2048 1454 2094 Grzegorzevicz‚
1478 2047 1618 2093 adjutor
1640 2046 1764 2086 laicus,
1787 2046 1938 2092 quinque
1961 2057 2067 2092 supra

436 2116 496 2155 70,
535 2127 707 2150 annorum
735 2127 855 2155 senex,
892 2115 940 2150 45
975 2115 1011 2149 in
1035 2113 1208 2149 Societate
1234 2115 1406 2150 versatus,
1435 2113 1469 2144 et
1504 2109 1578 2155 ipse
1612 2108 1694 2142 olim
1730 2119 1792 2154 per
1815 2107 1953 2142 scholas
1973 2112 2066 2143 cate-

437 2178 586 2213 cheticas
610 2182 713 2213 notus
733 2178 867 2213 civitati
886 2178 1023 2212 rudium
1051 2176 1234 2221 magister.
1258 2173 1435 2209 Grandius
1458 2172 1536 2206 aliis
1560 2171 1668 2205 multo
1692 2170 1881 2217 provinciae
1902 2170 2068 2205 damnum

441 2244 494 2275 est
519 2239 647 2284 factum
676 2240 710 2274 in
735 2240 870 2274 duobus
897 2239 981 2274 viris
1009 2238 1247 2284 principibus:
1270 2236 1426 2271 Martino
1451 2234 1686 2281 Szyskovskio
1707 2234 2007 2274 Cracoviensium,
2033 2237 2068 2269 et

441 2301 632 2336 Eustachio
660 2301 709 2334 W
712 2301 853 2336 olowicz
878 2301 1098 2336 Viluensium
1125 2299 1310 2346 episcopis.
1341 2297 1526 2343 Praecipua
1544 2297 1581 2331 in
1608 2297 1661 2331 liis
1684 2297 1818 2331 duobus
1837 2296 1968 2331 amissa
1986 2299 2067 2331 sunt

442 2362 622 2398 Sociorum
637 2363 814 2408 praesidia.
837 2363 1013 2398 Martinus
1032 2362 1207 2397 rudiorem
1227 2364 1365 2395 aetatem
1385 2361 1420 2395 in
1440 2361 1569 2395 scholis
1584 2361 1732 2395 maxime
1748 2359 1936 2395 Societatis
1955 2370 2066 2393 annos

442 2425 591 2472 amplius
615 2425 733 2459 decem
763 2425 941 2460 exercuit:
964 2425 1090 2460 Romae
1113 2425 1279 2470 magistro
1316 2423 1524 2469 eloquentiae
1550 2423 1738 2458 Francisco
1762 2421 1906 2462 Bencio,
1932 2421 2065 2457 theolo-

487 2494 526 2530 (1)
545 2493 696 2523 Praesectus
720 2495 886 2532 germanica:
901 2494 1063 2522 Sodalitatis
1078 2495 1182 2530 primns
1199 2501 1261 2522 cum
1279 2494 1362 2521 socio
1380 2494 1533 2522 occumbit.
