2184 2953
258 390 318 416 16:⁴7

259 531 289 557 P.
311 528 398 556 Jalov-

260 570 311 596 skii
331 569 381 595 elo-

261 616 345 644 glum.

263 881 350 917 Hujus
362 891 407 916 pa-

262 925 360 960 tientia
382 927 409 951 et

262 964 388 991 charitas.

267 1567 388 1595 Obsessis

266 1608 298 1634 ab
310 1608 384 1634 hoste

266 1647 368 1674 civibus

266 1687 351 1714 adest.

432 289 492 322 320
825 292 1104 323 LITUANICARUM
1129 293 1344 323 SOCIETATIS
1366 293 1451 322 JESU
1476 292 1728 321 HISTORIARUM

436 394 512 417 rum
541 383 691 430 hospitio
710 389 945 431 peramanter,
984 397 1060 420 cum
1089 397 1150 420 suo
1182 385 1308 420 comite
1333 385 1554 430 SzembergQ
1577 384 1676 430 regio
1708 384 1882 419 Vladislai
1914 388 2064 420 secreta-

437 444 503 484 rio,
525 445 558 479 in
575 445 757 492 religionis
776 447 918 492 negotio
933 448 976 481 ad
991 439 1111 492 regem
1130 448 1316 481 Persarum
1332 458 1353 480 a
1374 447 1518 480 Polonis
1534 451 1687 481 oratore.

487 507 516 541 E
537 507 694 554 Collegio
714 508 967 543 Smolenscano
993 509 1038 542 ad
1055 520 1201 554 regnum
1226 513 1442 543 mortuorum
1470 508 1555 542 abiit
1584 508 1624 543 P.
1656 508 1813 543 Joannes
1844 508 2062 549 Jalovskffls,

443 580 501 604 an.
523 570 610 605 1611
633 583 640 612 ;
667 582 733 616 quo
753 571 787 604 in
807 570 942 611 urbem,
965 571 1071 605 armis
1085 571 1297 605 Polonorum
1312 576 1502 616 receptam,
1519 582 1538 605 e
1552 571 1677 605 castris
1692 570 1971 616 Sigismundilll
1987 583 2065 606 cum

438 626 563 672 Sociis,
580 632 701 678 primis
732 633 807 678 ejus
838 632 985 667 coloniae
1017 633 1205 674 satoribus,
1240 633 1508 678 commigrarat;
1537 644 1649 667 annos
1669 633 1889 668 continenter
1912 633 2065 668 tricenos

437 693 587 740 amplius
606 694 848 729 Smolenscani
868 695 984 729 incola
1000 694 1180 736 domicilii,
1203 700 1366 730 strenuus
1386 694 1477 729 idem
1504 695 1538 729 in
1571 694 1674 729 vinea
1702 695 1841 729 Domini
1868 695 2060 741 operarius.

436 755 554 791 Multa
567 756 627 792 ille
646 757 804 791 hocloco
826 757 898 802 egit
917 761 952 792 et
970 757 1136 792 sustinuit
1155 757 1269 792 studio
1290 757 1473 802 religionis
1488 757 1685 791 catholicae.
1709 757 1757 791 Ut
1774 757 1851 792 haec
1873 757 2000 792 civitas
2032 761 2065 793 et

436 822 510 853 tota
529 819 708 864 provincia
728 819 1050 865 oppugnationibus
1086 830 1107 853 a
1142 819 1321 853 Moscovia
1361 823 1395 853 et
1426 819 1622 853 latrociniis
1655 822 1757 853 erant
1787 818 1927 859 infesta,
1957 819 2065 865 ipsius

438 893 574 927 quoque
593 881 749 916 charitas
769 884 803 916 et
821 881 1010 916 tolerantia
1030 881 1198 927 gravibus
1219 881 1447 916 exercebatur
1478 881 1657 916 aerumnis.
1689 881 1845 916 Cinctam
1876 881 2065 927 aliquando

438 943 619 978 obsidione
638 944 814 978 civitatem
832 948 930 978 tanta
949 944 1067 990 inopia
1086 948 1121 979 et
1138 944 1248 978 fames
1268 944 1474 983 incesserat,
1495 947 1533 978 ut
1547 943 1672 978 incolae
1688 943 1860 989 pecudum
1879 947 1914 978 et
1932 943 2063 978 obscae-

438 1017 562 1040 norum
591 1006 823 1040 animantium
854 1006 1085 1040 cadaveribus
1119 1006 1225 1040 vitam
1254 1006 1373 1040 miseri
1406 1005 1612 1040 tolerarent.
1650 1005 1750 1039 Tunc
1780 1006 1938 1040 «Joannes
1957 1006 2062 1047 cives,

438 1067 563 1114 quibus
598 1068 695 1103 cibus
731 1072 944 1114 suppeteret,
984 1068 1117 1108 obibat,
1159 1068 1395 1109 mendicabat,
1442 1068 1487 1102 ad
1531 1067 1804 1102 misericordiam
1843 1067 2064 1102 hortabatur.

439 1130 615 1177 Quidquid
639 1130 853 1176 collegisset,
872 1130 917 1164 ad
936 1134 1123 1176 pereuntes
1151 1130 1242 1165 fame
1271 1130 1494 1170 conferebam
1527 1130 1663 1164 animos
1691 1130 1829 1164 interim
1861 1129 2068 1164 miserorum

438 1205 562 1228 curans
578 1193 769 1239 impensius
789 1205 832 1228 ex
846 1193 978 1234 officio;
1006 1194 1118 1228 siccus
1137 1193 1225 1239 ipse,
1259 1193 1392 1233 aridus,
1426 1197 1459 1227 et
1490 1204 1551 1238 per
1578 1192 1718 1226 labores
1745 1192 1953 1227 tabescens:
1977 1192 2068 1227 inter

439 1267 524 1302 quos
543 1255 732 1301 aliquando
751 1255 867 1290 animo
884 1256 989 1290 etiam
1004 1255 1229 1301 linquebatur
1250 1268 1257 1296 3
1275 1255 1567 1300 quemadmodum
1599 1254 1739 1292 accidit,
1768 1266 1845 1288 cum
1876 1254 1911 1288 in
1936 1254 2067 1300 templo

439 1317 604 1364 populum
624 1317 932 1353 concionabundus
953 1318 996 1352 ad
1013 1318 1218 1364 patientiam
1237 1322 1269 1353 et
1290 1329 1387 1363 spem
1406 1319 1440 1351 in
1461 1317 1565 1351 rebus
1584 1316 1743 1351 adversis
1761 1317 1976 1357 hortaretur,
1994 1321 2067 1350 tum

441 1384 585 1427 repente
612 1384 794 1426 correptus
818 1381 976 1427 paralysi
1003 1392 1045 1415 ex
1072 1384 1242 1426 suggesto
1269 1379 1428 1420 defluxit,
1455 1391 1495 1413 ac
1524 1390 1586 1425 pro
1610 1378 1818 1413 moribundo
1837 1378 1928 1413 inter
1943 1389 2067 1412 manus

442 1443 604 1484 ablatus;
626 1443 786 1489 perculso
805 1443 993 1483 auditorio,
1016 1454 1204 1488 casumque
1231 1442 1304 1477 cari
1336 1442 1496 1487 magistri
1523 1441 1575 1476 sui
1600 1441 1801 1475 miserante.
1838 1441 2000 1481 Curatus,
2022 1440 2068 1476 ad

442 1506 633 1541 curandam
654 1506 782 1541 civium
803 1506 951 1541 salutem
970 1505 1073 1540 rediit
1092 1505 1221 1540 alacer.

492 1569 532 1603 In
552 1569 696 1604 obsessa
715 1569 755 1602 ab
775 1568 933 1603 hostibus
948 1569 1033 1603 urbe
1052 1568 1101 1602 sic
1120 1568 1242 1602 aderat
1260 1566 1428 1601 militibus
1449 1565 1580 1605 civicis,
1603 1568 1641 1599 ut
1662 1565 1851 1599 excubaret
1869 1576 1946 1599 cum
1965 1576 2068 1600 excu-

442 1631 620 1671 bantibus,
657 1642 757 1677 opem
785 1631 938 1665 divinam
974 1630 1179 1676 imploraret
1216 1641 1293 1664 cum
1320 1627 1597 1666 defensantibus,
1636 1639 1713 1661 cum
1749 1627 1968 1661 cessantibus
1995 1628 2069 1663 Deo

443 1692 592 1727 salutem
630 1693 781 1727 civitatis
811 1693 974 1739 precibus
1006 1692 1279 1727 commendaret.
1318 1691 1466 1725 Erectus
1501 1689 1546 1724 ad
1574 1689 1897 1735 circumspectanda
1928 1701 2070 1724 suorum

442 1755 614 1801 pericula,
649 1767 736 1800 quos
757 1755 998 1801 conspexisset.
1018 1755 1166 1794 saucios,
1185 1753 1416 1793 subducebat,
1434 1753 1629 1798 quibusque
1661 1752 1750 1786 foret
1773 1752 1886 1798 copia,
1917 1763 1976 1787 eos
1998 1756 2070 1786 tum

444 1817 552 1851 animi
570 1824 641 1852 tum
655 1818 811 1863 corporis
830 1817 1010 1851 medicinis
1030 1817 1224 1852 recreabat.
1250 1816 1337 1854 Quae
1356 1816 1433 1861 ipsa
1450 1815 1599 1849 Joaniiis
1618 1814 1773 1848 charitas
1790 1814 1904 1848 acrius
1923 1814 2070 1848 militum

443 1879 589 1920 animos,
611 1891 714 1925 quam
731 1879 879 1914 classica
897 1890 973 1919 sua,
991 1879 1035 1913 ad
1051 1878 1304 1913 defendendam
1324 1877 1449 1912 civium
1480 1888 1552 1910 rem
1581 1875 1767 1910 excitabat.
1806 1876 2070 1911 Imminentibus

444 1942 577 1977 civitati
595 1941 768 1983 hostibus,
787 1941 1047 1982 imbecilliores,
1076 1953 1144 1987 qua
1170 1941 1252 1976 data
1276 1944 1390 1986 porta,
1424 1938 1654 1986 profugerant
1675 1952 1680 1973 ;
1717 1939 1867 1985 repulsis
1894 1938 2066 1979 hostibus,

442 2016 521 2039 cum
539 2003 694 2050 procella
714 2003 931 2039 detonuisset
951 2003 1075 2043 omnis,
1093 2003 1137 2037 ad
1158 2015 1222 2038 sua
1240 2003 1384 2048 quisque
1404 2006 1615 2036 remearunt.
1639 2002 1678 2035 In
1693 2001 1752 2036 illo
1773 2000 1919 2046 diffugio
1932 2012 1950 2035 e
1966 2001 2069 2035 rebus

443 2067 477 2100 in
497 2067 583 2102 urbe
601 2066 694 2101 hosti
710 2066 885 2101 derelictis
913 2078 962 2100 oes
999 2077 1203 2111 campanum
1239 2064 1359 2110 templi
1387 2064 1570 2109 grandius,
1606 2075 1679 2097 rem
1711 2076 1822 2109 nuper
1850 2063 2068 2110 dilapsorum

444 2129 664 2175 quorundam
683 2129 950 2170 coenobitarum,
973 2128 1137 2175 depulsor
1156 2127 1308 2162 hostium
1337 2138 1395 2161 rex
1411 2126 1658 2171 sigismundus
1680 2126 1836 2171 Collegio
1856 2126 2049 2161 donaverat
2066 2139 2073 2167 ;

444 2192 681 2237 repetentibus
699 2191 937 2226 abalienatum
957 2191 1138 2225 monachis
1157 2189 1302 2235 negavit
1321 2188 1564 2234 praesidiarius
1591 2188 1771 2233 magister.
1810 2188 1896 2222 Cum
1923 2188 2075 2234 pertina-

445 2253 519 2289 cius
538 2258 774 2300 reposcerent,
799 2268 814 2282 α
837 2253 933 2298 atqui
948 2265 1022 2292 vos,
1040 2253 1164 2298 inquit,
1184 2252 1269 2286 boni
1286 2251 1428 2291 Patres,
1453 2250 1529 2296 ipsa
1556 2250 1640 2295 suga
1665 2255 1796 2291 vestra,
1829 2250 1895 2285 isto
1927 2250 2076 2285 maxime

446 2330 462 2345 a
483 2319 653 2361 tempore,
675 2327 741 2361 quo
761 2315 862 2349 nobis
892 2314 1170 2361 periclitantibus
1189 2313 1313 2348 adesse
1345 2324 1406 2346 vos
1440 2312 1610 2358 imprimis
1637 2311 1844 2351 addecebat,
1879 2323 1936 2346 res
1969 2312 2075 2347 etiam

447 2392 463 2406 a
485 2382 620 2412 vestras
640 2377 733 2411 hosti
747 2377 963 2422 prodidistis.
999 2376 1073 2411 Nos
1103 2375 1244 2415 milites,
1276 2386 1318 2410 ea
1345 2374 1437 2408 civili
1465 2374 1624 2408 adstricti
1655 2374 1735 2419 lege
1767 2374 1826 2419 til:
1858 2373 1916 2418 qui
1943 2374 1979 2407 in
2002 2373 2076 2408 acie

451 2456 466 2470 κ
488 2440 619 2486 primus
633 2440 753 2485 fugam
772 2439 906 2480 fecerit,
927 2439 1166 2484 spectantibus
1182 2437 1363 2475 militibus,
1386 2447 1530 2482 propior
1550 2436 1759 2481 exemplum,
1777 2436 1888 2481 capite
1910 2436 2050 2481 punitor
2066 2447 2075 2474 ς

491 2508 534 2548 (1)
547 2509 579 2537 V.
599 2510 636 2539 id.
648 2509 720 2544 apud
738 2508 925 2536 Modestinnm
940 2508 965 2536 J.
981 2508 1012 2534 C,
