2184 2953
427 283 488 318 394
814 277 1086 310 LITUANICARUM
1110 277 1320 308 SOCIETATIS
1342 277 1427 308 JESU
1450 277 1702 307 HISTORIARUM

254 388 318 417 1662
429 375 615 413 domiciliis
633 387 655 411 a
673 373 883 410 Provinciali
900 371 1079 410 convocati
1102 384 1109 413 ;
1131 371 1167 405 in
1186 370 1240 406 his
1271 370 1528 410 Varsaviensis‚
1551 369 1798 410 Pultoviensis‚
1829 368 2044 410 Lomzensis,

427 444 462 477 et
480 439 674 481 Plocensis,
694 437 930 484 Collegiorum
953 439 1105 471 rectores
1125 434 1196 469 suis
1216 434 1370 469 humeris
1389 433 1599 469 extulerunt.
1622 432 1717 467 Alibi
1737 432 1858 467 Socios
1877 431 2044 466 subduxit

426 514 534 544 morS,
564 505 696 548 septem
715 500 808 546 ipsos
842 511 860 535 e
877 496 1059 534 Lomzensi
1075 496 1244 542 Collegio‚
1265 496 1299 529 in
1320 495 1442 530 officiis
1461 494 1643 529 charitatis
1668 494 1813 529 afflictos
1832 492 2043 540 pestilentia.

426 566 541 613 Major
560 564 700 600 dimidio
720 564 784 599 fuit
798 566 935 609 strages
949 561 1038 603 haec,
1060 571 1160 606 quam
1181 559 1381 605 superstitis
1401 558 1496 593 salus
1516 557 1680 604 Collegii.

316 626 332 652 5
476 627 630 664 Infelicis
663 626 884 673 reipublicae,
922 627 972 658 tot
1004 622 1160 657 cladibus
1197 620 1355 662 afflictae,
1389 620 1555 667 reliquias
1594 619 1713 666 inopia
1744 631 1879 661 rerum,
1913 619 2044 661 fames,

251 666 396 734 33¹2?OE
425 690 637 738 pestilentia,
659 688 871 725 lacerabant.
890 686 997 721 Malis
1024 684 1183 720 omnibus
1201 682 1454 718 intolerabilius
1481 682 1545 717 fuit
1572 682 1673 717 civile
1693 682 1785 718 inter
1802 694 1839 717 se
1858 693 2047 728 regemque

424 752 628 793 dissidium;
649 762 716 798 quo
735 748 924 784 infortunio
943 746 1061 781 felices
1077 746 1181 781 etiam
1202 748 1236 780 et
1252 745 1413 779 maximae
1432 755 1488 779 res
1507 743 1609 779 facile
1632 743 1846 779 dilabuntur.
1869 743 2048 790 Conjurati

422 826 533 861 nuper
547 814 715 849 adversus
734 823 855 858 regem
874 820 1043 845 novarum
1072 807 1250 842 molitores
1278 819 1395 842 rerum
1414 810 1515 853 pacto
1547 805 1643 841 nullo
1676 805 1801 841 adduci
1819 809 1992 852 poterant,
2010 810 2048 841 ut

422 876 691 912 conciliarentur
717 873 880 921 principi,
898 876 932 907 et
960 883 1037 906 cum
1065 869 1211 916 reliquis
1238 869 1384 910 civibus,
1405 869 1494 904 bene
1523 868 1786 904 consulentibus
1805 869 1943 914 patriae,
1965 880 2046 904 con-

421 939 602 975 sentirent.
634 938 764 983 Ingens
790 934 959 971 tumultus
986 933 1080 973 inde,
1100 935 1133 968 et
1154 931 1248 967 foeda
1274 943 1390 967 rerum
1418 942 1496 966 cum
1519 931 1746 978 profanarum
1775 934 1848 966 tum
1867 942 2046 966 sacrarum

419 992 522 1037 etiam
541 1000 671 1047 passim
699 1003 851 1045 strages.
874 996 1079 1042 Prodigitur
1096 994 1133 1029 in
1153 994 1399 1030 concitandam
1418 993 1625 1028 seditionem
1656 993 1820 1028 aerarium
1843 1006 1849 1028 z
1871 993 2046 1029 adultera-

418 1066 475 1097 tur
492 1062 594 1097 facile
619 1062 680 1108 jus
699 1061 782 1096 alibi
801 1060 950 1107 pecunia
968 1071 975 1093 ε
998 1058 1032 1092 vi
1054 1057 1137 1093 alibi
1159 1057 1366 1104 opprimitur
1380 1055 1519 1103 justitia
1541 1068 1547 1090 :
1570 1055 1806 1090 sollicitantur
1834 1056 1976 1091 Lituani
2004 1055 2047 1090 ad

418 1123 602 1159 discidium
623 1135 664 1158 ac
691 1122 900 1169 diremptum
918 1120 1071 1167 partium
1091 1131 1231 1155 suarum
1252 1130 1292 1154 ac
1315 1120 1573 1165 provinciarum
1593 1132 1614 1155 a
1633 1132 1741 1166 regno
1770 1120 1928 1156 Poloniae
1948 1134 1955 1156 :
1976 1120 2047 1156 itur

417 1199 577 1223 aversum
613 1186 824 1227 sacerdotia,
862 1189 897 1221 et
928 1185 1133 1219 mulctatum
1162 1182 1344 1229 stipendiis
1375 1183 1560 1229 religiosas
1588 1183 1694 1218 etiam
1725 1182 1908 1218 familias:
1935 1182 2045 1218 libelli

416 1250 541 1285 famosi
556 1250 590 1284 iu
606 1261 726 1296 regem
741 1252 775 1284 et
792 1248 915 1283 fideles
935 1247 1011 1293 regi
1030 1246 1206 1281 ministros
1226 1246 1490 1292 disperguntur.
1508 1245 1678 1281 Miscetur
1705 1245 1903 1292 respublica
1921 1249 1955 1281 et
1974 1246 2045 1282 fere

414 1313 502 1348 coelo
521 1316 630 1348 terra.
649 1311 754 1347 Miles
768 1311 804 1346 in
820 1310 943 1346 fraude
963 1309 1127 1356 stipendii
1148 1308 1250 1343 modo
1270 1320 1319 1343 aes
1338 1307 1487 1343 militare
1502 1319 1523 1343 a
1546 1307 1692 1343 ducibus
1721 1308 1871 1354 superbe
1890 1308 2045 1355 postulat

415 1376 525 1412 victor
559 1375 725 1416 hostium,
758 1373 860 1409 modo
896 1372 1108 1419 petulanter,
1139 1383 1256 1406 rerum
1277 1371 1352 1417 jam
1384 1370 1522 1406 aliunde
1549 1375 1659 1412 satur,
1690 1383 1709 1406 e
1742 1371 1886 1418 reliquis
1917 1371 2043 1407 civium

416 1438 565 1474 fortunis
597 1437 759 1473 hostilem
791 1437 826 1471 in
853 1435 994 1471 modum
1025 1432 1108 1469 facit
1140 1433 1337 1468 manubias.
1359 1433 1445 1469 Haec
1472 1434 1563 1469 inter
1589 1433 1775 1469 latrocinia
1808 1445 1848 1469 eo
1876 1434 2046 1480 processit

418 1501 563 1538 audacia
607 1499 833 1535 factiosorum
861 1502 895 1534 et
926 1498 1035 1539 furor,
1067 1500 1104 1532 ut
1128 1508 1207 1542 quae
1244 1496 1423 1531 acuissent
1453 1496 1490 1531 in
1520 1496 1657 1532 hostem
1688 1497 1980 1543 persequendum,
2010 1497 2044 1532 in

418 1563 532 1600 caedes
558 1573 640 1597 suas
660 1561 732 1596 tela
762 1561 942 1596 verterint.

247 1618 395 1686 ξῖῗῗενῖξί
470 1627 587 1661 Vilnae
609 1624 656 1660 ad
681 1625 768 1660 XIV
789 1623 960 1659 kalendas
983 1623 1125 1659 sextiles
1156 1623 1192 1658 in
1218 1626 1390 1658 conventu
1410 1622 1536 1657 ducum
1563 1621 1698 1656 militiae
1729 1621 1945 1668 aliorumque
1964 1635 2043 1670 pro-

246 1699 292 1725 des
325 1697 396 1732 apud
422 1700 539 1724 cerum
555 1687 730 1723 Lituaniae
756 1686 929 1732 agebatur
956 1685 1140 1720 consilium
1167 1685 1210 1720 de
1237 1685 1477 1731 persolvendis
1504 1683 1605 1718 militi
1632 1683 1827 1730 stipendiis.
1851 1684 1890 1719 In
1910 1696 2045 1720 summa

245 1738 398 1811 gjffuynfffm
422 1751 625 1786 difficultate
650 1750 701 1785 rei
719 1749 938 1788 nummariae,
960 1760 1038 1782 cum
1066 1748 1138 1794 ipsa
1166 1748 1335 1782 darentur
1361 1747 1547 1793 promissa,
1569 1747 1780 1781 commoveri
1807 1747 1986 1788 militares,
2010 1751 2044 1783 et

281 1799 296 1812 ὗ
420 1816 506 1851 duas
522 1815 557 1849 in
572 1817 690 1860 partes
709 1813 888 1848 discedere
907 1825 913 1847 :
936 1815 1040 1858 atque
1058 1811 1093 1846 hi
1112 1811 1263 1858 quidem,
1286 1810 1345 1856 qui
1371 1809 1562 1857 prudenter
1579 1820 1624 1843 ex
1647 1807 1849 1844 difficultate
1876 1808 2043 1855 temporis

417 1889 491 1912 rem
510 1876 744 1917 aestimabant,
778 1887 916 1921 aequum
948 1874 1075 1915 facere,
1106 1877 1141 1908 et
1168 1872 1297 1919 placati
1322 1872 1475 1919 pendere
1502 1870 1701 1917 promissis;
1738 1870 1789 1905 illi
1815 1874 1949 1911 contra,
1972 1883 2041 1906 non

417 1938 640 1986 expostulare
654 1942 789 1973 tantum
808 1941 843 1972 et
868 1937 1020 1982 exigere,
1037 1935 1099 1970 sed
1119 1936 1232 1970 minas
1252 1935 1356 1970 etiam
1378 1935 1529 1981 jactare,
1551 1931 1728 1973 secedere,
1745 1935 1851 1979 atque
1871 1932 1907 1967 in
1922 1943 2041 1968 necem

416 2005 489 2036 tum
516 1999 753 2041 mareschalli,
775 1998 954 2046 coryphaei
984 2009 1095 2044 nuper
1122 1997 1189 2039 sui,
1208 2000 1341 2032 mutato
1369 1996 1494 2031 deinde
1521 1993 1679 2036 consilio,
1700 1994 1744 2029 ad
1771 1994 1890 2040 regias
1920 1998 2039 2040 partes

416 2064 516 2110 quasi
531 2063 737 2109 transfugae,
760 2061 917 2097 Casimiri
936 2059 1130 2106 Chvalibog
1148 2058 1360 2107 Zyromskii,
1391 2063 1462 2093 tum
1481 2057 1658 2093 Vincentii
1675 2057 1814 2092 Corvini
1828 2057 2041 2093 Gosiewskii

415 2126 512 2161 ducis
540 2125 769 2160 Lituanorum
796 2123 1000 2169 campestris
1024 2126 1058 2157 et
1085 2121 1310 2164 thesaurarii,
1341 2120 1562 2166 conspirare;
1592 2120 1783 2166 instigante
1810 2119 1960 2155 maxime
1979 2132 2039 2167 op-

412 2188 507 2223 tione
534 2187 686 2223 cohortis
706 2185 815 2232 regiae
835 2185 1046 2220 Kotovskio.
1069 2184 1246 2219 Evocatus
1272 2195 1334 2230 per
1353 2183 1471 2218 dolum
1486 2182 1593 2217 Vilna
1620 2182 1860 2229 Zyromskius,
1882 2185 2038 2229 raptatus

412 2250 493 2285 inde
509 2250 632 2284 misere
646 2252 719 2284 toto
734 2249 860 2283 itinere
877 2247 1135 2293 laceratusque,
1148 2246 1251 2281 tertio
1267 2246 1311 2280 ab
1326 2245 1412 2280 urbe
1431 2243 1593 2279 milliario
1614 2244 1707 2290 apud
1730 2255 1861 2291 pagum
1875 2244 2038 2279 Dubnam

415 2312 543 2359 gladiis
574 2311 762 2346 furentium
783 2310 975 2345 conficitur.
1008 2309 1094 2344 Mox
1125 2309 1295 2343 Corvinus
1322 2308 1439 2348 etiam,
1469 2318 1490 2341 a
1522 2307 1593 2342 suis
1625 2306 1783 2353 proditus
1816 2306 2033 2349 custodibus,

415 2374 522 2409 Vilna
547 2372 697 2419 Volpam
716 2372 758 2406 ad
784 2371 1016 2418 perduellium
1043 2371 1245 2406 concionem
1271 2369 1428 2405 aufertur
1447 2369 1594 2415 septimo
1621 2368 1794 2403 kalendas
1820 2368 2033 2404 decembres,

416 2435 516 2472 Nihil
534 2435 569 2469 in
589 2445 630 2470 ea
653 2432 935 2468 tumultuantium
960 2432 1142 2468 ferocitate
1170 2444 1211 2468 ac
1238 2432 1376 2467 turbine
1403 2432 1476 2478 agi,
1499 2432 1597 2467 nulla
1627 2432 1762 2467 ratione
1785 2432 1950 2479 principis
1968 2432 2035 2467 viri

414 2497 616 2536 innocentia
634 2496 775 2533 defendi
798 2496 922 2543 potuit.
944 2496 1013 2531 Vix
1032 2496 1067 2531 id
1082 2494 1316 2542 impetratum,
1339 2498 1377 2530 ut
1396 2495 1534 2541 quando
1554 2494 1628 2529 vita
1646 2494 1784 2541 quidem
1803 2498 1878 2530 erat
1895 2494 2035 2530 omnino
