<?xml version="1.0" encoding="UTF-8"?>
<!DOCTYPE html PUBLIC "-//W3C//DTD XHTML 1.0 Transitional//EN"
    "http://www.w3.org/TR/xhtml1/DTD/xhtml1-transitional.dtd">
<html xmlns="http://www.w3.org/1999/xhtml" xml:lang="en" lang="en">
 <head>
  <title>
</title>
<meta http-equiv="Content-Type" content="text/html;charset=utf-8" />
  <meta name='ocr-system' content='tesseract 3.04.00' />
  <meta name='ocr-capabilities' content='ocr_page ocr_carea ocr_par ocr_line ocrx_word'/>
</head>
<body>
  <div class='ocr_page' id='page_1' title='image "./lituanicarumsoci00rost_0357.png"; bbox 0 0 2184 2953; ppageno 0'>
   <div class='ocr_carea' id='block_1_1' title="bbox 666 269 1758 308">
    <p class='ocr_par' dir='ltr' id='par_1_1' title="bbox 666 269 1758 308">
     <span class='ocr_line' id='line_1_1' title="bbox 666 269 1758 308; baseline -0.005 -5"><span class='ocrx_word' id='word_1_1' title='bbox 666 275 772 303; x_wconf 76' lang='lat' dir='ltr'>LlssER</span> <span class='ocrx_word' id='word_1_2' title='bbox 796 273 915 302; x_wconf 75' lang='lat' dir='ltr'>NONUS</span> <span class='ocrx_word' id='word_1_3' title='bbox 938 272 1150 308; x_wconf 55' lang='lat' dir='ltr'>(low-1650„</span> <span class='ocrx_word' id='word_1_4' title='bbox 1699 269 1758 299; x_wconf 85' lang='lat'>333</span> 
     </span>
    </p>
   </div>
   <div class='ocr_carea' id='block_1_2' title="bbox 142 359 1766 2516">
    <p class='ocr_par' dir='ltr' id='par_1_2' title="bbox 142 359 1759 773">
     <span class='ocr_line' id='line_1_2' title="bbox 143 359 1755 412; baseline -0.004 -12"><span class='ocrx_word' id='word_1_5' title='bbox 143 369 218 400; x_wconf 88' lang='lat' dir='ltr'>ortu</span> <span class='ocrx_word' id='word_1_6' title='bbox 239 376 300 399; x_wconf 90' lang='lat' dir='ltr'>suo</span> <span class='ocrx_word' id='word_1_7' title='bbox 319 368 353 399; x_wconf 90' lang='lat' dir='ltr'>et</span> <span class='ocrx_word' id='word_1_8' title='bbox 376 366 534 400; x_wconf 89' lang='lat' dir='ltr'>omnibus</span> <span class='ocrx_word' id='word_1_9' title='bbox 560 366 642 401; x_wconf 70' lang='lat' dir='ltr'>vitae</span> <span class='ocrx_word' id='word_1_10' title='bbox 669 366 823 412; x_wconf 87' lang='lat' dir='ltr'>partibus</span> <span class='ocrx_word' id='word_1_11' title='bbox 852 362 1101 409; x_wconf 63' lang='lat' dir='ltr'>integerrimae,</span> <span class='ocrx_word' id='word_1_12' title='bbox 1120 361 1177 395; x_wconf 86' lang='lat' dir='ltr'>ubi</span> <span class='ocrx_word' id='word_1_13' title='bbox 1211 372 1266 394; x_wconf 87' lang='lat' dir='ltr'>res</span> <span class='ocrx_word' id='word_1_14' title='bbox 1291 361 1532 406; x_wconf 76' lang='lat' dir='ltr'>postulaverit,</span> <span class='ocrx_word' id='word_1_15' title='bbox 1552 372 1613 406; x_wconf 89' lang='lat' dir='ltr'>per</span> <span class='ocrx_word' id='word_1_16' title='bbox 1632 359 1755 394; x_wconf 88' lang='lat' dir='ltr'>salutis</span> 
     </span>
     <span class='ocr_line' id='line_1_3' title="bbox 142 421 1753 473; baseline -0.004 -11"><span class='ocrx_word' id='word_1_17' title='bbox 142 428 245 462; x_wconf 91' lang='lat' dir='ltr'>etiam</span> <span class='ocrx_word' id='word_1_18' title='bbox 272 426 484 467; x_wconf 85' lang='lat' dir='ltr'>discrimina,</span> <span class='ocrx_word' id='word_1_19' title='bbox 512 428 718 473; x_wconf 83' lang='lat' dir='ltr'>dignitatem</span> <span class='ocrx_word' id='word_1_20' title='bbox 744 429 933 467; x_wconf 86' lang='lat' dir='ltr'>tuiturum;</span> <span class='ocrx_word' id='word_1_21' title='bbox 963 424 1089 459; x_wconf 89' lang='lat' dir='ltr'>deinde</span> <span class='ocrx_word' id='word_1_22' title='bbox 1124 422 1256 457; x_wconf 88' lang='lat' dir='ltr'>familia</span> <span class='ocrx_word' id='word_1_23' title='bbox 1283 423 1382 468; x_wconf 78' lang='lat' dir='ltr'>regia</span> <span class='ocrx_word' id='word_1_24' title='bbox 1413 435 1419 456; x_wconf 92' lang='lat'>:</span> <span class='ocrx_word' id='word_1_25' title='bbox 1449 423 1572 467; x_wconf 77' lang='lat' dir='ltr'>regina</span> <span class='ocrx_word' id='word_1_26' title='bbox 1600 421 1753 463; x_wconf 77' lang='lat' dir='ltr'>Caecilia,</span> 
     </span>
     <span class='ocr_line' id='line_1_4' title="bbox 142 483 1756 531; baseline -0.004 -7"><span class='ocrx_word' id='word_1_27' title='bbox 142 490 298 524; x_wconf 62' lang='lat' dir='ltr'>«Ioannes</span> <span class='ocrx_word' id='word_1_28' title='bbox 328 489 528 529; x_wconf 85' lang='lat' dir='ltr'>Casimirus‚</span> <span class='ocrx_word' id='word_1_29' title='bbox 559 494 592 524; x_wconf 91' lang='lat' dir='ltr'>et</span> <span class='ocrx_word' id='word_1_30' title='bbox 619 490 764 524; x_wconf 79' lang='lat' dir='ltr'>Carolus</span> <span class='ocrx_word' id='word_1_31' title='bbox 794 487 1050 527; x_wconf 85' lang='lat' dir='ltr'>Ferdinandus,</span> <span class='ocrx_word' id='word_1_32' title='bbox 1082 484 1241 531; x_wconf 76' lang='lat' dir='ltr'>germani</span> <span class='ocrx_word' id='word_1_33' title='bbox 1274 484 1400 518; x_wconf 86' lang='lat' dir='ltr'>fratres</span> <span class='ocrx_word' id='word_1_34' title='bbox 1429 483 1623 524; x_wconf 81' lang='lat' dir='ltr'>Vladislai3</span> <span class='ocrx_word' id='word_1_35' title='bbox 1654 484 1756 518; x_wconf 88' lang='lat' dir='ltr'>Anna</span> 
     </span>
     <span class='ocr_line' id='line_1_5' title="bbox 143 545 1757 591; baseline -0.004 -7"><span class='ocrx_word' id='word_1_36' title='bbox 143 550 332 585; x_wconf 84' lang='lat' dir='ltr'>Catharina</span> <span class='ocrx_word' id='word_1_37' title='bbox 358 554 392 584; x_wconf 89' lang='lat' dir='ltr'>et</span> <span class='ocrx_word' id='word_1_38' title='bbox 420 550 635 591; x_wconf 86' lang='lat' dir='ltr'>Constantia,</span> <span class='ocrx_word' id='word_1_39' title='bbox 666 552 788 585; x_wconf 89' lang='lat' dir='ltr'>horum</span> <span class='ocrx_word' id='word_1_40' title='bbox 820 561 957 584; x_wconf 88' lang='lat' dir='ltr'>sorores</span> <span class='ocrx_word' id='word_1_41' title='bbox 983 561 988 582; x_wconf 90' lang='lat'><strong>:</strong></span> <span class='ocrx_word' id='word_1_42' title='bbox 1016 546 1140 582; x_wconf 86' lang='lat' dir='ltr'>deinde</span> <span class='ocrx_word' id='word_1_43' title='bbox 1173 558 1250 580; x_wconf 88' lang='lat' dir='ltr'>cum</span> <span class='ocrx_word' id='word_1_44' title='bbox 1279 545 1381 590; x_wconf 74' lang='lat' dir='ltr'>regni</span> <span class='ocrx_word' id='word_1_45' title='bbox 1401 545 1549 591; x_wconf 89' lang='lat' dir='ltr'>primate</span> <span class='ocrx_word' id='word_1_46' title='bbox 1582 545 1757 579; x_wconf 76' lang='lat' dir='ltr'>antistites</span> 
     </span>
     <span class='ocr_line' id='line_1_6' title="bbox 143 610 1756 656; baseline -0.004 -6"><span class='ocrx_word' id='word_1_47' title='bbox 143 626 318 650; x_wconf 84' lang='lat' dir='ltr'>sacrorum</span> <span class='ocrx_word' id='word_1_48' title='bbox 341 626 346 648; x_wconf 92' lang='lat'><strong>:</strong></span> <span class='ocrx_word' id='word_1_49' title='bbox 369 618 442 647; x_wconf 85' lang='lat' dir='ltr'>tum</span> <span class='ocrx_word' id='word_1_50' title='bbox 461 619 641 649; x_wconf 77' lang='lat' dir='ltr'>senatores</span> <span class='ocrx_word' id='word_1_51' title='bbox 659 626 720 648; x_wconf 87' lang='lat' dir='ltr'>suo</span> <span class='ocrx_word' id='word_1_52' title='bbox 741 613 860 648; x_wconf 87' lang='lat' dir='ltr'>ordine</span> <span class='ocrx_word' id='word_1_53' title='bbox 883 625 889 647; x_wconf 80' lang='lat'>1</span> <span class='ocrx_word' id='word_1_54' title='bbox 911 611 1028 646; x_wconf 81' lang='lat' dir='ltr'>caeteri</span> <span class='ocrx_word' id='word_1_55' title='bbox 1053 610 1202 655; x_wconf 74' lang='lat' dir='ltr'>denique</span> <span class='ocrx_word' id='word_1_56' title='bbox 1221 622 1384 656; x_wconf 76' lang='lat' dir='ltr'>proceres</span> <span class='ocrx_word' id='word_1_57' title='bbox 1400 610 1522 645; x_wconf 88' lang='lat' dir='ltr'>eodem</span> <span class='ocrx_word' id='word_1_58' title='bbox 1539 614 1756 645; x_wconf 85' lang='lat' dir='ltr'>sacramento</span> 
     </span>
     <span class='ocr_line' id='line_1_7' title="bbox 143 673 1759 723; baseline -0.003 -12"><span class='ocrx_word' id='word_1_59' title='bbox 143 678 307 723; x_wconf 86' lang='lat' dir='ltr'>pietatem</span> <span class='ocrx_word' id='word_1_60' title='bbox 320 688 417 711; x_wconf 89' lang='lat' dir='ltr'>suam</span> <span class='ocrx_word' id='word_1_61' title='bbox 436 677 647 720; x_wconf 73' lang='lat' dir='ltr'>obligarunt,</span> <span class='ocrx_word' id='word_1_62' title='bbox 659 677 749 711; x_wconf 87' lang='lat' dir='ltr'>datis</span> <span class='ocrx_word' id='word_1_63' title='bbox 765 676 895 722; x_wconf 88' lang='lat' dir='ltr'>pariter</span> <span class='ocrx_word' id='word_1_64' title='bbox 910 675 945 708; x_wconf 89' lang='grc'>10</span> <span class='ocrx_word' id='word_1_65' title='bbox 963 674 1081 708; x_wconf 85' lang='lat' dir='ltr'>album</span> <span class='ocrx_word' id='word_1_66' title='bbox 1098 673 1309 712; x_wconf 82' lang='lat' dir='ltr'>nominibus,</span> <span class='ocrx_word' id='word_1_67' title='bbox 1324 684 1451 718; x_wconf 79' lang='lat' dir='ltr'>magno</span> <span class='ocrx_word' id='word_1_68' title='bbox 1471 673 1616 718; x_wconf 88' lang='lat' dir='ltr'>quisque</span> <span class='ocrx_word' id='word_1_69' title='bbox 1631 673 1759 717; x_wconf 77' lang='lat' dir='ltr'>gaudio</span> 
     </span>
     <span class='ocr_line' id='line_1_8' title="bbox 144 737 544 773; baseline -0.005 0"><span class='ocrx_word' id='word_1_70' title='bbox 144 749 206 773; x_wconf 87' lang='lat' dir='ltr'>suo</span> <span class='ocrx_word' id='word_1_71' title='bbox 221 741 255 772; x_wconf 91' lang='lat' dir='ltr'>et</span> <span class='ocrx_word' id='word_1_72' title='bbox 271 737 367 771; x_wconf 83' lang='lat' dir='ltr'>lucro</span> <span class='ocrx_word' id='word_1_73' title='bbox 387 737 544 772; x_wconf 81' lang='lat' dir='ltr'>salutari.</span> 
     </span>
    </p>

    <p class='ocr_par' dir='ltr' id='par_1_3' title="bbox 143 798 1763 1651">
     <span class='ocr_line' id='line_1_9' title="bbox 194 798 1758 839; baseline -0.001 -5"><span class='ocrx_word' id='word_1_74' title='bbox 194 800 386 834; x_wconf 75' lang='lat' dir='ltr'>Cannensis</span> <span class='ocrx_word' id='word_1_75' title='bbox 417 801 552 839; x_wconf 82' lang='lat' dir='ltr'>civitas,</span> <span class='ocrx_word' id='word_1_76' title='bbox 576 800 836 834; x_wconf 87' lang='lat' dir='ltr'>Lituanicarum</span> <span class='ocrx_word' id='word_1_77' title='bbox 864 799 1052 833; x_wconf 88' lang='lat' dir='ltr'>secundum</span> <span class='ocrx_word' id='word_1_78' title='bbox 1076 799 1216 833; x_wconf 89' lang='lat' dir='ltr'>Vilnam</span> <span class='ocrx_word' id='word_1_79' title='bbox 1243 798 1472 838; x_wconf 85' lang='lat' dir='ltr'>nobilissima,</span> <span class='ocrx_word' id='word_1_80' title='bbox 1496 798 1615 833; x_wconf 87' lang='lat' dir='ltr'>Socios</span> <span class='ocrx_word' id='word_1_81' title='bbox 1642 798 1758 833; x_wconf 87' lang='lat' dir='ltr'>oblato</span> 
     </span>
     <span class='ocr_line' id='line_1_10' title="bbox 144 863 1760 909; baseline 0 -12"><span class='ocrx_word' id='word_1_82' title='bbox 144 863 237 909; x_wconf 87' lang='lat' dir='ltr'>apud</span> <span class='ocrx_word' id='word_1_83' title='bbox 252 874 288 897; x_wconf 91' lang='lat' dir='ltr'>se</span> <span class='ocrx_word' id='word_1_84' title='bbox 307 863 480 897; x_wconf 86' lang='lat' dir='ltr'>domicilio</span> <span class='ocrx_word' id='word_1_85' title='bbox 500 867 649 909; x_wconf 87' lang='lat' dir='ltr'>quatuor</span> <span class='ocrx_word' id='word_1_86' title='bbox 673 863 801 897; x_wconf 77' lang='lat' dir='ltr'>abhinc</span> <span class='ocrx_word' id='word_1_87' title='bbox 828 867 861 897; x_wconf 93' lang='lat' dir='ltr'>et</span> <span class='ocrx_word' id='word_1_88' title='bbox 891 863 1011 897; x_wconf 86' lang='lat' dir='ltr'>decem</span> <span class='ocrx_word' id='word_1_89' title='bbox 1033 863 1134 897; x_wconf 85' lang='lat' dir='ltr'>annis</span> <span class='ocrx_word' id='word_1_90' title='bbox 1154 863 1337 897; x_wconf 84' lang='lat' dir='ltr'>invitabat.</span> <span class='ocrx_word' id='word_1_91' title='bbox 1363 863 1431 897; x_wconf 88' lang='lat' dir='ltr'>Cur</span> <span class='ocrx_word' id='word_1_92' title='bbox 1449 863 1564 897; x_wconf 83' lang='lat' dir='ltr'>adhuc</span> <span class='ocrx_word' id='word_1_93' title='bbox 1578 863 1760 898; x_wconf 76' lang='lat' dir='ltr'>tardarent</span> 
     </span>
     <span class='ocr_line' id='line_1_11' title="bbox 143 924 1759 970; baseline -0.001 -11"><span class='ocrx_word' id='word_1_94' title='bbox 143 925 264 959; x_wconf 88' lang='lat' dir='ltr'>venire</span> <span class='ocrx_word' id='word_1_95' title='bbox 278 925 428 965; x_wconf 86' lang='lat' dir='ltr'>invitati,</span> <span class='ocrx_word' id='word_1_96' title='bbox 441 937 557 959; x_wconf 76' lang='lat' dir='ltr'>causae</span> <span class='ocrx_word' id='word_1_97' title='bbox 574 929 673 959; x_wconf 84' lang='lat' dir='ltr'>erant</span> <span class='ocrx_word' id='word_1_98' title='bbox 689 924 891 970; x_wconf 63' lang='lat' dir='ltr'>przeeipuae:</span> <span class='ocrx_word' id='word_1_99' title='bbox 907 925 997 970; x_wconf 89' lang='lat' dir='ltr'>quod</span> <span class='ocrx_word' id='word_1_100' title='bbox 1010 925 1187 958; x_wconf 86' lang='lat' dir='ltr'>hominum</span> <span class='ocrx_word' id='word_1_101' title='bbox 1199 924 1353 965; x_wconf 77' lang='lat' dir='ltr'>invidiae,</span> <span class='ocrx_word' id='word_1_102' title='bbox 1372 925 1426 958; x_wconf 89' lang='lat' dir='ltr'>cui</span> <span class='ocrx_word' id='word_1_103' title='bbox 1438 936 1554 959; x_wconf 87' lang='lat' dir='ltr'>rerum</span> <span class='ocrx_word' id='word_1_104' title='bbox 1566 928 1759 959; x_wconf 86' lang='lat' dir='ltr'>nostrarum</span> 
     </span>
     <span class='ocr_line' id='line_1_12' title="bbox 144 981 1760 1032; baseline -0.001 -12"><span class='ocrx_word' id='word_1_105' title='bbox 144 987 354 1021; x_wconf 84' lang='lat' dir='ltr'>incrementa</span> <span class='ocrx_word' id='word_1_106' title='bbox 382 987 551 1021; x_wconf 87' lang='lat' dir='ltr'>immensa</span> <span class='ocrx_word' id='word_1_107' title='bbox 569 981 789 1025; x_wconf 84' lang='lat' dir='ltr'>videbantur,</span> <span class='ocrx_word' id='word_1_108' title='bbox 820 986 1077 1020; x_wconf 72' lang='lat' dir='ltr'>c(j›ncedendum</span> <span class='ocrx_word' id='word_1_109' title='bbox 1101 990 1193 1021; x_wconf 90' lang='lat' dir='ltr'>esset</span> <span class='ocrx_word' id='word_1_110' title='bbox 1214 999 1220 1020; x_wconf 86' lang='lat'><strong>:</strong></span> <span class='ocrx_word' id='word_1_111' title='bbox 1251 986 1285 1020; x_wconf 89' lang='lat' dir='ltr'>in</span> <span class='ocrx_word' id='word_1_112' title='bbox 1304 997 1411 1020; x_wconf 82' lang='lat' dir='ltr'>censu</span> <span class='ocrx_word' id='word_1_113' title='bbox 1430 997 1512 1020; x_wconf 88' lang='lat' dir='ltr'>vero</span> <span class='ocrx_word' id='word_1_114' title='bbox 1533 986 1705 1032; x_wconf 85' lang='lat' dir='ltr'>pertenui,</span> <span class='ocrx_word' id='word_1_115' title='bbox 1727 986 1760 1020; x_wconf 90' lang='lat' dir='ltr'>in</span> 
     </span>
     <span class='ocr_line' id='line_1_13' title="bbox 148 1047 1763 1094; baseline 0 -13"><span class='ocrx_word' id='word_1_116' title='bbox 148 1048 298 1082; x_wconf 78' lang='lat' dir='ltr'>aedificia</span> <span class='ocrx_word' id='word_1_117' title='bbox 317 1048 450 1093; x_wconf 86' lang='lat' dir='ltr'>templi,</span> <span class='ocrx_word' id='word_1_118' title='bbox 468 1049 602 1089; x_wconf 87' lang='lat' dir='ltr'>domus,</span> <span class='ocrx_word' id='word_1_119' title='bbox 620 1048 735 1094; x_wconf 71' lang='lat' dir='ltr'>lycaei,</span> <span class='ocrx_word' id='word_1_120' title='bbox 754 1052 787 1082; x_wconf 90' lang='lat' dir='ltr'>et</span> <span class='ocrx_word' id='word_1_121' title='bbox 810 1059 882 1082; x_wconf 90' lang='lat' dir='ltr'>rem</span> <span class='ocrx_word' id='word_1_122' title='bbox 896 1047 1103 1082; x_wconf 74' lang='lat' dir='ltr'>familiarem</span> <span class='ocrx_word' id='word_1_123' title='bbox 1121 1048 1311 1093; x_wconf 76' lang='lat' dir='ltr'>assignato,</span> <span class='ocrx_word' id='word_1_124' title='bbox 1330 1047 1497 1093; x_wconf 88' lang='lat' dir='ltr'>impedita</span> <span class='ocrx_word' id='word_1_125' title='bbox 1513 1059 1655 1082; x_wconf 86' lang='lat' dir='ltr'>suorum</span> <span class='ocrx_word' id='word_1_126' title='bbox 1673 1047 1763 1081; x_wconf 86' lang='lat' dir='ltr'>foret</span> 
     </span>
     <span class='ocr_line' id='line_1_14' title="bbox 145 1109 1761 1155; baseline -0.001 -12"><span class='ocrx_word' id='word_1_127' title='bbox 145 1109 255 1144; x_wconf 85' lang='lat' dir='ltr'>Sociis</span> <span class='ocrx_word' id='word_1_128' title='bbox 270 1121 452 1144; x_wconf 86' lang='lat' dir='ltr'>munerum</span> <span class='ocrx_word' id='word_1_129' title='bbox 472 1110 691 1155; x_wconf 68' lang='lat' dir='ltr'>procuratio,</span> <span class='ocrx_word' id='word_1_130' title='bbox 719 1121 828 1155; x_wconf 85' lang='lat' dir='ltr'>neque</span> <span class='ocrx_word' id='word_1_131' title='bbox 846 1109 942 1144; x_wconf 84' lang='lat' dir='ltr'>locus</span> <span class='ocrx_word' id='word_1_132' title='bbox 957 1109 1130 1144; x_wconf 84' lang='lat' dir='ltr'>domicilio</span> <span class='ocrx_word' id='word_1_133' title='bbox 1149 1113 1404 1155; x_wconf 82' lang='lat' dir='ltr'>proponeretur</span> <span class='ocrx_word' id='word_1_134' title='bbox 1422 1109 1568 1144; x_wconf 90' lang='lat' dir='ltr'>idoneus</span> <span class='ocrx_word' id='word_1_135' title='bbox 1592 1121 1598 1143; x_wconf 89' lang='grc'>;</span> <span class='ocrx_word' id='word_1_136' title='bbox 1621 1109 1666 1143; x_wconf 87' lang='lat' dir='ltr'>ad</span> <span class='ocrx_word' id='word_1_137' title='bbox 1685 1109 1761 1143; x_wconf 78' lang='lat' dir='ltr'>haec</span> 
     </span>
     <span class='ocr_line' id='line_1_15' title="bbox 144 1169 1762 1217; baseline -0.001 -12"><span class='ocrx_word' id='word_1_138' title='bbox 144 1171 324 1206; x_wconf 68' lang='lat' dir='ltr'>exhaust-ee</span> <span class='ocrx_word' id='word_1_139' title='bbox 339 1175 456 1206; x_wconf 83' lang='lat' dir='ltr'>essent</span> <span class='ocrx_word' id='word_1_140' title='bbox 477 1176 670 1217; x_wconf 86' lang='lat' dir='ltr'>temporum</span> <span class='ocrx_word' id='word_1_141' title='bbox 694 1171 822 1216; x_wconf 79' lang='lat' dir='ltr'>injuria</span> <span class='ocrx_word' id='word_1_142' title='bbox 842 1183 924 1216; x_wconf 90' lang='lat' dir='ltr'>opes</span> <span class='ocrx_word' id='word_1_143' title='bbox 944 1171 1096 1205; x_wconf 82' lang='lat' dir='ltr'>civitatis</span> <span class='ocrx_word' id='word_1_144' title='bbox 1116 1171 1216 1210; x_wconf 80' lang='lat' dir='ltr'>adeo,</span> <span class='ocrx_word' id='word_1_145' title='bbox 1239 1175 1276 1205; x_wconf 89' lang='lat' dir='ltr'>ut</span> <span class='ocrx_word' id='word_1_146' title='bbox 1295 1171 1337 1205; x_wconf 92' lang='lat' dir='ltr'>de</span> <span class='ocrx_word' id='word_1_147' title='bbox 1360 1169 1574 1205; x_wconf 87' lang='lat' dir='ltr'>liberalitate</span> <span class='ocrx_word' id='word_1_148' title='bbox 1603 1169 1762 1204; x_wconf 88' lang='lat' dir='ltr'>Caunen-</span> 
     </span>
     <span class='ocr_line' id='line_1_16' title="bbox 144 1230 1760 1278; baseline -0.001 -11"><span class='ocrx_word' id='word_1_149' title='bbox 144 1233 233 1267; x_wconf 86' lang='lat' dir='ltr'>sium</span> <span class='ocrx_word' id='word_1_150' title='bbox 252 1233 287 1267; x_wconf 87' lang='lat' dir='ltr'>in</span> <span class='ocrx_word' id='word_1_151' title='bbox 314 1232 484 1268; x_wconf 88' lang='lat' dir='ltr'>coloniam</span> <span class='ocrx_word' id='word_1_152' title='bbox 506 1233 601 1267; x_wconf 87' lang='lat' dir='ltr'>missi</span> <span class='ocrx_word' id='word_1_153' title='bbox 624 1245 807 1278; x_wconf 82' lang='lat' dir='ltr'>operosam</span> <span class='ocrx_word' id='word_1_154' title='bbox 832 1233 981 1278; x_wconf 74' lang='lat' dir='ltr'>egestati</span> <span class='ocrx_word' id='word_1_155' title='bbox 1005 1245 1078 1267; x_wconf 85' lang='lat' dir='ltr'>suae</span> <span class='ocrx_word' id='word_1_156' title='bbox 1106 1232 1193 1266; x_wconf 88' lang='lat' dir='ltr'>nihil</span> <span class='ocrx_word' id='word_1_157' title='bbox 1212 1232 1358 1267; x_wconf 83' lang='lat' dir='ltr'>subsidii</span> <span class='ocrx_word' id='word_1_158' title='bbox 1383 1233 1555 1267; x_wconf 86' lang='lat' dir='ltr'>haberent</span> <span class='ocrx_word' id='word_1_159' title='bbox 1573 1230 1731 1278; x_wconf 79' lang='lat' dir='ltr'>polliceri</span> <span class='ocrx_word' id='word_1_160' title='bbox 1754 1245 1760 1266; x_wconf 91' lang='lat'>:</span> 
     </span>
     <span class='ocr_line' id='line_1_17' title="bbox 144 1296 1759 1344; baseline -0.002 -12"><span class='ocrx_word' id='word_1_161' title='bbox 144 1303 316 1344; x_wconf 63' lang='lat' dir='ltr'>praeterea</span> <span class='ocrx_word' id='word_1_162' title='bbox 336 1298 500 1344; x_wconf 88' lang='lat' dir='ltr'>oppidum</span> <span class='ocrx_word' id='word_1_163' title='bbox 528 1299 605 1338; x_wconf 81' lang='grc'>1100,</span> <span class='ocrx_word' id='word_1_164' title='bbox 627 1298 735 1332; x_wconf 89' lang='lat' dir='ltr'>leucis</span> <span class='ocrx_word' id='word_1_165' title='bbox 763 1297 945 1331; x_wconf 76' lang='lat' dir='ltr'>duodecim</span> <span class='ocrx_word' id='word_1_166' title='bbox 972 1301 1108 1331; x_wconf 88' lang='lat' dir='ltr'>tantum</span> <span class='ocrx_word' id='word_1_167' title='bbox 1136 1308 1157 1330; x_wconf 88' lang='lat' dir='ltr'>a</span> <span class='ocrx_word' id='word_1_168' title='bbox 1175 1296 1303 1331; x_wconf 86' lang='lat' dir='ltr'>finibus</span> <span class='ocrx_word' id='word_1_169' title='bbox 1327 1297 1507 1331; x_wconf 80' lang='lat' dir='ltr'>Borussiae</span> <span class='ocrx_word' id='word_1_170' title='bbox 1535 1296 1759 1342; x_wconf 88' lang='lat' dir='ltr'>disjunctum,</span> 
     </span>
     <span class='ocr_line' id='line_1_18' title="bbox 144 1358 1762 1404; baseline -0.002 -10"><span class='ocrx_word' id='word_1_171' title='bbox 144 1360 401 1394; x_wconf 84' lang='lat' dir='ltr'>incursionibus</span> <span class='ocrx_word' id='word_1_172' title='bbox 417 1360 567 1394; x_wconf 87' lang='lat' dir='ltr'>hostium</span> <span class='ocrx_word' id='word_1_173' title='bbox 582 1371 658 1394; x_wconf 89' lang='lat' dir='ltr'>esse</span> <span class='ocrx_word' id='word_1_174' title='bbox 674 1359 872 1394; x_wconf 86' lang='lat' dir='ltr'>obnoxium.</span> <span class='ocrx_word' id='word_1_175' title='bbox 896 1360 982 1394; x_wconf 60' lang='lat' dir='ltr'>Hrec</span> <span class='ocrx_word' id='word_1_176' title='bbox 997 1363 1031 1393; x_wconf 88' lang='lat' dir='ltr'>et</span> <span class='ocrx_word' id='word_1_177' title='bbox 1053 1359 1123 1393; x_wconf 87' lang='lat' dir='ltr'>alia</span> <span class='ocrx_word' id='word_1_178' title='bbox 1137 1370 1158 1392; x_wconf 93' lang='lat' dir='ltr'>a</span> <span class='ocrx_word' id='word_1_179' title='bbox 1177 1358 1301 1397; x_wconf 84' lang='lat' dir='ltr'>Sociis,</span> <span class='ocrx_word' id='word_1_180' title='bbox 1320 1370 1446 1392; x_wconf 87' lang='lat' dir='ltr'>munus</span> <span class='ocrx_word' id='word_1_181' title='bbox 1465 1358 1531 1392; x_wconf 80' lang='lat' dir='ltr'>sibi</span> <span class='ocrx_word' id='word_1_182' title='bbox 1545 1358 1762 1404; x_wconf 89' lang='lat' dir='ltr'>propositum</span> 
     </span>
     <span class='ocr_line' id='line_1_19' title="bbox 145 1419 1762 1467; baseline -0.002 -11"><span class='ocrx_word' id='word_1_183' title='bbox 145 1421 399 1462; x_wconf 88' lang='lat' dir='ltr'>recusantibus,</span> <span class='ocrx_word' id='word_1_184' title='bbox 418 1421 452 1455; x_wconf 90' lang='grc'>111</span> <span class='ocrx_word' id='word_1_185' title='bbox 472 1426 716 1467; x_wconf 78' lang='lat' dir='ltr'>argumentum</span> <span class='ocrx_word' id='word_1_186' title='bbox 736 1421 885 1466; x_wconf 75' lang='lat' dir='ltr'>objecta,</span> <span class='ocrx_word' id='word_1_187' title='bbox 905 1421 1015 1455; x_wconf 87' lang='lat' dir='ltr'>levius</span> <span class='ocrx_word' id='word_1_188' title='bbox 1035 1420 1126 1466; x_wconf 86' lang='lat' dir='ltr'>apud</span> <span class='ocrx_word' id='word_1_189' title='bbox 1149 1420 1366 1460; x_wconf 83' lang='lat' dir='ltr'>visitatorem</span> <span class='ocrx_word' id='word_1_190' title='bbox 1391 1419 1592 1453; x_wconf 85' lang='lat' dir='ltr'>Fabricium</span> <span class='ocrx_word' id='word_1_191' title='bbox 1607 1419 1762 1453; x_wconf 88' lang='lat' dir='ltr'>habuere</span> 
     </span>
     <span class='ocr_line' id='line_1_20' title="bbox 145 1480 1758 1529; baseline -0.002 -12"><span class='ocrx_word' id='word_1_192' title='bbox 145 1487 356 1518; x_wconf 83' lang='lat' dir='ltr'>momentum</span> <span class='ocrx_word' id='word_1_193' title='bbox 384 1483 544 1529; x_wconf 73' lang='lat' dir='ltr'>precibus</span> <span class='ocrx_word' id='word_1_194' title='bbox 577 1483 702 1517; x_wconf 90' lang='lat' dir='ltr'>civium</span> <span class='ocrx_word' id='word_1_195' title='bbox 731 1483 849 1517; x_wconf 85' lang='lat' dir='ltr'>Socios</span> <span class='ocrx_word' id='word_1_196' title='bbox 877 1480 1272 1516; x_wconf 78' lang='lat' dir='ltr'>invitantium:videbat</span> <span class='ocrx_word' id='word_1_197' title='bbox 1298 1492 1422 1526; x_wconf 87' lang='lat' dir='ltr'>nempe</span> <span class='ocrx_word' id='word_1_198' title='bbox 1453 1481 1488 1514; x_wconf 93' lang='lat' dir='ltr'>in</span> <span class='ocrx_word' id='word_1_199' title='bbox 1522 1481 1661 1515; x_wconf 86' lang='lat' dir='ltr'>civitate</span> <span class='ocrx_word' id='word_1_200' title='bbox 1693 1480 1758 1514; x_wconf 90' lang='lat' dir='ltr'>fre-</span> 
     </span>
     <span class='ocr_line' id='line_1_21' title="bbox 145 1541 1760 1591; baseline -0.002 -12"><span class='ocrx_word' id='word_1_201' title='bbox 145 1545 277 1591; x_wconf 88' lang='lat' dir='ltr'>quenti,</span> <span class='ocrx_word' id='word_1_202' title='bbox 296 1545 450 1579; x_wconf 88' lang='lat' dir='ltr'>moribus</span> <span class='ocrx_word' id='word_1_203' title='bbox 479 1545 721 1580; x_wconf 69' lang='lat' dir='ltr'>haeretieorum</span> <span class='ocrx_word' id='word_1_204' title='bbox 741 1555 975 1578; x_wconf 73' lang='lat' dir='ltr'>convenarum</span> <span class='ocrx_word' id='word_1_205' title='bbox 1002 1547 1177 1588; x_wconf 86' lang='lat' dir='ltr'>corrupta,</span> <span class='ocrx_word' id='word_1_206' title='bbox 1200 1542 1313 1576; x_wconf 92' lang='lat' dir='ltr'>locum</span> <span class='ocrx_word' id='word_1_207' title='bbox 1339 1542 1384 1575; x_wconf 83' lang='lat' dir='ltr'>ad</span> <span class='ocrx_word' id='word_1_208' title='bbox 1404 1542 1602 1576; x_wconf 89' lang='lat' dir='ltr'>subeundos</span> <span class='ocrx_word' id='word_1_209' title='bbox 1621 1541 1760 1576; x_wconf 87' lang='lat' dir='ltr'>labores</span> 
     </span>
     <span class='ocr_line' id='line_1_22' title="bbox 146 1605 861 1651; baseline 0 -12"><span class='ocrx_word' id='word_1_210' title='bbox 146 1610 183 1640; x_wconf 93' lang='lat' dir='ltr'>ut</span> <span class='ocrx_word' id='word_1_211' title='bbox 198 1605 354 1640; x_wconf 88' lang='lat' dir='ltr'>difficiles</span> <span class='ocrx_word' id='word_1_212' title='bbox 369 1606 417 1639; x_wconf 89' lang='lat' dir='ltr'>sic</span> <span class='ocrx_word' id='word_1_213' title='bbox 431 1606 620 1651; x_wconf 76' lang='lat' dir='ltr'>frugiferos</span> <span class='ocrx_word' id='word_1_214' title='bbox 635 1605 861 1651; x_wconf 86' lang='lat' dir='ltr'>peramplum.</span> 
     </span>
    </p>

    <p class='ocr_par' dir='ltr' id='par_1_4' title="bbox 145 1664 1766 2516">
     <span class='ocr_line' id='line_1_23' title="bbox 195 1664 1761 1711; baseline -0.003 -9"><span class='ocrx_word' id='word_1_215' title='bbox 195 1668 289 1702; x_wconf 88' lang='lat' dir='ltr'>Urbs</span> <span class='ocrx_word' id='word_1_216' title='bbox 320 1668 396 1702; x_wconf 80' lang='lat' dir='ltr'>haec</span> <span class='ocrx_word' id='word_1_217' title='bbox 416 1668 591 1702; x_wconf 68' lang='lat' dir='ltr'>Lituaniee</span> <span class='ocrx_word' id='word_1_218' title='bbox 622 1672 733 1707; x_wconf 82' lang='lat' dir='ltr'>vetus,</span> <span class='ocrx_word' id='word_1_219' title='bbox 756 1670 789 1701; x_wconf 89' lang='lat' dir='ltr'>et</span> <span class='ocrx_word' id='word_1_220' title='bbox 815 1665 1003 1711; x_wconf 64' lang='lat' dir='ltr'>aliqnando</span> <span class='ocrx_word' id='word_1_221' title='bbox 1030 1664 1237 1709; x_wconf 82' lang='lat' dir='ltr'>permunita,</span> <span class='ocrx_word' id='word_1_222' title='bbox 1256 1664 1452 1699; x_wconf 87' lang='lat' dir='ltr'>Nemenum</span> <span class='ocrx_word' id='word_1_223' title='bbox 1472 1665 1561 1699; x_wconf 84' lang='lat' dir='ltr'>inter</span> <span class='ocrx_word' id='word_1_224' title='bbox 1577 1667 1611 1699; x_wconf 89' lang='lat' dir='ltr'>et</span> <span class='ocrx_word' id='word_1_225' title='bbox 1631 1664 1761 1698; x_wconf 89' lang='lat' dir='ltr'>Viliam</span> 
     </span>
     <span class='ocr_line' id='line_1_24' title="bbox 145 1725 1763 1771; baseline -0.002 -7"><span class='ocrx_word' id='word_1_226' title='bbox 145 1730 300 1771; x_wconf 80' lang='lat' dir='ltr'>flumina,</span> <span class='ocrx_word' id='word_1_227' title='bbox 319 1730 406 1764; x_wconf 68' lang='lat' dir='ltr'>coelo</span> <span class='ocrx_word' id='word_1_228' title='bbox 427 1730 571 1769; x_wconf 81' lang='lat' dir='ltr'>salubri,</span> <span class='ocrx_word' id='word_1_229' title='bbox 593 1730 668 1764; x_wconf 89' lang='lat' dir='ltr'>loco</span> <span class='ocrx_word' id='word_1_230' title='bbox 694 1729 760 1763; x_wconf 91' lang='lat' dir='ltr'>sita</span> <span class='ocrx_word' id='word_1_231' title='bbox 787 1727 1036 1767; x_wconf 48' lang='lat' dir='ltr'>amoenissimo,</span> <span class='ocrx_word' id='word_1_232' title='bbox 1059 1730 1091 1760; x_wconf 91' lang='lat' dir='ltr'>et</span> <span class='ocrx_word' id='word_1_233' title='bbox 1119 1725 1292 1759; x_wconf 81' lang='lat' dir='ltr'>mercibus</span> <span class='ocrx_word' id='word_1_234' title='bbox 1320 1726 1470 1760; x_wconf 79' lang='lat' dir='ltr'>maxime</span> <span class='ocrx_word' id='word_1_235' title='bbox 1498 1730 1705 1771; x_wconf 88' lang='lat' dir='ltr'>opportuno.</span> <span class='ocrx_word' id='word_1_236' title='bbox 1725 1726 1763 1760; x_wconf 82' lang='lat' dir='ltr'>Si</span> 
     </span>
     <span class='ocr_line' id='line_1_25' title="bbox 146 1787 1763 1837; baseline -0.004 -11"><span class='ocrx_word' id='word_1_237' title='bbox 146 1793 272 1832; x_wconf 86' lang='lat' dir='ltr'>forum,</span> <span class='ocrx_word' id='word_1_238' title='bbox 292 1792 321 1826; x_wconf 90' lang='lat' dir='ltr'>si</span> <span class='ocrx_word' id='word_1_239' title='bbox 349 1792 442 1826; x_wconf 69' lang='lat' dir='ltr'>{edes</span> <span class='ocrx_word' id='word_1_240' title='bbox 470 1803 657 1837; x_wconf 77' lang='lat' dir='ltr'>earuimpie</span> <span class='ocrx_word' id='word_1_241' title='bbox 686 1791 952 1836; x_wconf 61' lang='lat' dir='ltr'>descrsptionem</span> <span class='ocrx_word' id='word_1_242' title='bbox 984 1793 1131 1833; x_wconf 87' lang='lat' dir='ltr'>spectes,</span> <span class='ocrx_word' id='word_1_243' title='bbox 1150 1788 1285 1821; x_wconf 86' lang='lat' dir='ltr'>urbium</span> <span class='ocrx_word' id='word_1_244' title='bbox 1313 1788 1464 1821; x_wconf 92' lang='lat' dir='ltr'>omnium</span> <span class='ocrx_word' id='word_1_245' title='bbox 1502 1787 1763 1821; x_wconf 88' lang='lat' dir='ltr'>Lituanicarum</span> 
     </span>
     <span class='ocr_line' id='line_1_26' title="bbox 146 1848 1761 1901; baseline -0.004 -12"><span class='ocrx_word' id='word_1_246' title='bbox 146 1855 393 1901; x_wconf 86' lang='lat' dir='ltr'>pulcherrima.</span> <span class='ocrx_word' id='word_1_247' title='bbox 415 1855 567 1900; x_wconf 82' lang='lat' dir='ltr'>Antiqua</span> <span class='ocrx_word' id='word_1_248' title='bbox 585 1855 644 1888; x_wconf 91' lang='lat' dir='ltr'>illa</span> <span class='ocrx_word' id='word_1_249' title='bbox 665 1854 841 1892; x_wconf 87' lang='lat' dir='ltr'>nobilium,</span> <span class='ocrx_word' id='word_1_250' title='bbox 864 1852 954 1897; x_wconf 77' lang='lat' dir='ltr'>quod</span> <span class='ocrx_word' id='word_1_251' title='bbox 974 1852 1084 1890; x_wconf 85' lang='lat' dir='ltr'>aiunt,</span> <span class='ocrx_word' id='word_1_252' title='bbox 1107 1848 1280 1895; x_wconf 78' lang='lat' dir='ltr'>quondam</span> <span class='ocrx_word' id='word_1_253' title='bbox 1301 1849 1365 1883; x_wconf 85' lang='lat' dir='ltr'>fuit</span> <span class='ocrx_word' id='word_1_254' title='bbox 1389 1849 1680 1894; x_wconf 83' lang='lat' dir='ltr'>emeritorumque</span> <span class='ocrx_word' id='word_1_255' title='bbox 1700 1849 1761 1884; x_wconf 89' lang='lat' dir='ltr'>sti-</span> 
     </span>
     <span class='ocr_line' id='line_1_27' title="bbox 146 1911 1758 1963; baseline -0.002 -13"><span class='ocrx_word' id='word_1_256' title='bbox 146 1917 274 1963; x_wconf 89' lang='lat' dir='ltr'>pendia</span> <span class='ocrx_word' id='word_1_257' title='bbox 292 1916 438 1951; x_wconf 87' lang='lat' dir='ltr'>militnm</span> <span class='ocrx_word' id='word_1_258' title='bbox 454 1916 566 1957; x_wconf 89' lang='lat' dir='ltr'>sedes,</span> <span class='ocrx_word' id='word_1_259' title='bbox 589 1916 865 1950; x_wconf 87' lang='lat' dir='ltr'>immunitatibus</span> <span class='ocrx_word' id='word_1_260' title='bbox 881 1914 1009 1947; x_wconf 83' lang='lat' dir='ltr'>donata</span> <span class='ocrx_word' id='word_1_261' title='bbox 1024 1912 1220 1958; x_wconf 71' lang='lat' dir='ltr'>praecipuis.</span> <span class='ocrx_word' id='word_1_262' title='bbox 1240 1911 1368 1945; x_wconf 65' lang='grc' dir='ltr'>111001κο</span> <span class='ocrx_word' id='word_1_263' title='bbox 1384 1922 1444 1956; x_wconf 88' lang='lat' dir='ltr'>per</span> <span class='ocrx_word' id='word_1_264' title='bbox 1459 1912 1666 1946; x_wconf 86' lang='lat' dir='ltr'>commercia</span> <span class='ocrx_word' id='word_1_265' title='bbox 1681 1924 1758 1946; x_wconf 89' lang='lat' dir='ltr'>cum</span> 
     </span>
     <span class='ocr_line' id='line_1_28' title="bbox 148 1973 1762 2019; baseline -0.003 -6"><span class='ocrx_word' id='word_1_266' title='bbox 148 1978 323 2019; x_wconf 79' lang='lat' dir='ltr'>Prutenis,</span> <span class='ocrx_word' id='word_1_267' title='bbox 354 1982 388 2013; x_wconf 86' lang='lat' dir='ltr'>et</span> <span class='ocrx_word' id='word_1_268' title='bbox 412 1978 629 2012; x_wconf 80' lang='lat' dir='ltr'>advenarum</span> <span class='ocrx_word' id='word_1_269' title='bbox 669 1977 877 2015; x_wconf 79' lang='lat' dir='ltr'>confluxum,</span> <span class='ocrx_word' id='word_1_270' title='bbox 911 1974 1119 2019; x_wconf 71' lang='lat' dir='ltr'>relig-ionum</span> <span class='ocrx_word' id='word_1_271' title='bbox 1147 1978 1247 2008; x_wconf 84' lang='lat' dir='ltr'>erant</span> <span class='ocrx_word' id='word_1_272' title='bbox 1277 1973 1475 2013; x_wconf 86' lang='lat' dir='ltr'>variarum;</span> <span class='ocrx_word' id='word_1_273' title='bbox 1511 1973 1682 2019; x_wconf 81' lang='lat' dir='ltr'>hodieque</span> <span class='ocrx_word' id='word_1_274' title='bbox 1716 1974 1762 2008; x_wconf 90' lang='lat' dir='ltr'>ibi</span> 
     </span>
     <span class='ocr_line' id='line_1_29' title="bbox 148 2034 1760 2086; baseline -0.002 -12"><span class='ocrx_word' id='word_1_275' title='bbox 148 2040 304 2086; x_wconf 80' lang='lat' dir='ltr'>reperias</span> <span class='ocrx_word' id='word_1_276' title='bbox 336 2039 520 2085; x_wconf 84' lang='lat' dir='ltr'>plerosque</span> <span class='ocrx_word' id='word_1_277' title='bbox 563 2040 746 2074; x_wconf 47' lang='lat' dir='ltr'>haereticos</span> <span class='ocrx_word' id='word_1_278' title='bbox 775 2050 792 2072; x_wconf 89' lang='lat' dir='ltr'>e</span> <span class='ocrx_word' id='word_1_279' title='bbox 824 2042 917 2071; x_wconf 81' lang='lat' dir='ltr'>secta</span> <span class='ocrx_word' id='word_1_280' title='bbox 949 2035 1096 2069; x_wconf 82' lang='lat' dir='ltr'>maxime</span> <span class='ocrx_word' id='word_1_281' title='bbox 1127 2035 1356 2069; x_wconf 82' lang='lat' dir='ltr'>lutheranica.</span> <span class='ocrx_word' id='word_1_282' title='bbox 1382 2034 1535 2069; x_wconf 82' lang='lat' dir='ltr'>Perutile</span> <span class='ocrx_word' id='word_1_283' title='bbox 1573 2038 1760 2080; x_wconf 84' lang='lat' dir='ltr'>propterea</span> 
     </span>
     <span class='ocr_line' id='line_1_30' title="bbox 146 2097 1761 2140; baseline -0.002 -5"><span class='ocrx_word' id='word_1_284' title='bbox 146 2101 301 2135; x_wconf 85' lang='lat' dir='ltr'>futurum</span> <span class='ocrx_word' id='word_1_285' title='bbox 321 2101 482 2135; x_wconf 83' lang='lat' dir='ltr'>Fabricio</span> <span class='ocrx_word' id='word_1_286' title='bbox 497 2101 621 2140; x_wconf 81' lang='lat' dir='ltr'>visum,</span> <span class='ocrx_word' id='word_1_287' title='bbox 644 2101 671 2134; x_wconf 86' lang='lat' dir='ltr'>si</span> <span class='ocrx_word' id='word_1_288' title='bbox 690 2100 789 2134; x_wconf 85' lang='lat' dir='ltr'>labor</span> <span class='ocrx_word' id='word_1_289' title='bbox 804 2099 983 2133; x_wconf 83' lang='lat' dir='ltr'>Sociorum</span> <span class='ocrx_word' id='word_1_290' title='bbox 1002 2097 1036 2131; x_wconf 89' lang='lat' dir='ltr'>in</span> <span class='ocrx_word' id='word_1_291' title='bbox 1056 2097 1196 2132; x_wconf 72' lang='lat' dir='ltr'>civitate</span> <span class='ocrx_word' id='word_1_292' title='bbox 1213 2098 1279 2131; x_wconf 85' lang='lat' dir='ltr'>ista</span> <span class='ocrx_word' id='word_1_293' title='bbox 1294 2102 1508 2131; x_wconf 85' lang='lat' dir='ltr'>versaretur.</span> <span class='ocrx_word' id='word_1_294' title='bbox 1528 2097 1761 2132; x_wconf 87' lang='lat' dir='ltr'>Invitantibus</span> 
     </span>
     <span class='ocr_line' id='line_1_31' title="bbox 148 2159 1762 2209; baseline -0.002 -12"><span class='ocrx_word' id='word_1_295' title='bbox 148 2162 294 2209; x_wconf 87' lang='lat' dir='ltr'>proinde</span> <span class='ocrx_word' id='word_1_296' title='bbox 312 2174 442 2197; x_wconf 88' lang='lat' dir='ltr'>morem</span> <span class='ocrx_word' id='word_1_297' title='bbox 467 2162 581 2207; x_wconf 81' lang='lat' dir='ltr'>gerit:</span> <span class='ocrx_word' id='word_1_298' title='bbox 605 2163 707 2196; x_wconf 84' lang='lat' dir='ltr'>mittit</span> <span class='ocrx_word' id='word_1_299' title='bbox 726 2174 806 2196; x_wconf 89' lang='lat' dir='ltr'>suos</span> <span class='ocrx_word' id='word_1_300' title='bbox 834 2163 867 2195; x_wconf 90' lang='lat' dir='ltr'>in</span> <span class='ocrx_word' id='word_1_301' title='bbox 900 2161 1083 2195; x_wconf 83' lang='lat' dir='ltr'>coloniam.</span> <span class='ocrx_word' id='word_1_302' title='bbox 1107 2160 1264 2204; x_wconf 71' lang='lat' dir='ltr'>Quinque</span> <span class='ocrx_word' id='word_1_303' title='bbox 1284 2159 1384 2204; x_wconf 83' lang='lat' dir='ltr'>primi</span> <span class='ocrx_word' id='word_1_304' title='bbox 1413 2171 1539 2194; x_wconf 89' lang='lat' dir='ltr'>venere</span> <span class='ocrx_word' id='word_1_305' title='bbox 1563 2160 1762 2195; x_wconf 81' lang='lat' dir='ltr'>sacerdotes</span> 
     </span>
     <span class='ocr_line' id='line_1_32' title="bbox 149 2221 1760 2268; baseline -0.002 -9"><span class='ocrx_word' id='word_1_306' title='bbox 149 2225 219 2259; x_wconf 83' lang='lat' dir='ltr'>XV</span> <span class='ocrx_word' id='word_1_307' title='bbox 236 2224 408 2259; x_wconf 85' lang='lat' dir='ltr'>kalendas</span> <span class='ocrx_word' id='word_1_308' title='bbox 423 2224 532 2259; x_wconf 87' lang='lat' dir='ltr'>maias</span> <span class='ocrx_word' id='word_1_309' title='bbox 551 2237 556 2258; x_wconf 89' lang='lat'>:</span> <span class='ocrx_word' id='word_1_310' title='bbox 575 2224 730 2258; x_wconf 85' lang='lat' dir='ltr'>Adamus</span> <span class='ocrx_word' id='word_1_311' title='bbox 746 2223 995 2258; x_wconf 78' lang='lat' dir='ltr'>Sobolevskius</span> <span class='ocrx_word' id='word_1_312' title='bbox 1011 2234 1028 2256; x_wconf 89' lang='lat' dir='ltr'>e</span> <span class='ocrx_word' id='word_1_313' title='bbox 1045 2222 1201 2267; x_wconf 70' lang='lat' dir='ltr'>Collegi«)</span> <span class='ocrx_word' id='word_1_314' title='bbox 1226 2221 1401 2261; x_wconf 86' lang='lat' dir='ltr'>Crosensi,</span> <span class='ocrx_word' id='word_1_315' title='bbox 1425 2221 1565 2255; x_wconf 87' lang='lat' dir='ltr'>aliunde</span> <span class='ocrx_word' id='word_1_316' title='bbox 1586 2221 1760 2268; x_wconf 79' lang='lat' dir='ltr'>Georgius</span> 
     </span>
     <span class='ocr_line' id='line_1_33' title="bbox 150 2283 1763 2331; baseline -0.002 -10"><span class='ocrx_word' id='word_1_317' title='bbox 150 2287 448 2331; x_wconf 83' lang='lat' dir='ltr'>Grunembergus,</span> <span class='ocrx_word' id='word_1_318' title='bbox 482 2290 516 2320; x_wconf 91' lang='lat' dir='ltr'>et</span> <span class='ocrx_word' id='word_1_319' title='bbox 550 2290 621 2320; x_wconf 87' lang='lat' dir='ltr'>tres</span> <span class='ocrx_word' id='word_1_320' title='bbox 660 2287 818 2330; x_wconf 77' lang='lat' dir='ltr'>germani</span> <span class='ocrx_word' id='word_1_321' title='bbox 856 2286 981 2319; x_wconf 83' lang='lat' dir='ltr'>fratres</span> <span class='ocrx_word' id='word_1_322' title='bbox 1022 2284 1227 2318; x_wconf 79' lang='lat' dir='ltr'>Koialovicii</span> <span class='ocrx_word' id='word_1_323' title='bbox 1251 2296 1256 2316; x_wconf 90' lang='lat'>:</span> <span class='ocrx_word' id='word_1_324' title='bbox 1279 2283 1458 2323; x_wconf 86' lang='lat' dir='ltr'>Albertus,</span> <span class='ocrx_word' id='word_1_325' title='bbox 1489 2284 1693 2323; x_wconf 88' lang='lat' dir='ltr'>Casimirus,</span> <span class='ocrx_word' id='word_1_326' title='bbox 1729 2287 1763 2318; x_wconf 89' lang='lat' dir='ltr'>et</span> 
     </span>
     <span class='ocr_line' id='line_1_34' title="bbox 150 2344 1763 2390; baseline -0.002 -8"><span class='ocrx_word' id='word_1_327' title='bbox 150 2349 289 2383; x_wconf 85' lang='lat' dir='ltr'>Petrus.</span> <span class='ocrx_word' id='word_1_328' title='bbox 309 2349 355 2382; x_wconf 93' lang='lat' dir='ltr'>Hi</span> <span class='ocrx_word' id='word_1_329' title='bbox 377 2352 448 2382; x_wconf 86' lang='lat' dir='ltr'>tres</span> <span class='ocrx_word' id='word_1_330' title='bbox 468 2348 615 2381; x_wconf 76' lang='lat' dir='ltr'>maxime</span> <span class='ocrx_word' id='word_1_331' title='bbox 630 2348 829 2381; x_wconf 80' lang='lat' dir='ltr'>Fabricium</span> <span class='ocrx_word' id='word_1_332' title='bbox 844 2347 878 2381; x_wconf 90' lang='lat' dir='ltr'>in</span> <span class='ocrx_word' id='word_1_333' title='bbox 897 2346 1042 2380; x_wconf 80' lang='lat' dir='ltr'>consilio</span> <span class='ocrx_word' id='word_1_334' title='bbox 1058 2349 1217 2390; x_wconf 85' lang='lat' dir='ltr'>suscepto</span> <span class='ocrx_word' id='word_1_335' title='bbox 1237 2344 1507 2385; x_wconf 84' lang='lat' dir='ltr'>confirmarunt;</span> <span class='ocrx_word' id='word_1_336' title='bbox 1529 2345 1699 2390; x_wconf 86' lang='lat' dir='ltr'>appositis</span> <span class='ocrx_word' id='word_1_337' title='bbox 1719 2345 1763 2379; x_wconf 87' lang='lat' dir='ltr'>ad</span> 
     </span>
     <span class='ocr_line' id='line_1_35' title="bbox 151 2406 1762 2454; baseline -0.003 -10"><span class='ocrx_word' id='word_1_338' title='bbox 151 2409 383 2444; x_wconf 87' lang='lat' dir='ltr'>Caunensium</span> <span class='ocrx_word' id='word_1_339' title='bbox 403 2409 494 2443; x_wconf 88' lang='lat' dir='ltr'>dona</span> <span class='ocrx_word' id='word_1_340' title='bbox 512 2409 616 2443; x_wconf 89' lang='lat' dir='ltr'>rebus</span> <span class='ocrx_word' id='word_1_341' title='bbox 640 2409 731 2443; x_wconf 84' lang='lat' dir='ltr'>suis:</span> <span class='ocrx_word' id='word_1_342' title='bbox 758 2409 832 2444; x_wconf 81' lang='lat' dir='ltr'>aede</span> <span class='ocrx_word' id='word_1_343' title='bbox 856 2409 989 2454; x_wconf 75' lang='lat' dir='ltr'>lapidea</span> <span class='ocrx_word' id='word_1_344' title='bbox 1009 2408 1043 2441; x_wconf 86' lang='lat' dir='ltr'>in</span> <span class='ocrx_word' id='word_1_345' title='bbox 1065 2407 1139 2452; x_wconf 88' lang='lat' dir='ltr'>ipso</span> <span class='ocrx_word' id='word_1_346' title='bbox 1162 2407 1256 2440; x_wconf 82' lang='lat' dir='ltr'>urbis</span> <span class='ocrx_word' id='word_1_347' title='bbox 1279 2407 1366 2446; x_wconf 79' lang='lat' dir='ltr'>soro,</span> <span class='ocrx_word' id='word_1_348' title='bbox 1396 2410 1430 2441; x_wconf 89' lang='lat' dir='ltr'>et</span> <span class='ocrx_word' id='word_1_349' title='bbox 1448 2406 1656 2452; x_wconf 90' lang='lat' dir='ltr'>supellectili</span> <span class='ocrx_word' id='word_1_350' title='bbox 1676 2406 1762 2440; x_wconf 87' lang='lat' dir='ltr'>mul-</span> 
     </span>
     <span class='ocr_line' id='line_1_36' title="bbox 149 2468 1766 2516; baseline -0.002 -12"><span class='ocrx_word' id='word_1_351' title='bbox 149 2471 278 2516; x_wconf 87' lang='lat' dir='ltr'>tiplice.</span> <span class='ocrx_word' id='word_1_352' title='bbox 301 2470 428 2505; x_wconf 83' lang='lat' dir='ltr'>Grates</span> <span class='ocrx_word' id='word_1_353' title='bbox 454 2470 554 2505; x_wconf 89' lang='lat' dir='ltr'>bonis</span> <span class='ocrx_word' id='word_1_354' title='bbox 581 2470 725 2511; x_wconf 88' lang='lat' dir='ltr'>civibus,</span> <span class='ocrx_word' id='word_1_355' title='bbox 753 2482 816 2505; x_wconf 86' lang='lat' dir='ltr'>sua</span> <span class='ocrx_word' id='word_1_356' title='bbox 842 2471 996 2515; x_wconf 87' lang='lat' dir='ltr'>ipsorum</span> <span class='ocrx_word' id='word_1_357' title='bbox 1026 2468 1215 2507; x_wconf 85' lang='lat' dir='ltr'>voluntate,</span> <span class='ocrx_word' id='word_1_358' title='bbox 1246 2468 1413 2513; x_wconf 86' lang='lat' dir='ltr'>hospites,</span> <span class='ocrx_word' id='word_1_359' title='bbox 1436 2479 1502 2513; x_wconf 87' lang='lat' dir='ltr'>quo</span> <span class='ocrx_word' id='word_1_360' title='bbox 1531 2471 1766 2502; x_wconf 87' lang='lat' dir='ltr'>tractarentur</span> 
     </span>
    </p>
   </div>
   <div class='ocr_carea' id='block_1_3' title="bbox 1786 373 1848 400">
    <p class='ocr_par' dir='ltr' id='par_1_5' title="bbox 1786 373 1848 400">
     <span class='ocr_line' id='line_1_37' title="bbox 1786 373 1848 400; baseline -0.016 0"><span class='ocrx_word' id='word_1_361' title='bbox 1786 373 1848 400; x_wconf 78' lang='lat'>1642</span> 
     </span>
    </p>
   </div>
   <div class='ocr_carea' id='block_1_4' title="bbox 1787 809 1898 994">
    <p class='ocr_par' dir='ltr' id='par_1_6' title="bbox 1787 809 1898 994">
     <span class='ocr_line' id='line_1_38' title="bbox 1852 809 1866 833; baseline 0 0"><span class='ocrx_word' id='word_1_362' title='bbox 1852 809 1866 833; x_wconf 88' lang='grc'>7</span> 
     </span>
     <span class='ocr_line' id='line_1_39' title="bbox 1787 847 1883 873; baseline 0 0"><span class='ocrx_word' id='word_1_363' title='bbox 1787 847 1883 873; x_wconf 78' lang='lat' dir='ltr'>Caunae</span> 
     </span>
     <span class='ocr_line' id='line_1_40' title="bbox 1787 887 1894 919; baseline -0.009 -7"><span class='ocrx_word' id='word_1_364' title='bbox 1787 887 1894 919; x_wconf 85' lang='lat' dir='ltr'>ponitur</span> 
     </span>
     <span class='ocr_line' id='line_1_41' title="bbox 1788 927 1898 953; baseline 0.009 -1"><span class='ocrx_word' id='word_1_365' title='bbox 1788 927 1898 953; x_wconf 80' lang='lat' dir='ltr'>domici-</span> 
     </span>
     <span class='ocr_line' id='line_1_42' title="bbox 1788 967 1862 994; baseline -0.027 0"><span class='ocrx_word' id='word_1_366' title='bbox 1788 967 1862 994; x_wconf 86' lang='lat' dir='ltr'>lium.</span> 
     </span>
    </p>
   </div>
   <div class='ocr_carea' id='block_1_5' title="bbox 1791 1650 1939 1716">
    <p class='ocr_par' dir='ltr' id='par_1_7' title="bbox 1791 1650 1939 1716">
     <span class='ocr_line' id='line_1_43' title="bbox 1792 1650 1939 1684; baseline 0 -8"><span class='ocrx_word' id='word_1_367' title='bbox 1792 1650 1939 1684; x_wconf 81' lang='lat' dir='ltr'>Descriptio</span> 
     </span>
     <span class='ocr_line' id='line_1_44' title="bbox 1791 1690 1872 1716; baseline 0 -1"><span class='ocrx_word' id='word_1_368' title='bbox 1791 1690 1872 1716; x_wconf 88' lang='lat' dir='ltr'>urbis.</span> 
     </span>
    </p>
   </div>
   <div class='ocr_carea' id='block_1_6' title="bbox 1793 2174 1918 2277">
    <p class='ocr_par' dir='ltr' id='par_1_8' title="bbox 1793 2174 1918 2277">
     <span class='ocr_line' id='line_1_45' title="bbox 1793 2174 1900 2200; baseline -0.009 0"><span class='ocrx_word' id='word_1_369' title='bbox 1793 2174 1861 2200; x_wconf 84' lang='lat' dir='ltr'>Socii</span> <span class='ocrx_word' id='word_1_370' title='bbox 1874 2174 1900 2199; x_wconf 87' lang='lat' dir='ltr'>in</span> 
     </span>
     <span class='ocr_line' id='line_1_46' title="bbox 1793 2213 1918 2239; baseline -0.008 0"><span class='ocrx_word' id='word_1_371' title='bbox 1793 2213 1918 2239; x_wconf 82' lang='lat' dir='ltr'>coloniam</span> 
     </span>
     <span class='ocr_line' id='line_1_47' title="bbox 1793 2251 1879 2277; baseline 0 0"><span class='ocrx_word' id='word_1_372' title='bbox 1793 2251 1879 2277; x_wconf 85' lang='lat' dir='ltr'>missi.</span> 
     </span>
    </p>
   </div>
  </div>
 </body>
</html>
