2184 2953
375 306 436 339 454
1072 307 1306 337 APPENDICES.

373 405 464 441 ferre
492 405 598 440 unitis
626 409 660 441 et
688 405 830 440 tradere
848 405 1044 440 non-unitis
1062 405 1180 446 vellet,
1197 407 1319 439 contra
1324 403 1406 449 jura
1424 403 1601 438 unitorum
1629 400 1773 441 faceret,
1794 410 1836 434 ac
1854 398 2001 446 proinde

374 461 539 508 injuriam
553 461 623 496 illis
638 461 794 502 inferret,
812 473 875 496 nec
893 465 1012 508 posset
1030 461 1098 495 nisi
1116 460 1196 507 lege
1210 460 1341 506 injusta
1356 470 1397 494 ea
1411 458 1480 493 illis
1504 458 1672 496 adimere,
1711 467 1789 502 quae
1819 455 1889 490 illis
1918 455 2002 490 solis

374 517 605 563 (nequaquam
619 528 701 551 vero
713 517 943 552 schismaticis
955 516 1170 562 nominatim)
1191 516 1273 561 jure
1291 515 1477 550 Pontificio
1497 519 1531 550 et
1560 513 1676 559 Regio
1699 512 1804 547 immo
1828 515 1862 547 et
1893 511 2001 546 totius

374 572 594 618 Reipublicae
631 573 799 607 nostratis
831 577 1041 620 competant,
1075 573 1166 618 quod
1200 572 1249 606 sic
1268 571 1427 605 ostendo.

424 627 525 667 Quod
544 629 629 675 jura
664 628 852 663 Pontificia
884 629 1076 675 peculiaria
1106 640 1169 675 pro
1196 626 1372 662 Ruthenis
1392 625 1496 660 unitis
1518 624 1660 665 faciant,
1692 623 1828 658 omissis
1851 622 2001 658 decretis

375 687 597 723 Summorum
612 686 824 721 Pontificum
839 698 861 721 a
883 699 938 722 me
956 697 1062 732 supra
1077 684 1211 725 relatis,
1232 683 1310 718 haec
1327 681 1534 717 nominatim
1552 692 1626 715 rem
1645 679 1808 714 evincunt
1827 691 1834 713 :

428 744 461 778 1Ο
485 742 712 788 Rescriptum
741 743 796 777 Pii
828 744 860 778 ΙΙ
884 743 929 777 ad
956 743 1095 788 Regem
1123 739 1281 775 Poloniae
1308 738 1515 773 Casimirum
1538 735 1800 782 Jagellonidem
1818 746 1877 770 an.
1911 735 2005 771 1450

375 799 493 847 [immo
529 797 635 845 1458]
655 797 817 839 missum;
846 798 883 832 in
912 809 979 843 quo
1011 797 1144 838 scribit,
1170 794 1386 830 antecessori
1416 806 1478 828 suo
1498 792 1648 828 Callixto
1669 792 1721 826 Ill
1742 790 1916 826 Isidorum
1935 802 2005 826 me-

372 854 576 902 tropolitam
593 854 700 889 totius
719 854 860 888 Russiae
875 858 909 888 et
927 853 1230 899 archiepiscopum
1248 850 1475 886 Kioviensem
1490 849 1691 894 resignasse
1707 847 1800 882 hunc
1814 847 2005 893 archiepis-

375 915 554 958 copatum,
576 914 610 946 et
629 910 803 945 calixtum
822 911 898 956 ejus
926 910 1003 945 loco
1023 910 1130 945 alium
1149 909 1301 956 (nomine
1320 906 1542 953 Gregorium,
1554 904 1867 940 archimandritam
1881 904 1918 939 S.
1936 904 2005 940 De-

374 967 490 1002 metrii
505 965 881 1011 Constantinopolitani
896 978 973 1001 cum
988 966 1024 1001 S.
1037 967 1083 1001 R.
1102 966 1145 1000 E.
1163 965 1310 1010 unitum)
1330 964 1542 1004 nominasse,
1565 962 1665 1008 eique
1680 972 1800 996 omnes
1825 960 2007 1006 episcopos

377 1027 411 1059 et
447 1023 668 1069 episcopatus
688 1022 797 1068 graeci
824 1022 911 1056 ritus
927 1023 1023 1069 (quos
1051 1022 1098 1056 ibi
1123 1021 1287 1056 distincte
1320 1019 1490 1059 nominat,
1524 1017 1722 1064 praesertim
1765 1016 2005 1058 Kioviensem,

376 1078 676 1118 Premisliensem,
699 1077 983 1118 Luceoriensem,
996 1076 1246 1117 Haliciensem‚
1264 1076 1344 1115 etc.)
1364 1074 1580 1115 subdidisse3
1606 1072 1753 1119 proinde
1776 1083 1814 1108 se
1828 1083 1888 1107 eos
1914 1083 2007 1106 com-

379 1133 544 1170 mendare
562 1133 771 1180 protectioni
789 1134 913 1179 regiae,
937 1137 972 1168 et
990 1144 1118 1178 rogare
1142 1136 1180 1167 ut
1207 1132 1335 1167 Jonam
1361 1131 1641 1172 schismaticum,
1663 1130 1721 1176 qui
1748 1141 1787 1165 se
1816 1130 2009 1165 intruserat

379 1190 416 1225 in
436 1190 565 1224 dictam
596 1188 829 1234 metropolim,
876 1189 989 1235 poenis
1020 1194 1178 1225 coerceat
1196 1202 1203 1231 ;
1238 1188 1394 1234 legitimo
1425 1194 1544 1224 autem
1567 1187 1800 1235 metropolitae
1835 1187 2008 1233 Gregorio

379 1259 457 1283 cum
489 1247 526 1282 S.
547 1246 594 1281 R.
619 1246 662 1280 E.
686 1245 781 1280 unito
806 1246 948 1282 obedire
964 1247 1072 1282 faciat
1090 1258 1210 1282 omnes
1230 1246 1317 1281 alios
1333 1245 1442 1292 graeci
1465 1245 1554 1279 ritus
1576 1244 1771 1290 episcopos,
1789 1246 1823 1278 et
1847 1243 2008 1278 homines

379 1303 416 1339 in
440 1314 551 1349 regno
599 1301 759 1337 Poloniae
790 1301 981 1337 existentes
1001 1308 1067 1339 etc.
1090 1305 1186 1350 Ergo
1206 1315 1326 1339 omnes
1363 1302 1583 1349 episcopatus
1611 1304 1644 1336 et
1678 1299 1836 1336 ecclesiae
1866 1300 2010 1335 Russiae

378 1359 485 1396 unitis
529 1357 673 1404 speciali
716 1356 856 1392 decreto
883 1358 1067 1395 Pontificis
1095 1364 1177 1395 sunt
1194 1359 1402 1406 applicatae;
1436 1371 1478 1394 ac
1502 1359 1648 1405 proinde
1679 1358 1754 1394 sine
1779 1358 1910 1405 injuria
1937 1369 2008 1393 non

383 1418 532 1464 possunt
544 1413 670 1448 abillis
684 1413 828 1454 auferri,
846 1417 881 1449 et
899 1416 1094 1450 non-unitis
1113 1416 1216 1451 tradi.

427 1472 465 1507 2⁰
484 1471 636 1505 Exstant
651 1468 780 1504 litterae
796 1469 922 1504 Isidori
937 1472 1171 1518 metropolitae
1190 1471 1405 1511 Kioviensis‚
1432 1472 1555 1517 Legati
1575 1482 1596 1506 a
1620 1470 1727 1505 latere
1747 1470 1848 1506 Sedis
1861 1469 2010 1516 Aposto-

380 1526 471 1568 licae,
493 1526 613 1560 decem
631 1526 668 1570 (2)
689 1525 793 1560 annis
808 1525 1037 1572 antiquiores,
1053 1528 1192 1574 scriptae
1206 1539 1265 1562 an.
1282 1527 1429 1567 144o,in
1440 1527 1566 1573 quibus
1581 1530 1731 1562 testatur
1748 1526 1803 1561 hic
1815 1529 1850 1561 et
1867 1526 2011 1561 Graecos

383 1580 730 1617 etRuthenosfuisse
752 1582 788 1616 in
808 1581 950 1617 unione.
980 1583 1076 1629 Ergo
1110 1588 1144 1618 et
1174 1583 1332 1618 ecclesiae
1351 1587 1385 1618 et
1411 1583 1632 1629 episcopatus
1662 1583 1909 1618 Ruthenorum
1927 1582 2009 1617 hinc

380 1642 481 1674 erant
501 1637 690 1672 unitorum.
708 1637 855 1672 Minime
873 1642 1020 1684 possunt
1035 1651 1120 1686 ergo
1139 1639 1183 1674 ab
1199 1640 1249 1675 eis
1264 1639 1394 1674 auferri
1412 1643 1446 1673 et
1466 1638 1541 1673 dari
1560 1638 1769 1673 non-unitis.

428 1695 466 1730 3⁰
486 1695 556 1730 Sed
575 1698 608 1729 et
624 1694 730 1739 longe
745 1697 826 1728 ante
846 1694 923 1729 haec
940 1698 1108 1740 tempora,
1125 1706 1249 1741 nempe
1263 1706 1284 1729 a
1299 1695 1440 1729 Summo
1457 1693 1628 1728 Pontifice
1644 1692 1803 1740 [Urbano
1817 1692 2005 1741 Secundo]‚

380 1751 578 1787 institutum
595 1754 648 1786 est
669 1749 795 1784 festum
813 1750 1057 1785 translationis
1082 1751 1238 1797 corporis
1258 1751 1293 1785 S.
1312 1751 1449 1786 Nicolai
1470 1751 1648 1798 Myrensis
1668 1751 1724 1785 die
1742 1751 1765 1785 9
1783 1750 1865 1785 maii
1883 1763 1890 1791 ;
1916 1750 2008 1796 quod

378 1808 504 1843 festum
520 1807 634 1842 Graeci
653 1807 862 1853 rejecerunt,
888 1810 926 1841 ut
945 1807 1050 1853 capiti
1077 1808 1240 1842 Romano
1267 1806 1520 1848 inobedientes,
1545 1806 1643 1852 quasi
1675 1806 1709 1840 id
1728 1807 1763 1840 in
1783 1806 2007 1852 opprobrium

378 1864 517 1898 illorum
535 1864 665 1898 factum
693 1866 797 1904 esset,
815 1863 907 1908 quod
929 1866 1048 1897 tantus
1075 1863 1262 1897 thesaurus
1277 1874 1320 1897 ex
1335 1863 1478 1898 Oriente
1514 1863 1550 1897 111
1574 1862 1797 1897 Occidentem
1814 1862 2006 1898 translatus

379 1920 512 1956 fuisset.
542 1920 700 1956 Ruthcni
730 1924 847 1955 autem
870 1931 989 1955 omnes
1005 1919 1247 1954 solennissime
1268 1919 1398 1954 dictum
1415 1920 1539 1954 festum
1552 1947 1559 1960 ‚
1598 1930 1620 1953 a
1638 1919 1806 1965 primaeva
1824 1919 1878 1954 sui
1908 1919 2007 1954 insti-

379 1978 524 2018 tutione,
543 1976 734 2011 celebrant.
757 1976 853 2022 Ergo
876 1976 952 2022 jam
975 1976 1019 2010 ab
1040 1975 1099 2010 illo
1124 1980 1291 2021 tempore,
1309 1980 1343 2010 et
1362 1976 1501 2021 quidem
1519 1974 1774 2020 antiquissimo,
1796 1978 1830 2009 et
1848 1974 2006 2010 ecclesiae

379 2037 413 2068 et
428 2034 649 2080 episcopatus
664 2036 698 2067 et
712 2036 805 2067 totus
819 2032 967 2078 populus
982 2032 1228 2067 Ruthenorum
1241 2035 1316 2066 erat
1331 2032 1364 2066 in
1374 2032 1501 2066 unione
1516 2043 1593 2066 cum
1605 2031 1641 2066 S.
1654 2031 1818 2065 Romana
1831 2029 2002 2066 Ecclesia.

428 2091 465 2124 4⁰
502 2089 732 2124 Inveniuntur
766 2088 859 2134 apud
882 2089 997 2123 unitos
1014 2087 1142 2122 litterae
1165 2087 1313 2121 Macarii
1331 2087 1562 2133 metropolitae
1577 2087 1718 2122 Russiae
1733 2087 1777 2122 ad
1804 2087 1941 2121 Sixtum
1956 2086 2007 2121 IV

381 2145 587 2181 Pontificem
608 2145 800 2180 Maximum
826 2145 918 2179 circa
948 2156 1079 2178 annum
1102 2144 1194 2179 1485
1209 2145 1241 2189 (1)
1271 2144 1423 2190 scriptae‚
1448 2156 1469 2180 a
1499 2144 1657 2190 pluribus
1693 2147 1727 2178 et
1757 2143 1896 2189 magnis
1921 2143 2005 2177 viris

380 2200 619 2247 spiritualibus
647 2204 680 2235 et
699 2200 927 2235 saecularibus
947 2200 1154 2246 subscriptio
1173 2203 1289 2245 atque,
1305 2203 1341 2233 ut
1356 2200 1558 2245 praeferunt,
1577 2212 1639 2246 per
1650 2200 1807 2246 insignes
1820 2200 2005 2236 Ruthenos

380 2256 515 2291 nobiles
531 2257 682 2291 Romam
696 2256 826 2291 missae.
852 2257 891 2290 In
906 2256 1030 2301 quibus
1051 2255 1272 2301 metropolita
1283 2255 1438 2294 Russiae,
1452 2268 1528 2290 011111
1545 2268 1606 2290 suo
1628 2256 1720 2290 clero
1740 2260 1773 2290 et
1792 2256 1919 2302 populo
1936 2268 2005 2290 11011

379 2312 483 2347 modo
503 2324 540 2347 se
560 2313 694 2346 unitum
714 2324 791 2347 esse
816 2312 1011 2358 profitetur,
1046 2312 1108 2346 sod
1136 2311 1308 2357 supplicat
1344 2311 1449 2346 etiam
1470 2311 1647 2359 [Romano
1663 2311 1738 2346 scil.
1760 2311 1950 2358 Pontifici}
1968 2315 2006 2346 ut

372 2369 557 2416 jubilaeum
577 2380 638 2414 pro
650 2368 724 2403 sola
740 2369 869 2403 Russia
885 2368 1012 2402 mittat.
1035 2367 1132 2414 Ergo
1145 2372 1226 2401 tunc
1238 2366 1342 2401 etiam
1353 2366 1417 2401 fuit
1431 2367 1514 2402 unio
1526 2379 1603 2402 cum
1614 2368 1650 2403 S.
1670 2367 1834 2402 Romana
1845 2366 2005 2401 Ecclesia

379 2429 412 2460 01
427 2425 566 2471 quidem
584 2435 661 2459 cuin
677 2424 892 2470 subjectione
908 2425 952 2459 ad
973 2423 1143 2459 eamdem.

419 2493 462 2533 (1)
482 2483 655 2533 [Ponendus
679 2496 737 2522 erat
764 2494 945 2521 311111151476
969 2501 1023 2529 quo
1046 2496 1123 2521 certo
1141 2493 1243 2520 certius
1270 2492 1368 2520 litterae
1381 2494 1423 2521 1111ι
1439 2493 1610 2531 gravissimae
1636 2495 1746 2522 ruerunt
1779 2493 1911 2528 scriplan
1937 2491 2002 2520 item

379 2543 442 2571 loco
457 2542 570 2570 Macarii
586 2542 723 2580 legendus
737 2539 862 2579 Misacl}

2161 1518 2166 1531 -
2155 1201 2184 1495 -’ἶ»ι-,·>,ρἈ-5.ςι
2171 1168 2184 1181 „-
2171 1142 2174 1151 -
