2184 2953
486 549 1022 631 PRAEFATIO
1111 547 1609 627 EDITUHIS

294 1128 409 1167 Quum
440 1127 586 1173 ipsemet
607 1126 739 1160 Auctor
768 1125 804 1159 in
830 1125 942 1161 fronte
978 1125 1092 1172 operis
1116 1125 1281 1161 lectorem
1311 1125 1398 1160 scitu
1424 1126 1624 1161 necessaria
1670 1126 1855 1167 monuerit,

245 1191 426 1237 praemissa
456 1189 598 1234 insuper
632 1187 779 1234 epistola
810 1188 1021 1223 dedicatoria
1058 1188 1196 1223 nomine
1224 1187 1331 1222 totius
1362 1188 1561 1234 provinciae
1596 1188 1783 1223 Lithuanae
1815 1187 1857 1222 ad

245 1239 327 1288 R‘R.
365 1251 590 1286 ecclesiarum
620 1249 804 1285 Antistites
834 1250 925 1291 data,
961 1250 1119 1296 equidem
1154 1249 1276 1284 merito
1305 1250 1540 1286 existimarem
1559 1262 1614 1286 me
1647 1262 1664 1285 a
1683 1249 1855 1296 praefandi

247 1325 389 1349 munere
406 1324 482 1348 esse
500 1312 696 1352 liberatum,
731 1311 797 1346 nisi
815 1312 910 1346 aliud
941 1313 1103 1347 suaderet
1130 1323 1229 1347 novae
1247 1311 1354 1358 hujus
1374 1312 1535 1348 editionis
1554 1324 1576 1347 a
1593 1324 1647 1347 me
1665 1311 1856 1357 recognitae

247 1378 350 1419 ratio,
367 1388 444 1423 quae
460 1376 584 1411 saltem
601 1379 639 1410 ut
657 1374 777 1421 paucis
796 1374 992 1410 declaretur
1011 1378 1159 1421 oportet.

296 1440 404 1485 Origo
430 1439 544 1485 itaque
575 1438 678 1484 hujus
709 1437 870 1472 secundae
889 1437 1051 1473 editionis
1082 1438 1163 1473 inde
1183 1440 1246 1473 est.
1266 1437 1504 1483 Proposuerat
1522 1437 1588 1472 sibi
1607 1437 1649 1472 P.
1670 1436 1853 1483 Augustus

245 1500 428 1549 Carayon(
446 1501 504 1547 qui
525 1501 567 1535 de
584 1499 768 1534 Societatis
782 1503 912 1533 nostrae
926 1498 1074 1534 historia
1092 1499 1303 1534 illustranda
1322 1499 1424 1534 simul
1443 1504 1477 1535 et
1496 1498 1706 1534 vindicanda
1724 1499 1853 1545 optime

245 1566 381 1612 meruit)
399 1566 606 1612 praeclarum
624 1575 761 1611 quoque
796 1562 961 1598 Stanislai
980 1562 1183 1597 Rostowski
1213 1562 1340 1598 librum
1370 1563 1407 1597 in
1423 1563 1535 1598 lucem
1553 1563 1678 1597 iterum
1697 1562 1800 1597 edere
1815 1573 1856 1596 ac

243 1629 350 1664 veluti
380 1628 424 1663 ad
449 1628 557 1662 vitam
575 1638 765 1668 revocaro;
793 1626 936 1672 jamque
963 1624 1007 1659 ad
1034 1635 1176 1670 operam
1208 1637 1245 1660 se
1268 1626 1512 1671 praecinxerat,
1535 1637 1613 1660 cum
1639 1625 1758 1660 morbo
1774 1636 1855 1660 con·

243 1691 353 1726 fectus
386 1690 431 1724 ad
457 1690 635 1725 meliorem
664 1689 784 1730 vitam,
818 1691 856 1722 ut
886 1686 1107 1734 sperandum,
1143 1691 1307 1722 evocatus
1337 1692 1401 1723 est.
1436 1688 1538 1723 Unde
1557 1691 1761 1733 conceptum
1796 1699 1855 1722 ne-

246 1753 389 1799 gotium,
427 1752 463 1786 in
497 1763 608 1786 annos
637 1752 795 1797 integros
831 1750 989 1790 dilatum,
1023 1749 1163 1784 nonnisi
1189 1751 1320 1786 ultimis
1354 1752 1409 1787 his
1443 1751 1656 1799 temporibus
1687 1751 1858 1786 reassumi

248 1826 288 1850 ac
313 1814 455 1849 tandem
484 1813 521 1848 in
551 1825 637 1860 opus
665 1813 787 1848 deduci
814 1813 938 1859 potuit.

298 1876 407 1911 Porro
437 1888 514 1911 cum
549 1876 704 1921 ejusdem
738 1875 940 1922 perficiendi
975 1874 1154 1921 provincia
1188 1875 1272 1910 mihi
1304 1881 1570 1922 proponeretur,
1608 1889 1686 1913 eam
1715 1888 1760 1911 ne
1795 1876 1857 1911 ab·

248 1950 405 1978 nuerem‚
440 1938 521 1973 licet
547 1939 625 1973 aliis
643 1939 734 1973 curis
770 1938 955 1977 distentus,
988 1937 1105 1982 plures
1138 1938 1322 1972 movebant
1352 1939 1517 1974 rationes.
1557 1940 1598 1974 In
1626 1939 1745 1986 primis
1775 1950 1858 1974 vero

248 1999 357 2046 ipsius
396 2000 510 2046 operis
540 2000 756 2046 praestantia,
788 2003 838 2034 tot
868 2003 1007 2044 tamque
1035 1999 1201 2044 gravibus
1228 1999 1433 2035 testimoniis
1469 2002 1707 2048 comprobata,
1738 2004 1776 2036 ut
1804 2000 1857 2036 ni-

248 2061 298 2096 hil
329 2061 464 2096 dicatur
495 2062 537 2097 de
568 2064 655 2097 mira
682 2061 865 2096 voluminis
901 2060 1057 2102 raritate,
1102 2074 1179 2107 quae
1210 2062 1286 2108 jam
1321 2066 1420 2097 tanta
1451 2067 1503 2098 est
1534 2067 1571 2098 ut
1609 2063 1702 2109 apud
1732 2062 1858 2097 biblio-

251 2121 351 2169 polas
393 2135 564 2170 nusquam
600 2127 812 2170 compareat,
833 2123 936 2157 immo
970 2123 1007 2157 in
1038 2122 1240 2159 Occidentis
1276 2124 1433 2170 partibus
1465 2125 1537 2161 fere
1564 2126 1760 2171 ignoretur.

298 2185 493 2221 Accedebat
519 2191 553 2222 et
578 2187 688 2233 pietas
707 2187 742 2221 in
773 2189 932 2227 matrem,
968 2183 1191 2229 Religionem
1220 2185 1383 2220 nimirum
1410 2198 1536 2227 meam,
1567 2187 1664 2233 cujus
1690 2187 1860 2221 honorem

252 2259 293 2283 ac
322 2248 449 2283 famam
480 2249 516 2283 in
552 2251 716 2283 Historiis
751 2250 968 2283 Litlmam‘cis
997 2249 1155 2284 videbam
1190 2247 1384 2283 luculenter
1418 2248 1683 2289 commendari;
1725 2249 1861 2295 praeju-

254 2309 345 2345 dicia
373 2322 456 2346 vero
487 2311 812 2357 criminationesque
860 2310 1060 2345 innumeras
1091 2311 1214 2357 quibus
1267 2311 1409 2347 minima
1451 2316 1572 2347 nostra
1596 2312 1766 2352 Societas,
1800 2322 1862 2357 pro

254 2372 392 2408 nomine
428 2385 510 2408 JESU
540 2385 607 2419 quo
638 2373 804 2419 insignita
831 2379 896 2416 est,
931 2375 1148 2410 continenter
1174 2376 1366 2423 impetitur,
1396 2377 1523 2413 ibidem
1561 2377 1754 2413 sentiebam
1796 2387 1864 2411 non

253 2438 325 2470 tam
358 2435 474 2471 verbis
505 2435 665 2476 convelli,
695 2448 798 2482 quarn
824 2436 924 2471 factis
956 2436 1123 2482 praeclare
1158 2439 1280 2483 gestis.
