2184 2953
436 290 496 321 310
803 291 1076 321 LITUANchRUM
1101 291 1311 320 SOClETATlS
1333 291 1417 320 JESU
1442 292 1695 322 HISTORIARUM

265 394 326 419 1635
435 397 537 421 sacer
569 390 700 427 orator,
722 386 941 422 Lachoviciis
965 387 1166 421 concionem
1185 386 1321 426 habuit,
1348 397 1452 431 quam
1478 397 1597 420 omnes
1621 385 1759 430 magnis
1786 384 1972 430 praeconiis
2000 383 2068 418 col-

262 430 381 497 Laneiffio
436 446 636 482 laudarent.
655 448 797 482 Patrem
812 447 998 481 Bartilium
1013 458 1082 481 non
1099 447 1158 482 diu
1173 447 1361 482 sollicitum
1379 448 1503 482 habuit
1516 448 1656 483 traditae
1675 447 1739 482 sibi
1757 458 1841 481 cura
1859 446 2061 492 provinciae.

263 509 382 555 succedit
435 509 530 544 Visis
566 510 624 544 vix
653 509 786 555 aliquot
816 509 1014 549 domiciliis,
1046 510 1239 545 Smolensci
1275 509 1583 555 requiem,invenit
1613 510 1872 555 sempiternam,
1906 509 1950 542 ab
1984 508 2069 542 inito

263 557 376 622 ζζοὲἰὲη
378 556 408 574 us
435 570 646 616 magistratu
665 582 784 605 mense
802 570 936 616 quinto,
962 570 1030 604 Vll
1055 570 1226 606 kalendas
1252 571 1481 617 septembreS,
1504 572 1620 606 aetatis
1645 574 1744 605 sexto
1764 581 1871 616 supra
1890 569 2067 615 sexagesi-

261 628 407 693 tciiffisssar·
434 643 528 666 mum
547 643 652 673 anno,
670 632 855 667 Societatis
871 632 1176 678 quinquagesimo,
1196 633 1285 666 hora
1300 634 1504 677 vespertina
1523 638 1635 673 sexta,
1653 632 1839 678 apoplexia
1859 643 2065 677 oppressus;

265 708 405 736 Lancieius
435 694 467 728 V
485 693 657 730 kalendas
677 696 892 741 septembres
914 706 1039 740 magno
1059 696 1178 741 populi
1200 706 1372 730 concursu
1392 695 1515 729 elatus.
1541 695 1656 729 Natus
1676 694 1889 729 Laurentius
1911 693 2066 727 honestis

262 756 407 815 ἶζξωίἳξῗυ
435 757 638 802 parentibus
658 757 859 798 Tarnaviae,
882 757 917 790 in
937 757 1064 802 oppido
1085 758 1267 792 Inferioris
1288 757 1458 791 Poloniae.
1483 757 1562 791 Divi
1583 757 1763 792 Laurentii
1779 767 1904 790 nomen
1924 755 2067 789 sortitus

263 827 392 872 neret}-
436 818 473 853 in
490 819 584 854 fonte
602 819 765 859 lustrico;
788 823 826 854 ut
846 819 903 865 qui
926 819 1039 853 sextili
1072 831 1204 858 mense.
1227 824 1330 855 nocte
1362 818 1607 864 praecipitante
1634 819 1670 852 in
1693 817 1783 852 diem
1810 817 1892 851 huic
1922 816 2067 862 martyri

263 868 396 933 Chm'ssffl'
442 892 593 921 sacrum,
611 886 704 916 esset
722 881 874 927 genitus.
897 881 1114 916 Adolescens
1131 882 1245 917 studio
1260 882 1457 916 litterarum
1476 893 1617 927 operam
1637 880 1733 915 dedit
1751 880 1785 913 in
1802 880 1930 914 scholis
1952 879 2066 913 Socie-

268 950 396 977 Bartilius
441 943 523 977 tatis
547 943 770 978 Jaroslaviae.
796 943 941 978 Sextum
969 943 1140 978 decimum
1171 945 1286 979 aetatis
1321 945 1502 991 ingressus
1530 955 1673 982 annum,
1709 942 1946 986 Brunsbergfe
1976 952 2068 974 anno

261 999 404 1058 ἓξονῐζῖὲῖἰὸ
445 1009 548 1050 1585,
572 1009 621 1043 IV
638 1009 810 1044 kalendas
834 1010 1041 1044 novembres
1074 1009 1213 1043 novitiis
1235 1009 1421 1044 Societatis
1450 1009 1649 1054 adjunctus.
1671 1005 1750 1039 Jam
1775 1004 1952 1043 sacerdos,
1975 1004 2067 1038 Lau-

261 1073 398 1139 ffiscsinw·
440 1076 552 1108 retum
570 1076 604 1108 et
624 1073 787 1113 Romam,
810 1074 916 1108 animi
940 1074 993 1107 sui
1013 1074 1047 1107 in
1065 1072 1175 1107 sacris
1203 1071 1287 1105 locis
1314 1071 1387 1105 Deo
1416 1069 1601 1117 profitendi
1631 1078 1749 1107 causa,
1771 1066 1852 1101 visit
1871 1079 1877 1107 3
1901 1066 2067 1112 majorem

263 1151 348 1187 Hujus
362 1155 410 1181 elo-
438 1140 573 1181 partem
601 1135 746 1180 pedibus
779 1147 942 1170 emensus
966 1135 1042 1169 iter.
1080 1135 1119 1168 In
1147 1133 1330 1172 molestiis,
1362 1133 1512 1166 maxime
1540 1131 1709 1165 adversus
1736 1133 1961 1174 tempestates
1992 1127 2070 1162 coeli

261 1197 408 1263 {iginum
436 1197 578 1243 hymno,
597 1209 663 1242 quo
683 1197 904 1231 Beatissimae
920 1196 1079 1242 Virginis
1099 1195 1312 1241 implorabat
1342 1207 1455 1240 opem,
1477 1206 1499 1228 a
1521 1205 1558 1228 se
1578 1191 1782 1237 composito,
1804 1201 1887 1224 usus
1905 1189 2066 1230 feliciter,

262 1275 327 1301 visit
349 1278 376 1302 et
436 1258 589 1304 pericula
610 1262 643 1292 et
661 1259 903 1304 impendentes
922 1259 1028 1304 capiti
1051 1257 1227 1304 procellas
1248 1257 1327 1303 pius
1346 1260 1507 1291 cantator
1534 1253 1739 1299 dissipabat.
1762 1252 1899 1297 Septem
1926 1251 2069 1285 Laureti

262 1315 378 1342 Romam.
435 1325 668 1355 commoratus
696 1320 782 1360 dies,
811 1324 910 1355 sexto
943 1321 1021 1354 idus
1049 1320 1258 1354 novembres
1283 1319 1444 1364 pervenit
1470 1318 1632 1352 Romam.
1657 1315 1817 1360 Benigne
1837 1325 1854 1347 a
1881 1313 2068 1359 praeposito

434 1383 592 1429 generali
608 1383 643 1417 in
661 1382 874 1417 domicilium
888 1383 1098 1417 novitiorum
1114 1385 1287 1427 acceptus,
1307 1386 1445 1427 tempus
1462 1391 1570 1426 prope
1590 1382 1758 1413 semestre
1773 1377 1807 1410 in
1828 1376 1912 1422 ipsis
1927 1375 2067 1421 pietatis

434 1445 555 1479 officiis
574 1445 701 1490 exegit.
727 1444 943 1479 Commorari
972 1444 1201 1479 Laurentium
1221 1443 1431 1489 praepositus
1459 1442 1563 1477 etiam
1592 1441 1657 1474 hoc
1685 1444 1786 1485 pacto
1806 1438 1842 1472 in
1870 1437 1929 1471 illo
1958 1436 2068 1471 voluit

433 1507 618 1547 domicilio,
645 1518 712 1552 quo
739 1507 938 1542 accuratius
958 1507 1173 1552 perspiceret
1191 1505 1411 1551 disciplinam
1430 1505 1641 1539 novitiorum
1657 1516 1663 1543 ;
1692 1502 1737 1535 ad
1753 1501 1851 1546 cujus
1868 1499 2062 1545 exemplum

432 1569 467 1603 in
487 1569 671 1604 Lituanica
686 1569 790 1603 etiam
810 1569 990 1614 provincia
1011 1569 1094 1603 olim
1109 1580 1129 1603 a
1148 1579 1185 1603 se
1202 1568 1335 1602 tirones
1350 1568 1595 1601 formarentur.
1621 1564 1770 1609 Cognita
1791 1562 1938 1608 hospitis
1958 1562 2064 1596 comi-

432 1635 498 1672 tas,
520 1632 717 1677 prudentia,
744 1631 913 1671 doctrina,
935 1643 1014 1665 cuin
1041 1631 1216 1665 eminente
1241 1641 1283 1664 ex
1309 1629 1463 1663 moribus
1491 1628 1562 1662 suis
1595 1626 1839 1665 sanctimonia,
1870 1624 1969 1659 facile
1999 1623 2063 1658 sibi

433 1693 604 1728 bonorum
628 1693 827 1728 conciliavit
855 1693 1136 1728 benevolentiam
1155 1696 1260 1737 atque
1279 1691 1479 1726 amicitiam.
1505 1691 1598 1724 Inter
1613 1689 1701 1723 alios
1721 1689 1760 1722 P.
1786 1688 1891 1722 Petro
1909 1687 2061 1721 Antonio

433 1755 601 1801 Spinello,
625 1756 698 1789 viro
718 1755 881 1801 opinione
896 1755 1050 1789 omnium
1067 1758 1189 1788 sancto
1207 1758 1240 1789 et
1256 1754 1428 1799 sapiente,
1446 1753 1527 1786 vitae
1543 1751 1713 1796 magistro
1728 1749 1949 1783 familiariter
1963 1759 2058 1782 usus.

260 1843 397 1876 Reuquias
483 1817 603 1852 Rediit
634 1818 669 1851 in
700 1817 901 1852 Lituaniam
938 1817 1042 1856 1604,
1077 1827 1196 1851 mense
1210 1816 1325 1862 junio,
1357 1815 1501 1861 pulchro
1532 1817 1653 1848 auctus
1690 1823 1845 1852 munere,
1868 1811 2063 1856 insignibus

260 1884 292 1910 B.
307 1884 407 1910 Stanis-
434 1880 535 1914 Beati
570 1879 738 1914 stanislai
774 1879 913 1914 Kostka
932 1878 1102 1924 reliquiis.
1127 1878 1204 1912 Hoc
1239 1878 1367 1924 pignus
1388 1877 1459 1917 ille,
1495 1876 1552 1910 diu
1585 1874 1822 1910 desideratum
1854 1873 1999 1913 civibus,
2028 1873 2062 1906 in

261 1923 406 1955 laiprimns
517 1942 522 1948 .
648 1942 653 1948 .
756 1942 761 1948 .
848 1942 852 1947 .
952 1942 956 1947 .
1147 1941 1152 1946 .
1308 1940 1313 1946 .
1448 1939 1453 1944 .
1479 1950 1483 1951 ⁷
1523 1938 1528 1943 .
1604 1937 1609 1943 .

263 1961 383 1988 Lituanis
434 1946 582 1988 patriam
602 1953 734 1988 primus
754 1941 882 1976 intulit.
914 1941 1032 1975 Vilnae
1062 1944 1232 1985 magister
1256 1939 1489 1985 philosophiae
1520 1942 1569 1971 ita
1588 1937 1783 1971 litterarum
1815 1934 2062 1970 moderabatur

261 2001 388 2069 {ffiffsssffl
435 2002 562 2043 studia,
586 2007 623 2038 ut
641 2003 762 2038 eadem
785 2002 906 2038 schola
926 2002 1150 2049 gymnasium
1169 2013 1305 2048 quoque
1332 2002 1422 2035 foret
1441 2000 1591 2045 pietatis.
1616 1999 1765 2033 Beatum
1787 1998 1918 2032 Lucam
1945 1997 2061 2031 Evan-

263 2090 304 2108 cos
331 2083 408 2115 probe
434 2065 596 2110 gelistam
615 2065 781 2111 quotidie,
804 2064 952 2110 singulis
984 2064 1160 2098 mensibus
1194 2068 1308 2098 certos
1328 2074 1370 2098 ex
1397 2062 1496 2096 fastis
1515 2061 1738 2099 Sanctorum,
1761 2060 1926 2094 colendos
1958 2059 2060 2094 disci-

261 2123 388 2150 instituit.
435 2126 526 2172 pulis
562 2127 841 2162 commendabat.
876 2126 907 2161 A
927 2127 1076 2173 prandio
1108 2130 1143 2161 et
1174 2137 1289 2166 coena,
1324 2124 1463 2170 quando
1484 2135 1501 2157 a
1522 2123 1623 2158 seriis
1650 2127 1789 2157 cessant
1825 2134 1958 2162 omnes,
1985 2123 2060 2168 ipse

437 2189 557 2223 Socios
588 2189 718 2223 blando
749 2189 898 2223 invitatu
919 2189 955 2222 in
987 2200 1092 2222 unum
1126 2188 1275 2234 cogebat
1298 2201 1305 2228 ;
1336 2186 1546 2232 agebatque,
1577 2191 1614 2219 ut
1642 2185 1684 2219 de
1712 2184 1816 2219 rebus
1844 2184 1969 2218 (livinis
1987 2183 2055 2229 pie,

437 2250 580 2290 utiliter,
602 2255 635 2285 et
660 2251 816 2296 jucunde
849 2261 1026 2285 sermones
1058 2250 1149 2284 inter
1176 2261 1214 2284 se
1245 2249 1452 2284 conferrent.
1487 2247 1600 2281 Feriis
1632 2246 1904 2286 autumnalibu&
1935 2246 2058 2291 quibus

436 2314 583 2359 collegio
603 2314 811 2349 scholastico
827 2315 935 2349 otium
951 2317 1043 2349 esset
1057 2314 1090 2347 in
1111 2323 1198 2357 agro
1227 2311 1342 2345 Vilnae
1362 2309 1576 2350 suburbano,
1599 2320 1676 2343 cum
1695 2308 1798 2342 facile
1825 2307 1966 2342 aliunde
1986 2308 2059 2353 capi

436 2379 552 2422 posset
571 2375 677 2409 animi
709 2375 909 2415 oblectatio,
932 2374 990 2409 ille
1021 2378 1095 2408 tum
1127 2373 1265 2408 areolas
1285 2372 1319 2405 in
1340 2370 1450 2405 hortis
1477 2371 1668 2416 pastinare,
1700 2382 1817 2404 serere
1836 2371 2054 2407 arbusculas.

437 2437 595 2483 singulas
615 2449 632 2471 a
651 2448 688 2471 se
708 2437 794 2477 Deo,
818 2437 1024 2471 nominatim
1044 2435 1203 2481 singulas
1223 2434 1405 2468 Coelitibus
1425 2438 1648 2468 consecratas
1667 2446 1673 2473 3
1696 2433 1730 2465 id
1750 2444 1831 2467 vero
1847 2433 1975 2478 agebat
1994 2433 2058 2467 hoc

437 2505 552 2547 pacto,
575 2506 612 2534 ut
630 2511 674 2534 ne
692 2499 767 2545 ipsa
801 2499 943 2544 quidem
975 2498 1050 2543 ejus
1070 2498 1131 2532 otii
1150 2496 1322 2542 particula
1355 2496 1429 2530 sine
1461 2496 1541 2529 boni
1561 2496 1674 2530 meriti
1705 2496 1817 2530 fructu
1848 2495 2053 2540 praeteriret.
