2184 2953
887 293 1118 323 APPENDICES.
1744 288 1803 320 457

183 398 291 432 regno
306 398 376 421 non
395 391 476 422 sunt
497 388 719 422 concedenda
751 398 804 427 ea,
827 397 904 432 quae
929 383 1140 419 schismatici
1168 385 1290 417 contra
1324 382 1442 416 divina
1473 385 1507 416 et
1538 381 1693 416 humana
1717 379 1803 426 jura

180 446 315 488 petunt.
350 442 418 478 Sed
433 443 620 477 imitandus
636 443 702 477 hac
716 442 752 476 in
766 453 802 476 re
817 442 853 476 S.
871 440 1022 475 Basilius
1038 439 1095 485 qui
1112 437 1248 483 roganti
1282 436 1446 483 praefecto
1474 436 1631 471 Valentis
1645 436 1801 482 impera-

179 497 278 536 toris,
301 501 337 531 ut
363 498 509 544 tempori
540 502 713 544 parceret,
735 501 769 533 et
795 508 865 531 non
888 499 938 530 tot
957 494 1123 530 ecclesias
1159 495 1301 539 propter
1336 492 1536 537 dogmatum
1573 491 1801 525 subtilitatem

178 553 298 587 vexari
314 557 503 598 pateretur,
525 553 729 600 respondit:
762 555 806 586 Se
819 555 922 595 prius
949 563 1066 585 omnes
1092 552 1218 583 mortis
1243 551 1373 591 species
1400 551 1614 587 subiturum,
1628 559 1736 592 quam
1762 551 1801 581 ut

178 610 468 642 adversariorum
503 611 665 651 peticioni
695 609 938 650 adquiesceret,
972 608 1009 638 ut
1043 603 1163 638 scribit
1200 604 1443 639 Theodoretus
1462 603 1615 649 (Histor.
1644 603 1705 638 lib.
1733 601 1796 644 IV,

178 672 252 706 cap.
273 662 343 707 17.)
361 662 417 696 Sic
435 667 469 697 et
485 663 647 697 Gelasius
667 663 778 708 Papa,
792 662 827 695 in
843 660 992 706 epistola
1011 659 1056 693 ad
1072 659 1315 704 Euphemiam,
1336 659 1468 705 petenti
1483 659 1662 699 haeretico,
1685 662 1722 693 ut
1750 657 1799 693 eis

176 717 484 759 condescenderet,
501 718 536 752 id
562 722 626 758 est,
647 718 778 764 aliquid
797 717 839 752 de
857 716 1029 762 religione
1048 713 1221 749 catholica
1250 715 1444 749 remitteret
1461 714 1556 759 pacis
1575 714 1702 760 gratia,
1738 724 1799 748 ne-

176 784 349 819 quaquam
363 785 545 808 assensum
563 774 725 820 praebuit,
743 773 818 807 Hos
846 776 974 807 nostrae
1005 771 1185 817 religionis
1204 773 1322 816 patres
1352 769 1558 804 catholicam
1585 770 1620 804 in
1648 769 1797 804 Polonia

175 828 382 874 religionem
401 829 546 875 professi
561 829 694 864 nobiles
710 840 750 863 ac
764 839 926 874 proceres
942 827 1071 861 imitari
1084 827 1224 861 debent.

224 883 302 925 His,
336 885 551 930 probationis
582 896 680 930 ergo,
715 896 776 930 pro
812 883 918 917 unitis
939 882 1113 917 Ruthenis
1127 881 1243 915 allatis
1271 881 1501 927 argumentis,
1522 881 1623 916 venio
1642 881 1687 915 ad
1702 881 1794 916 solu-

174 939 305 974 tionem
324 940 461 974 illorum
477 952 554 985 quae
569 940 604 974 in
621 941 774 973 favorem
791 938 1019 973 disunitorum
1038 937 1244 971 afferuntur.
1268 937 1423 975 Quorum
1442 937 1478 970 in
1497 937 1617 983 primis
1645 937 1795 971 occurrit

224 996 382 1041 Objectio
402 996 415 1029 l
437 1008 444 1029 ε
474 995 592 1041 Reges
615 995 699 1029 dant
728 1006 791 1040 per
815 994 1000 1039 privilegia
1022 993 1086 1027 hos
1106 993 1326 1039 episcopatus
1344 993 1533 1034 unitorum,
1559 993 1649 1038 quod
1668 1004 1738 1027 non
1755 993 1794 1027 fit

174 1049 255 1084 dum
282 1050 409 1084 dantur
426 1050 526 1084 latini
545 1051 631 1085 ritus
663 1050 833 1096 episcopis
851 1049 1065 1083 nominatim.
1100 1049 1196 1094 Ergo
1221 1049 1358 1094 signum
1387 1052 1440 1084 est
1463 1060 1541 1084 esse
1560 1049 1651 1083 bona
1678 1049 1793 1094 reipu-

173 1105 286 1146 blicae,
304 1118 342 1140 ac
374 1106 519 1152 proinde
555 1110 701 1152 possunt
719 1105 866 1140 alienari
881 1105 955 1140 sine
973 1104 1141 1139 censuris.

221 1162 328 1206 Resp.
356 1162 386 1196 l.
410 1162 514 1196 Nunc
534 1174 603 1196 non
619 1161 694 1195 dari
713 1161 934 1207 privilegium
951 1160 1031 1201 tale,
1053 1159 1154 1205 quale
1169 1160 1272 1194 datur
1286 1172 1318 1195 v.
1338 1172 1373 1206 g.
1391 1172 1453 1206 pro
1478 1160 1701 1206 capitaneatu
1736 1164 1797 1195 aut

173 1216 242 1251 alio
274 1217 378 1251 simili
398 1217 616 1262 Rcipublicze
637 1218 727 1251 bono
746 1230 753 1257 3
778 1216 838 1250 sed
858 1215 934 1249 dari
952 1219 1087 1249 tantum
1106 1215 1414 1261 praesentationem
1446 1215 1690 1262 metropolitae,
1714 1220 1752 1251 ut
1778 1228 1799 1251 a

170 1273 268 1319 Papa
287 1274 450 1319 impetret
477 1273 698 1307 collationem
719 1271 897 1312 beneficii;
918 1271 997 1305 aliis
1027 1283 1110 1305 vero
1145 1274 1183 1304 ut
1213 1283 1234 1304 a
1253 1282 1315 1305 suo
1342 1272 1560 1317 metropolita
1604 1284 1681 1307 eam
1709 1272 1797 1307 obti-

167 1333 285 1363 neant.
309 1328 402 1363 Hinc
425 1333 574 1369 constat,
597 1340 659 1374 per
676 1328 746 1363 tale
765 1327 986 1374 privilegium
1006 1325 1166 1364 indicari,
1187 1337 1256 1360 non
1272 1330 1431 1372 spectare
1450 1327 1527 1362 haec
1549 1327 1642 1362 bona
1669 1327 1709 1362 ad
1730 1339 1796 1363 sae-

170 1384 338 1425 cularem,
357 1385 417 1419 sed
436 1385 480 1418 ad
496 1385 768 1420 ecclesiasticam
783 1386 998 1429 potestatem
1016 1385 1049 1416 et
1064 1380 1360 1427 jurisdictionem.

215 1441 326 1487 Resp.
355 1441 390 1476 2.
418 1440 562 1475 Etiamsi
593 1441 773 1480 darentur,
800 1443 838 1473 ut
866 1438 945 1473 olim
973 1436 1202 1472 schismaticis
1225 1436 1410 1478 dabantur,
1436 1436 1471 1470 id
1495 1447 1565 1470 non
1589 1436 1796 1483 praejudicat

165 1496 293 1531 unitis:

218 1553 251 1586 1⁰
278 1552 369 1590 Quia
402 1551 613 1586 schismatici
652 1551 694 1585 ob
726 1550 877 1585 schisma
912 1555 946 1585 et
969 1550 1133 1589 haeresim
1156 1550 1384 1596 perdiderunt
1417 1562 1518 1585 omne
1546 1551 1606 1597 jus
1637 1550 1682 1584 ad
1700 1550 1792 1585 bona

165 1607 427 1649 ecclesiastica3
454 1608 531 1642 ideo
563 1619 640 1641 cum
670 1611 753 1641 tunc
770 1618 839 1640 non
863 1610 979 1640 essent
1013 1606 1099 1640 uniti
1120 1606 1244 1651 quibus
1274 1606 1334 1640 illa
1368 1606 1459 1640 tradi
1490 1608 1646 1652 possent,
1669 1617 1731 1640 rex
1758 1605 1788 1639 si

163 1675 233 1698 non
248 1664 392 1710 dejure,
416 1668 451 1697 at
466 1663 585 1697 saltem
603 1662 645 1696 de
660 1663 763 1702 sacto,
786 1661 978 1707 usurpabat
995 1662 1113 1695 eadem
1130 1665 1163 1696 et
1181 1662 1334 1697 donabat
1348 1662 1403 1697 cui
1418 1662 1569 1702 volebat,
1588 1662 1787 1708 deprimens

164 1718 420 1753 schismaticos:
440 1722 477 1752 ut
491 1718 603 1751 innuit
621 1717 840 1751 XVladislaus
868 1717 1025 1751 Polonife
1044 1721 1077 1751 et
1101 1718 1295 1762 Hungariae
1322 1730 1383 1752 rex
1405 1718 1646 1763 Jagellonides
1672 1718 1708 1752 in
1723 1729 1786 1752 suo

163 1774 352 1820 diplomate
378 1774 455 1808 dato
476 1773 581 1807 unitis
600 1784 692 1807 anno
716 1773 820 1811 1442,
846 1776 879 1807 et
899 1772 1103 1807 confirmato
1126 1772 1170 1806 ab
1189 1772 1267 1807 aliis
1299 1773 1573 1814 successoribus,
1604 1779 1641 1807 ut
1668 1783 1786 1818 supra.

211 1830 247 1864 2⁰
274 1829 421 1863 Etiamsi
454 1828 503 1862 ita
529 1829 697 1863 darentur
727 1827 911 1873 privilegia
942 1840 1003 1873 pro
1028 1828 1283 1873 episcopatibus
1306 1829 1461 1867 Russiae,
1484 1829 1534 1863 uti
1559 1840 1621 1874 pro
1656 1828 1788 1873 capita-

164 1885 336 1926 neatibus,
359 1885 394 1918 id
411 1884 509 1918 fieret
528 1896 569 1919 ex
592 1895 758 1918 concessu
789 1894 1002 1917 summorum
1030 1884 1251 1924 Pontificum,
1274 1888 1311 1919 ut
1324 1884 1502 1920 haereticis
1533 1884 1596 1919 tali
1629 1883 1786 1930 exemplo

162 1945 283 1976 contra
319 1941 509 1976 catholicos
545 1940 734 1980 utentibus,
758 1939 908 1974 occurrit
945 1938 1180 1974 Bellarminus
1208 1940 1278 1987 (lib.
1315 1941 1344 1975 1.
1373 1941 1425 1975 De
1462 1940 1602 1975 Clericis
1631 1951 1707 1985 cap.
1747 1940 1782 1981 7,

162 1997 377 2043 respondens
396 1997 440 2030 ad
459 1999 703 2041 argumentum
735 1994 785 2039 9.)
799 1995 845 2027 At
860 1993 940 2027 hinc
964 2004 1031 2027 non
1060 1995 1216 2039 sequitur
1236 1996 1323 2030 bona
1340 1996 1576 2031 ecclesiastica
1603 1995 1784 2041 subjacere

163 2052 380 2098 dispositioni
413 2051 587 2092 saeculari,
619 2051 680 2085 sed
721 2053 855 2084 tantum
898 2048 1169 2083 nominationem
1201 2062 1261 2085 seu
1289 2050 1493 2085 electionem
1521 2050 1779 2096 episcoporum;

162 2108 219 2153 qui
246 2113 362 2142 tamen
381 2119 494 2142 cuma
521 2108 619 2152 Papa
637 2106 813 2152 pendeant
831 2104 866 2138 in
886 2103 1041 2148 reliquis,
1065 2104 1143 2139 ideo
1179 2105 1223 2139 ab
1258 2105 1318 2139 illo
1345 2106 1497 2151 petenda
1515 2109 1568 2140 est
1603 2105 1781 2140 concessio

162 2173 281 2196 earum
304 2175 418 2197 rerum
438 2174 524 2208 quas
553 2162 718 2196 affectant
735 2159 922 2194 non-uniti.
947 2160 1049 2193 Unde
1071 2160 1107 2194 S.
1129 2160 1349 2205 Augustinus
1364 2160 1523 2207 (epistola
1540 2160 1598 2206 48)
1616 2173 1692 2195 cum
1728 2172 1779 2195 re-

161 2219 404 2263 prehendisset
430 2219 632 2252 Donatistas
668 2216 865 2255 haereticos,
898 2215 988 2260 quod
1008 2215 1098 2260 apud
1128 2215 1372 2260 imperatorem
1404 2216 1646 2251 accusaverint
1666 2216 1780 2250 Caeci-

162 2273 306 2314 lianum,
319 2286 420 2320 quem
437 2275 552 2319 potius
571 2273 663 2319 apud
683 2273 862 2318 episcopos
876 2271 1129 2304 transmarinos
1144 2282 1309 2306 accusare
1330 2271 1543 2311 debuissent,
1565 2273 1615 2307 ait
1631 2272 1778 2318 impera-

162 2333 272 2364 torem
293 2331 485 2364 ordinatius
509 2330 636 2375 egisse,
658 2329 716 2374 qui
731 2327 934 2362 Donatistas
953 2326 999 2359 ad
1018 2338 1054 2361 se
1073 2326 1253 2361 venientes
1272 2327 1406 2361 remisit
1433 2327 1477 2361 ad
1491 2327 1661 2372 judicium
1688 2327 1777 2362 Mel-

161 2384 294 2419 chiadis
338 2385 487 2419 Romani
537 2384 732 2419 Pontificis.
764 2383 808 2417 Et
848 2383 995 2427 Optatus
1031 2382 1101 2427 (lib.
1144 2383 1158 2416 1
1194 2382 1322 2416 Contra
1353 2382 1637 2428 Parmenianum)
1673 2382 1779 2416 refert

162 2439 426 2475 Constantinum
466 2452 560 2485 segre
578 2440 712 2480 tulisse,
734 2439 815 2473 dum
835 2437 1028 2472 Donatistae
1052 2437 1096 2471 ad
1116 2448 1153 2471 se
1172 2437 1402 2482 appellarent.
1426 2438 1521 2476 Quos
1536 2449 1613 2471 cum
1637 2440 1777 2471 coactus

162 2505 281 2530 eorum
317 2496 579 2543 importunitate
616 2495 823 2541 judicasset,
858 2495 892 2528 id
936 2494 1015 2528 fecit
1047 2493 1110 2527 sub
1160 2493 1405 2529 ratihabitione
1441 2505 1630 2529 consensus
1670 2493 1776 2527 futuri

1647 2547 1680 2573 58
