2184 2953
183 383 245 409 1568

176 1211 312 1245 Fugitiva-

177 1251 209 1277 rii
235 1252 322 1278 obtor-

175 1293 293 1325 poscunt.

181 1631 305 1657 Reficitur

181 1672 212 1698 ab
238 1673 326 1705 Ange—

184 1712 216 1737 lis
233 1711 326 1737 viator.

180 1806 293 1841 Dilingae
299 1807 328 1833 in

181 1855 320 1873 seminario

182 1885 314 1920 probatur.

180 2316 288 2349 Dilinga

182 2361 288 2386 Romani

181 2400 275 2432 pergit.

351 283 391 314 22
720 285 993 316 LITUANICARUM
1018 288 1227 318 SOCIETATIS
1249 290 1334 319 JESU
1359 290 1610 320 HISTORIARUM

356 390 371 404 a
394 376 525 417 sciens;
563 376 621 422 qui
646 379 742 411 tuam
773 378 865 423 apud
893 383 1055 424 parentes
1092 391 1249 426 mefeque
1282 381 1376 426 fugae
1408 382 1563 417 dicturus
1597 384 1644 418 sis
1677 395 1834 420 causam.
1865 385 1971 422 Com-

354 452 369 466 α
391 438 549 473 meminit
574 439 670 478 item,
699 439 781 485 quid
806 440 913 475 durus
944 441 1019 487 ipse
1050 442 1181 476 dolenti
1211 443 1431 489 responderit
1454 458 1459 477 :
1481 445 1593 480 abiret
1619 446 1654 481 in
1686 447 1815 482 malam
1841 454 1975 494 pestem

354 514 369 528 α
391 497 588 546 malumque
614 501 826 542 cruciatum;
851 519 866 533 >a
885 503 1052 537 amissum
1078 504 1196 549 itaque
1226 504 1368 539 fratrem
1387 506 1601 552 prosugisse;
1619 519 1730 554 neque
1758 510 1838 544 sciri
1856 522 1971 556 posse,

352 560 411 595 ubi
438 561 660 607 quaerendus,
683 574 751 608 qua
769 565 1023 599 consectandus
1042 565 1087 600 sit
1107 566 1190 600 vita.
1213 566 1404 601 Sollicitum
1429 568 1549 602 eadem
1575 581 1630 605 res
1657 570 1781 606 habuit
1801 572 1972 608 Kember—

351 622 475 657 kerum
502 623 602 664 adeo,
623 628 661 658 ut
678 624 830 659 hariolos
852 625 955 660 etiam
984 626 1088 661 homo
1117 627 1293 673 improbus
1313 633 1500 674 quaereret,
1522 634 1626 676 atque
1649 632 1828 668 inventam
1846 634 1975 670 alicubi

351 685 558 720 veratricem
576 686 794 727 consuleret;
825 698 867 721 ex
886 687 960 733 ipsa
978 688 1132 733 cognito,
1155 689 1369 724 Stanislaum
1386 690 1585 737 Augustam
1610 697 1707 728 recta
1739 696 1972 738 contendere;

350 750 451 781 nocte
478 747 634 792 proxima
661 748 697 782 in
723 752 831 788 certo,
862 749 953 794 quod
981 750 1207 791 nominasset,
1229 751 1423 787 diversorio
1442 753 1628 798 quievisse,
1650 767 1723 790 rem
1752 757 1822 792 suis
1851 762 1974 794 narrat

349 808 562 844 domesticis.
590 809 665 844 Nec
693 821 790 845 mora
812 823 818 844 :
840 811 1019 856 postridie,
1050 812 1161 859 primo
1191 814 1305 848 statim
1332 814 1496 856 diluculo,
1526 816 1658 851 Paulus
1688 817 1918 860 Bielinskius‚
1941 825 1975 856 et

351 870 615 906 Kemberkerus
635 883 713 906 cum
739 871 880 907 famulis
899 884 1060 919 prorsum
1087 875 1285 921 Augustam
1313 877 1546 923 praecipitant,
1567 889 1608 914 ac
1632 879 1818 925 fugitivum
1837 882 1975 927 quidem

349 932 399 967 illi
431 937 687 980 assequuntur;
717 934 791 975 sed,
814 934 901 970 miro
930 948 997 982 quo
1031 937 1146 972 nescio
1179 938 1345 974 divinitus
1376 940 1550 975 obtectum
1582 941 1675 983 velo,
1697 954 1759 988 pro
1787 944 1975 990 ignorabili
2012 954 2015 961 ⁸

351 995 492 1029 homulo
518 995 777 1041 praetervolant.
801 996 882 1031 Jam
908 998 967 1032 ubi
985 999 1154 1034 denorum
1181 1000 1259 1046 plus
1285 1001 1432 1036 millium
1458 1003 1693 1039 decurrissent
1719 1006 1880 1050 spatium,
1904 1010 1975 1042 tuin

351 1058 499 1104 denique
525 1058 569 1092 ad
601 1058 751 1103 speciem
782 1059 925 1095 viatoris
953 1062 1123 1107 praeteriti
1155 1063 1309 1098 animum
1330 1065 1582 1099 adverterunt:
1608 1080 1623 1095 a
1654 1060 1727 1101 tu'm
1760 1067 1975 1104 stanislaum

354 1135 369 1149 α
391 1120 530 1155 omnino
549 1120 662 1155 visum
682 1120 912 1168 relictumque
942 1123 1034 1158 inter
1060 1136 1097 1160 se
1111 1125 1233 1171 jurant
1251 1138 1257 1159 :
1279 1137 1357 1161 eam
1376 1138 1453 1162 esse
1479 1131 1660 1169 staturam,
1682 1140 1760 1164 eum
1790 1129 1861 1165 oris
1880 1131 1976 1166 habi*

353 1197 368 1211 α
389 1186 475 1223 tum,
497 1183 589 1217 hunc
607 1183 798 1225 incessum;
820 1196 933 1230 neque
965 1186 1095 1221 frustra
1121 1199 1194 1232 prae
1222 1199 1259 1223 se
1283 1188 1332 1223 sic
1346 1200 1493 1234 puerum
1512 1189 1708 1226 festinasse.
1731 1209 1746 1223 „
1767 1191 1863 1238 Ergo
1882 1196 1975 1228 retro

350 1246 482 1292 majore
508 1246 611 1280 etiam
639 1246 863 1282 festinatione
893 1248 1070 1293 agitantur
1095 1250 1312 1296 quadrijugi3
1347 1251 1407 1286 sed
1439 1252 1620 1297 agitantur
1649 1254 1723 1299 jani
1749 1254 1879 1289 frustra
1901 1268 1907 1289 :
1930 1256 1975 1291 ita

348 1312 493 1354 repente
508 1312 752 1350 consternatae,
775 1312 812 1343 ut
831 1321 874 1344 ne
895 1309 937 1344 de
958 1311 1106 1356 vestigio
1128 1311 1266 1357 quidem
1294 1312 1503 1348 clamoribus
1534 1319 1678 1361 possent
1704 1316 1975 1364 verberibusque

349 1370 570 1412 commoveri,
593 1382 778 1416 generosae
808 1375 974 1407 caeterum
993 1376 1025 1407 et
1043 1373 1211 1408 aliorsum
1237 1374 1381 1415 alacres,
1405 1376 1544 1412 belluae.
1568 1377 1643 1415 Qua
1661 1389 1698 1412 re
1715 1378 1750 1412 in
1771 1379 1976 1425 religionem

350 1445 466 1474 versa,
489 1438 643 1469 metuere
674 1434 738 1468 sibi
765 1435 969 1470 veredarius
998 1440 1238 1483 vectoresque,
1272 1442 1432 1484 portento
1465 1441 1658 1481 conterriti,
1680 1445 1715 1476 et
1744 1444 1976 1489 persequendi

352 1495 519 1530 desistere
540 1495 699 1530 consilio.
1736 1511 1751 1517 ’

401 1557 599 1592 Stanislaus
627 1558 670 1592 ab
698 1558 781 1603 ipsis
811 1558 958 1593 Viennae
983 1560 1156 1595 moenibus
1183 1560 1232 1595 sic
1257 1560 1446 1601 festinavit,
1477 1566 1514 1596 ut
1541 1561 1739 1608 Augustam
1765 1568 1890 1599 octavo
1921 1566 1975 1601 die

352 1619 525 1665 aspirarit,
548 1620 629 1654 hinc
647 1620 814 1666 postridie
833 1620 1011 1666 Dilingam
1031 1622 1075 1656 ad
1095 1622 1285 1657 Canisium.
1308 1623 1347 1656 ln
1366 1623 1431 1657 hoc
1458 1624 1581 1659 itinere
1601 1625 1719 1659 refecit
1739 1626 1883 1662 mirifice
1903 1639 1976 1662 ser-

356 1681 499 1716 vuluum
533 1693 634 1716 suum
667 1682 775 1716 Deus.
803 1682 1069 1728 Supplicaturus
1090 1684 1161 1725 ille,
1198 1685 1419 1731 animumque
1451 1697 1549 1720 sacro
1582 1690 1802 1722 recreaturus
1833 1689 1972 1731 viatico,

356 1744 496 1779 divertit
526 1744 561 1778 in
591 1744 702 1778 ¹eedem
722 1757 728 1785 ;
751 1756 854 1790 quam
881 1749 1021 1791 putarat
1052 1746 1302 1781 catholicorum
1335 1758 1411 1782 esse
1443 1747 1623 1793 templum,
1657 1749 1776 1783 fanum
1809 1752 1975 1797 comperit

357 1807 618 1841 Luteranicum.
641 1807 708 1841 Hic
727 1819 805 1841 cum
824 1808 996 1853 objectum
1015 1820 1170 1843 errorem
1189 1809 1282 1844 videt
1302 1809 1474 1855 doletque,
1497 1821 1576 1844 ecce
1597 1810 1779 1851 Stanislao,
1793 1813 1869 1858 (jam
1888 1814 1975 1850 bene

356 1869 478 1903 abillo
507 1870 626 1904 morbo
647 1870 790 1915 cogniti,
813 1870 947 1905 coelites
974 1871 1081 1916 genii,
1104 1883 1225 1905 rursus
1259 1871 1309 1905 illi
1333 1872 1490 1905 convivio
1519 1884 1580 1906 suo
1608 1878 1769 1908 recreant
1793 1875 1972 1920 juvenem.

358 1931 510 1977 Dilingae
529 1936 691 1978 acceptus
712 1944 733 1966 a
753 1932 905 1972 Canisio,
926 1933 960 1966 in
981 1933 1167 1968 seminario
1192 1934 1362 1979 juvenum
1380 1934 1560 1973 nobilium,
1582 1935 1672 1969 dicto
1693 1936 1728 1971 S.
1753 1937 1971 1985 Hieronymi,

358 1994 577 2039 experiendae
596 1994 734 2029 virtutis
752 2006 871 2036 causa,
896 1994 1099 2029 collocatur.
1122 1996 1218 2030 Duas
1233 1996 1279 2029 ibi
1297 1995 1532 2030 hebdomadas
1551 1997 1586 2030 in
1602 1997 1802 2033 ministeriis
1822 1999 1974 2035 humilli-

356 2056 420 2090 mis
448 2060 546 2090 tanta
573 2068 650 2091 cum
679 2056 847 2091 modestia
866 2060 900 2091 et
919 2057 1101 2102 diligentia
1130 2062 1298 2097 versatus,
1318 2061 1355 2092 ut
1374 2058 1533 2093 omnibus
1561 2071 1630 2093 non
1658 2061 1815 2107 exemplo
1838 2066 1971 2097 tantum

356 2118 472 2158 suerit,
491 2119 551 2153 sed
570 2119 674 2154 etiam
695 2119 861 2153 miraculo
878 2132 884 2159 ;
903 2119 1034 2153 edoctis
1053 2121 1201 2154 maxime
1221 2120 1262 2155 de
1281 2120 1462 2155 nobilitate
1482 2122 1656 2167 peregrini
1672 2127 1705 2157 et
1721 2124 1843 2169 opibus
1859 2129 1973 2170 pater-

357 2181 423 2214 nis.
442 2181 592 2215 Tentata
611 2181 694 2215 satis
714 2181 945 2216 adolescentis
964 2182 1167 2222 constantia,
1188 2193 1254 2228 quo
1279 2181 1419 2227 longius
1434 2183 1525 2217 absit
1546 2195 1566 2218 a
1585 2185 1802 2230 parentibus,
1825 2187 1974 2222 Romam

358 2242 565 2277 Stanislaum
585 2247 765 2288 promovet
784 2243 956 2283 Canisius,
979 2256 1056 2278 cuni
1076 2245 1211 2278 duobus
1230 2256 1248 2279 e
1268 2243 1440 2279 Societate
1466 2245 1648 2281 comitibus
1667 2259 1672 2280 :
1696 2248 1860 2283 Reinerio
1888 2249 1976 2284 Leo-

357 2303 480 2344 diensi,
504 2304 687 2338 rhemi-iem
704 2305 884 2350 magistro,
907 2310 941 2340 et
958 2306 1092 2340 Jacobo
1112 2307 1281 2346 LevantO,
1301 2307 1490 2342 Genucnsi.
1503 2308 1605 2342 Anno
1625 2310 1765 2344 tandem
1784 2311 1888 2352 1567,
1904 2316 1975 2346 toto

358 2366 402 2399 ab
422 2367 507 2400 urbe
525 2367 715 2401 Viennensi
736 2367 858 2402 itinere
877 2368 1022 2413 pedibus
1042 2368 1196 2403 confecto
1216 2372 1293 2413 post
1312 2380 1488 2403 aerumnas
1507 2374 1541 2405 et
1558 2371 1724 2416 pericula,
1746 2372 1816 2407 voti
1835 2384 1975 2419 compos

361 2427 416 2461 SVO
435 2427 604 2461 kalendas
618 2429 824 2464 imvembres
838 2429 1066 2475 triumphavit
1085 2431 1227 2475 gaudie,
1250 2430 1418 2465 deductus
1437 2431 1471 2464 in
1491 2436 1627 2477 portum
1646 2433 1835 2469 voluntatis
1857 2446 1930 2469 suae
1944 2436 1976 2482 (1)

397 2501 444 2540 (Ι)
464 2504 536 2530 lsai.
561 2505 665 2532 1‹›‹÷.v.
685 2506 729 2531 ιη),
