2184 2953
703 307 809 335 LIBER
832 306 986 334 TERTIUS
1009 306 1217 340 (1580-1590).
1730 299 1788 331 165

171 400 310 434 incenso
325 399 549 446 professionis
560 410 633 433 suae
647 398 787 433 arderet
803 397 930 436 studio,
952 396 1078 431 adduci
1092 399 1208 431 tamen
1222 406 1292 430 non
1307 398 1456 441 poterat,
1473 396 1519 429 ad
1534 406 1669 429 coenam
1680 393 1784 429 calvi·
1812 395 1875 423 1590

171 461 328 496 nisticam
342 461 409 495 ritu
442 472 583 494 suorum
610 464 647 495 ut
662 460 853 496 accederet.
877 460 1051 495 Nimirum
1070 460 1181 494 noluit
1207 459 1326 494 divina
1359 459 1496 493 bonitas
1516 469 1660 503 puerum
1686 470 1786 493 suum

172 524 247 558 istis
266 523 394 557 initiari
415 523 522 557 sacris
544 526 615 557 tam
627 523 795 568 profanis

220 584 547 630 Fastidiumjiweni
566 585 733 618 creabant
757 583 885 619 sensim
911 595 917 617 :
940 582 1089 628 adipalis
1112 582 1173 616 illa
1193 582 1464 617 Calvinistarum
1488 582 1522 616 in
1551 582 1628 616 fano
1656 593 1782 616 coena:

171 646 228 681 illa
247 647 282 680 in
302 646 378 680 odis
406 646 478 680 suis
505 657 612 679 rauca
636 646 876 680 cantitantium
892 645 1002 690 pietas
1021 657 1027 678 :
1050 644 1099 678 illi
1118 648 1296 689 pastorum
1316 656 1458 678 suorum
1473 644 1560 677 ritus
1587 655 1783 689 moresque.

171 707 346 753 Cogitanti
366 708 482 753 itaque
500 719 630 747 secum,
652 711 699 747 et,
722 720 799 752 qufe
822 707 976 747 vidisset,
996 718 1141 752 qumque
1150 706 1304 740 audisset
1322 706 1356 740 in
1370 705 1507 751 templis
1522 705 1783 745 catholicorum,

170 770 205 804 in
224 769 352 804 scholis
367 773 401 804 et
420 769 578 809 coetibus,
600 781 677 804 cum
714 770 786 803 suis
812 769 945 803 Calvini
966 769 1208 803 sanctitatibus
1235 768 1441 807 conferenti,
1464 768 1591 813 injecta
1612 767 1786 808 divinitus,

170 832 376 878 penitusque
408 831 547 865 inhaesit
583 831 624 865 de
659 832 806 866 veritate
837 831 1018 865 dubitatio.
1043 830 1233 876 Respicere
1259 831 1334 876 jam
1353 830 1411 864 ille
1429 833 1592 864 nostros:
1623 830 1711 864 itare
1741 830 1787 864 ad

170 893 313 927 Petrum
345 892 482 937 Skarga
516 892 649 927 consilii
682 892 847 927 salutaris
874 903 1001 932 causa;
1037 892 1142 926 misso
1171 891 1319 936 denique
1350 890 1553 926 calvinistici
1586 891 1786 937 paedagogii

169 955 328 1001 pistrino,
346 955 492 1000 poeticae
503 955 578 1000 jam
593 955 812 994 candidatus,
834 955 869 988 in
884 958 1011 988 coetum
1030 953 1277 988 Academicum
1291 957 1488 987 nostrorum
1504 965 1540 988 se
1555 955 1782 999 aggregavit;

168 1028 247 1050 mox
270 1016 347 1062 ipsa
377 1016 455 1049 divo
485 1015 632 1050 Nicolao
648 1027 710 1049 suo
725 1015 802 1049 luce
817 1026 929 1054 sacra,
947 1014 1108 1048 haeresim
1125 1014 1170 1047 ad
1184 1025 1340 1048 mensam
1354 1014 1506 1049 divinam
1521 1019 1702 1050 execratus
1717 1020 1779 1051 est.

218 1077 315 1118 Inde,
350 1077 471 1111 eodem
491 1077 615 1122 spiritu
649 1077 767 1111 divino
800 1077 997 1115 instinctus,
1020 1075 1149 1121 duplici
1184 1076 1367 1110 obstrinxit
1402 1087 1438 1110 se
1465 1080 1545 1111 voto
1569 1090 1574 1111 :
1597 1078 1781 1117 castitatis,

168 1138 263 1173 nulla
282 1139 397 1173 adhuc
414 1139 555 1173 vi01atae
574 1139 688 1185 culpa,
711 1143 744 1174 et
768 1139 953 1173 Societatis
978 1138 1063 1172 Jesu
1091 1149 1153 1183 per
1180 1137 1261 1171 vitae
1290 1138 1488 1172 institutum
1520 1139 1781 1185 amplectendae.

168 1201 266 1236 Nihil
285 1201 448 1247 deinceps
469 1205 664 1242 cunctatus,
686 1202 722 1235 in
736 1207 863 1236 coetum
884 1201 1064 1235 Sociorum
1078 1201 1152 1246 jam
1165 1200 1268 1235 hodie
1287 1212 1324 1235 se
1343 1205 1380 1234 ut
1397 1201 1571 1242 admittat,
1591 1202 1631 1236 P.
1655 1202 1784 1237 Masel-

167 1263 235 1297 lum
268 1267 344 1297 orat
371 1263 582 1309 suppliciter.
621 1263 879 1309 Experiendum
899 1262 1131 1297 adolescentis
1150 1267 1246 1297 ratus
1273 1264 1426 1298 animum
1455 1276 1598 1310 praeses‚
1621 1268 1726 1309 negat
1749 1276 1785 1300 se

167 1324 203 1358 id
234 1325 472 1370 praestiturum
508 1326 617 1371 prius,
640 1337 741 1371 quam
774 1337 901 1371 parens
932 1324 1037 1359 etiam
1070 1336 1152 1358 suus
1172 1325 1215 1359 ad
1246 1325 1440 1360 Ecclesiam
1466 1326 1621 1368 redierit,
1655 1338 1786 1372 suaque

168 1390 351 1425 Nicolaum
372 1396 495 1436 sponte
516 1392 681 1426 Societati
701 1389 877 1425 obtulerit.
909 1388 1106 1422 (h‘atiorem
1125 1389 1173 1422 ita
1204 1387 1278 1422 Deo
1309 1399 1346 1422 se
1373 1388 1446 1423 fore
1473 1388 1637 1431 hostiam,
1663 1390 1784 1425 merito

169 1454 301 1489 scilicet
319 1458 392 1488 tum
407 1466 469 1488 suo
486 1458 558 1488 tum
580 1454 734 1500 parentis
750 1452 1039 1487 commendatam.
1061 1450 1198 1497 Duplex
1221 1451 1257 1484 in
1271 1453 1415 1496 parente
1443 1450 1628 1485 difficultas
1649 1451 1782 1497 juveni,

169 1516 262 1550 omni
282 1528 344 1550 suo
359 1516 470 1561 major
488 1515 647 1556 consilio,
666 1519 741 1549 erat
764 1514 979 1560 superanda:
1011 1513 1103 1559 quod
1130 1516 1164 1547 et
1191 1511 1328 1547 Nicolai
1355 1513 1616 1547 amantissimus
1644 1525 1782 1559 parcns,

168 1582 202 1612 et
231 1578 457 1612 calvinistica}
488 1581 593 1612 sectae
623 1581 715 1612 esset
747 1588 852 1611 senex
884 1576 1138 1615 tenacissimus,
1170 1586 1248 1620 quae
1279 1575 1431 1609 conditio
1463 1575 1718 1611 adolescentem
1749 1576 1785 1610 in

168 1640 411 1685 aegritudinem
430 1640 554 1685 primo,
576 1639 701 1674 deinde
716 1639 752 1673 in
768 1639 924 1673 morbum
940 1638 1115 1672 difficilem
1142 1637 1301 1682 conjecit.
1331 1636 1435 1671 Festo
1459 1637 1529 1671 divi
1549 1637 1686 1672 Nicolai
1714 1638 1781 1678 die,

168 1712 316 1736 moerens
335 1702 379 1736 ad
394 1701 622 1736 febricitantis
636 1701 801 1736 lectulum
820 1712 946 1746 parens
966 1713 972 1734 :
998 1715 1013 1729 α
1036 1711 1090 1734 me
1109 1699 1287 1739 miserum,
1313 1698 1434 1744 inquit,
1450 1698 1500 1734 fili
1517 1699 1575 1740 mi,
1599 1711 1678 1745 spes
1697 1712 1784 1734 meae

171 1777 185 1790 α
206 1761 328 1796 (lomus
364 1763 487 1797 unica:
526 1774 638 1808 neque
668 1763 760 1798 enim
794 1763 958 1808 suppetit,
989 1763 1079 1808 quod
1106 1764 1223 1803 hodie,
1257 1764 1313 1798 his
1340 1764 1407 1798 tuis
1441 1765 1687 1805 nominalibus,
1722 1765 1783 1799 tibi

171 1838 185 1851 κ
207 1823 358 1869 miliique
377 1825 556 1870 gratuler;
578 1829 612 1860 te
631 1826 831 1871 languente,
849 1837 927 1871 spes
943 1826 1055 1860 omnis
1070 1837 1124 1861 mo
1152 1827 1256 1872 plane
1274 1826 1402 1861 deficit.
1435 1827 1519 1865 Quis
1547 1828 1631 1862 mihi
1649 1828 1735 1862 deus
1750 1831 1784 1862 te

170 1898 184 1912 α
207 1889 349 1930 praestet
362 1886 590 1921 incolumem!
622 1887 727 1933 Atqui
743 1888 789 1921 mi
812 1899 951 1933 parens⁷
974 1888 1017 1921 ad
1037 1888 1113 1923 haec
1128 1890 1308 1930 Nieolaus,
1329 1891 1357 1924 si
1377 1890 1515 1936 quidem
1536 1903 1590 1925 me
1609 1892 1697 1926 bone
1723 1904 1783 1927 va-

170 1960 185 1974 «
206 1945 279 1981 lere
299 1948 418 1993 cupis;
444 1952 591 1988 nonest,
613 1949 706 1995 quod
729 1950 787 1984 diu
818 1950 975 1994 requiras
1000 1950 1179 1985 sollicitus.
1204 1952 1305 1986 Domi
1332 1956 1384 1986 est
1410 1952 1511 1986 nobis
1539 1954 1779 2000 sEsculapius,

170 2021 184 2035 κ
207 2008 264 2052 qui
294 2009 386 2042 malo
413 2013 533 2043 nostro
564 2011 755 2045 remedium
782 2011 939 2045 attulerit
958 2013 1279 2057 przesentissimum.
1315 2013 1395 2047 Non
1422 2014 1638 2059 ignoramus,
1671 2015 1782 2050 Deum

170 2082 184 2096 κ
206 2069 287 2104 vitae
306 2073 341 2104 et
367 2071 460 2105 necis
488 2083 564 2106 esse
592 2072 790 2107 Dominum.
825 2072 958 2107 Vereor
984 2073 1155 2118 equidem,
1178 2085 1220 2108 ne
1248 2074 1304 2108 hic
1323 2074 1432 2109 iratus
1460 2075 1505 2109 sit
1531 2076 1655 2110 nobis:
1691 2077 1782 2122 quod

170 2144 185 2158 α
207 2131 285 2171 sibi,
316 2144 370 2166 mc
400 2133 444 2166 ad
473 2133 673 2179 religiosam
707 2134 891 2170 Societatis
917 2134 1002 2168 Jesu
1034 2135 1198 2169 familiam
1226 2136 1377 2176 vocanti,
1407 2140 1440 2172 te
1467 2149 1562 2178 vero,
1594 2142 1705 2184 pater,
1738 2139 1782 2173 ad

170 2206 185 2220 α
207 2196 370 2227 sanctam
385 2194 579 2229 Ecclesiam
593 2198 783 2237 revocanti,
803 2198 1039 2243 imprudentes
1054 2198 1184 2232 homuli
1200 2199 1430 2234 obluctamur.
1448 2200 1646 2235 Videndum
1661 2213 1778 2247 porro,

170 2267 185 2282 α
207 2265 249 2288 ne
268 2256 407 2290 morbus
426 2256 530 2298 idem,
552 2270 619 2303 quo
646 2270 700 2293 me
726 2260 866 2305 depasci
893 2259 1003 2299 doles,
1035 2261 1263 2295 contumacia*
1287 2261 1330 2295 sit
1351 2266 1480 2296 nostrae
1511 2265 1702 2298 cauterium
1722 2278 1728 2306 ;
1746 2264 1780 2298 id

170 2329 185 2343 κ
209 2316 300 2360 quod
320 2328 385 2363 ego
413 2319 551 2353 omnino
570 2320 742 2355 existimo.
766 2322 899 2366 Itaque,
931 2321 995 2355 nisi
1016 2321 1091 2365 ,jam
1110 2333 1200 2355 nunc
1222 2322 1497 2368 obtemperemus
1512 2325 1598 2365 Deo,
1619 2330 1776 2370 uterquc,

170 2391 185 2405 α
207 2389 272 2423 ego
291 2379 323 2413 vi
350 2380 453 2425 hujus
480 2382 603 2423 morbi,
631 2383 751 2418 dolore
771 2395 832 2418 suo
856 2395 994 2429 parens,
1020 2388 1168 2430 oportet,
1194 2385 1394 2420 moriamur.
1429 2404 1444 2418 „

216 2440 378 2476 Excussit
392 2443 467 2478 seni
484 2443 659 2491 lacrymas
674 2456 716 2480 ea
734 2446 831 2491 pueri
852 2446 975 2485 oratio,
997 2446 1215 2492 animumque
1234 2448 1403 2494 propositi
1421 2449 1474 2483 sui
1494 2452 1651 2484 tenacem
1666 2450 1779 2485 adhuc

167 2502 351 2536 commovit
377 2503 477 2543 adeo,
499 2508 537 2538 ut
555 2505 672 2550 paucis
692 2510 770 2552 post
800 2507 921 2542 diebus
954 2508 1026 2553 ipse
1059 2508 1246 2554 collegium
1273 2509 1458 2546 Societatis
1487 2511 1626 2551 adierit,
1648 2511 1776 2557 ibique,
