2184 2953
629 305 732 333 Limer-
759 305 912 333 TERTIUS
932 303 1146 341 (isso-1590).
1640 304 1696 334 η)

1679 320 1697 334 ¹)

147 398 374 445 Epropinquo
399 396 545 442 Collegii
564 408 654 441 pago
673 396 811 435 Ablein,
832 405 991 429 reversus
1006 393 1111 428 Vilna
1126 393 1161 427 in
1181 392 1373 433 Livoniam,
1391 404 1466 427 eam
1482 393 1690 439 Rigensium

85 463 324 507 tempestatem
340 459 519 505 spectabat
534 458 751 493 Leonardus.
774 457 859 492 Cum
876 456 1069 491 insanirent
1088 454 1202 488 adhuc
1221 454 1353 495 caeteri,
1381 454 1562 496 Hudenus,
1596 455 1692 490 insti-

86 526 190 569 gante
209 521 362 556 criminis
394 520 619 560 conscientia,
654 524 691 554 ut
717 520 773 565 qui
802 520 838 553 in
861 518 934 553 foro
955 518 1124 552 adversus
1147 516 1350 551 innocentes
1378 517 1603 562 praevaricari
1623 529 1694 551 non

86 584 262 623 dubitarit,
279 583 395 618 furtim
414 582 552 628 elapsus
577 582 684 627 Riga,
714 581 758 616 ad
784 580 1003 616 Leonardum
1027 579 1196 613 accurrit:
1223 578 1371 624 genibus
1397 578 1515 613 Patris
1541 578 1691 613 accidit:

85 647 221 681 veniam
239 645 398 691 precibus
421 648 498 678 orat
516 647 549 678 et
567 644 752 690 lacrymis:
773 657 788 672 a
810 643 947 689 culpam
962 653 1059 675 suam
1080 652 1216 675 omnem
1236 640 1272 674 in
1297 651 1371 681 eos,
1404 640 1461 685 qui
1493 652 1542 679 se,
1574 645 1696 685 rogatu

90 724 104 738 α
128 708 234 742 multo
255 712 359 753 atque
378 706 479 740 minis
495 706 599 740 etiam
616 705 814 751 impulsum,
826 709 1077 744 accusatorem,
1095 703 1273 749 perjurum
1284 702 1522 742 subornarint,
1545 702 1694 737 confert:

91 768 317 815 “periculum
349 767 486 813 capitis,
515 767 604 813 quod
632 767 710 807 sibi,
744 767 878 812 objecto
910 767 1013 802 etiam
1044 771 1189 807 tortore,
1227 767 1464 807 minabantur,
1501 766 1567 800 nisi
1598 767 1698 801 testis

91 846 105 859 κ
128 830 295 865 adversus
315 829 470 864 Jesuitas
490 829 676 875 prodiisset
693 842 700 870 ;
722 830 948 865 mobilitatem
966 830 1107 865 humani
1127 831 1275 876 denique
1294 830 1427 876 ingenii
1457 830 1698 876 fragilitatem-

91 909 106 922 κ
128 904 192 939 que
207 895 383 927 causatur.
406 892 605 926 Christiana
624 892 798 927 hominem
817 892 943 938 pietate
962 893 1162 939 complexus
1178 893 1295 933 Pater,
1313 893 1402 928 bene
1417 904 1559 939 sperare
1573 893 1673 939 jubet
1691 906 1696 927 :

92 971 106 984 κ
128 954 260 990 nullam
290 954 423 989 scilicet
451 965 527 988 esse
553 958 624 987 tam
651 953 863 998 pertinacem
900 954 1080 994 malitiam,
1114 966 1192 999 quae
1222 954 1354 989 homini
1375 955 1555 1001 poenitenti
1583 954 1701 988 divina

93 1033 107 1047 ιι
129 1016 352 1052 miseratione
371 1028 439 1051 non
453 1016 563 1062 possit
594 1016 680 1050 bene
711 1020 868 1050 vertere:
903 1016 1014 1061 ipsam
1041 1015 1158 1050 delicti
1188 1016 1242 1050 sui
1266 1016 1519 1052 confessionem
1546 1017 1701 1063 istasque

93 1094 107 1108 α
130 1078 348 1125 deprecantis
362 1078 536 1124 lacrymas
565 1077 692 1111 divinae
706 1077 818 1112 venire
836 1077 963 1123 pignus
979 1089 1067 1112 esse.
1090 1078 1284 1112 Recreatus
1313 1089 1355 1113 ea
1387 1078 1503 1112 Patris
1534 1078 1701 1113 facilitate

94 1156 108 1170 s<
130 1141 312 1180 Hudenus,
331 1144 407 1174 orat
421 1144 607 1185 praeterea,
629 1139 673 1173 ad
692 1143 820 1173 coetum
837 1139 1084 1174 catholicorum
1104 1143 1142 1174 ut
1160 1140 1226 1174 rite
1245 1144 1473 1186 aggregetur,
1503 1140 1619 1174 divina
1646 1152 1700 1175 re-

94 1216 108 1231 α
130 1206 232 1249 pente
253 1202 330 1237 luce
355 1202 604 1247 praestrictum,
629 1201 711 1246 quid
732 1201 823 1235 inter
850 1201 1032 1236 veritatem
1059 1201 1226 1236 doctrinae
1245 1201 1426 1236 catholicae
1452 1206 1487 1236 et
1504 1202 1700 1237 lutheranae

94 1279 108 1293 α
130 1267 324 1299 commenta
339 1267 444 1298 sectae
461 1262 562 1303 foret,
581 1263 702 1308 sejam
719 1274 808 1296 nunc
823 1263 1040 1308 perspicere,
1058 1275 1102 1297 ne
1117 1264 1287 1298 abnueret
1306 1264 1423 1298 Patris
1450 1264 1608 1298 voluntas
1639 1276 1701 1299 suo

95 1342 110 1355 α
132 1326 272 1360 incenso
287 1325 460 1371 precantis
480 1324 606 1364 studio,
630 1336 695 1359 neu
711 1324 800 1358 mala
815 1325 1039 1370 promeritum
1055 1325 1228 1370 rejiceret.
1254 1343 1269 1357 η

144 1387 255 1422 Plena
280 1386 395 1422 solatii
415 1386 598 1421 Leonardo
619 1397 660 1421 ea
678 1386 742 1420 fuit
766 1386 993 1432 supplicantis
1014 1387 1135 1421 oratio.
1157 1387 1309 1422 Tentata
1327 1387 1476 1432 denique
1495 1388 1598 1422 animi
1621 1399 1703 1422 con-

93 1450 234 1489 stantia,
256 1450 376 1495 paucis
391 1452 469 1494 post
489 1448 623 1488 diebus,
645 1448 841 1482 institutum
870 1448 1045 1483 hominem
1066 1448 1378 1494 confirmatumque
1406 1449 1478 1483 Deo
1500 1450 1564 1484 rite
1584 1454 1618 1484 et
1637 1450 1703 1484 Ec-

93 1511 208 1546 clesiae
224 1510 398 1546 conciliat.
418 1510 472 1544 Illi
487 1510 567 1544 inde
582 1509 669 1544 nihil
690 1509 785 1555 prius
814 1522 907 1545 curae
930 1510 1008 1550 fuit,
1035 1522 1138 1555 quam
1157 1514 1207 1551 ut,
1229 1510 1364 1545 dimisis
1383 1511 1487 1545 etiam
1503 1522 1565 1557 per
1583 1511 1704 1546 civita—

93 1578 161 1607 tem
191 1573 331 1613 litteris,
371 1573 462 1607 dicta
490 1573 655 1606 adversus
682 1572 851 1613 Jesuitas,
878 1572 1061 1606 consilium
1090 1583 1130 1606 ac
1158 1572 1348 1618 perjurium
1380 1584 1493 1614 suum,
1526 1573 1706 1607 damnaret

94 1640 196 1680 atque
215 1639 453 1669 execraretur.
475 1634 622 1668 Tamdiu
644 1633 714 1668 fere
734 1634 767 1667 in
801 1645 891 1679 pago
919 1633 1047 1668 Ablein
1071 1638 1303 1668 commoratus
1322 1634 1507 1674 Rubenus,
1526 1646 1629 1680 quam
1648 1635 1705 1670 diu

95 1697 246 1732 salutare
267 1697 407 1731 Hudeni
427 1697 604 1742 negotium
634 1696 859 1742 postulasset,
882 1696 1003 1730 urbem
1033 1695 1172 1730 tandem
1191 1707 1478 1742 communemque
1497 1697 1607 1732 Sociis
1633 1699 1706 1733 suis

96 1759 323 1793 calamitatem
349 1763 453 1803 atque
475 1758 643 1804 pericula,
666 1759 740 1803 ipso
761 1758 835 1792 Deo
863 1762 897 1791 et
916 1758 1126 1791 innocentiae
1151 1758 1366 1792 conscientia
1388 1758 1511 1799 fretus,
1542 1760 1646 1793 subit.
1678 1760 1706 1794 E

96 1821 244 1866 vestigio
260 1822 468 1856 secretarius
492 1832 513 1854 a
532 1832 615 1866 rege
631 1832 707 1854 cum
731 1820 856 1854 litteris
892 1820 935 1853 ad
970 1820 1146 1864 Rigenses
1177 1822 1211 1853 et
1233 1820 1374 1854 monitis
1401 1821 1567 1865 gravibus
1587 1821 1708 1856 eodem

98 1884 330 1928 consequitur.
355 1883 518 1917 Metuere
536 1883 592 1917 hic
609 1882 675 1915 sibi
694 1882 892 1927 perduelles
915 1894 920 1915 :
943 1882 1082 1926 agitare
1105 1881 1196 1916 inter
1216 1892 1252 1916 se
1272 1882 1368 1927 pacis
1387 1882 1532 1916 consilia
1555 1895 1561 1917 :
1584 1883 1709 1918 callide

99 1944 245 1990 vestigia
264 1944 472 1979 seditionum
502 1949 536 1979 et
554 1944 804 1979 maleficiorum
824 1955 965 1978 suorum
992 1944 1164 1977 obterere.
1188 1943 1233 1978 At
1260 1955 1326 1977 non
1354 1943 1517 1978 diuturna
1535 1945 1599 1979 suit
1616 1947 1707 1987 urbi,

100 2010 191 2041 metu
211 2006 373 2041 videlicet
388 2018 501 2052 poenae
524 2010 740 2052 comparata,
759 2005 1011 2050 tranquillitas.
1031 2005 1191 2040 Exeunte
1216 2006 1330 2051 junio,
1351 2006 1396 2039 ad
1411 2006 1592 2052 ingenium
1611 2019 1711 2042 suum

102 2071 135 2103 et
149 2068 306 2103 instituta
327 2068 543 2103 tumultuosa
567 2068 657 2103 redit
676 2067 786 2113 plebs.
805 2067 929 2102 Multis
952 2067 1044 2101 ultro
1070 2067 1225 2112 citroque
1242 2067 1368 2112 agitati
1390 2068 1627 2109 concionibus,
1649 2069 1713 2104 ali-

104 2134 186 2176 quot
203 2130 297 2165 viros
316 2131 526 2176 praecipuos,
548 2131 625 2176 regi
643 2129 778 2169 fideles,
796 2130 887 2163 inter
904 2141 964 2163 eos
989 2129 1009 2163 J
1015 2141 1162 2163 oannem
1179 2130 1338 2164 Tastium
1359 2134 1392 2164 et
1411 2130 1618 2166 Gottardum
1632 2132 1713 2167 Vel-

105 2190 251 2237 lingum,
278 2192 460 2233 medicum,
481 2204 499 2226 e
518 2197 640 2226 senatu
661 2204 724 2227 suo
751 2192 939 2237 conjiciunt
969 2192 1001 2224 in
1023 2191 1163 2225 vincula
1193 2203 1198 2224 :
1230 2191 1380 2226 fidiculis
1398 2191 1550 2237 dirisque
1576 2194 1714 2228 carnifi-

107 2253 193 2288 cinae
220 2253 331 2288 modis
351 2254 552 2288 excruciant
582 2266 588 2288 :
618 2254 660 2289 de
680 2253 845 2299 primario
865 2253 994 2298 templo
1019 2252 1158 2286 addicto
1178 2252 1266 2298 regi,
1294 2252 1336 2287 de
1356 2253 1514 2299 Collegio
1530 2255 1715 2290 Societatis

107 2314 270 2356 admisso,
294 2315 336 2350 de
367 2316 501 2350 aedibus
528 2315 640 2350 eidem
660 2316 787 2350 deditis
816 2316 848 2349 in
882 2316 1028 2349 miseros
1056 2318 1219 2349 exercent
1246 2316 1491 2360 quaestionem3
1527 2317 1714 2362 productos

108 2376 256 2423 denique
275 2378 311 2412 in
330 2378 456 2418 forum,
479 2390 540 2424 pro
560 2378 700 2413 revictis
724 2378 757 2412 in
786 2378 887 2423 culpa
908 2382 942 2411 et
960 2376 1144 2417 maleficio,
1172 2376 1289 2422 gladio
1309 2382 1473 2412 mactant.
1496 2379 1517 2413 J
1521 2390 1576 2413 am
1596 2380 1714 2414 eadem

109 2438 183 2484 ipsa
201 2439 391 2475 crudelitas
410 2440 573 2475 monebat
589 2440 720 2480 Socios,
742 2439 971 2474 deserendum
992 2450 1067 2473 esse
1083 2438 1312 2480 domiciliu1n;
1335 2451 1445 2485 neque
1464 2441 1715 2487 expectandum

107 2501 247 2542 tamdiu,
269 2502 348 2537 dum
367 2502 412 2536 ad
429 2514 548 2547 parem
567 2503 743 2538 lanienam
762 2503 826 2548 ipsi
853 2513 989 2547 quoquc
1017 2501 1254 2535 traherentur.
1282 2501 1520 2537 Temerarium
1539 2504 1716 2538 enimvero

1722 408 1784 434 1586

1719 453 1843 479 Haeretmi

1720 498 1853 517 conversm

1722 532 1826 559 Hudeni
1833 551 1838 557 .
