2184 2953
632 304 737 332 LIBER
762 304 901 333 SEXTUS
924 302 1132 340 (1610-16020).
1650 302 1709 333 250

91 398 195 433 lenne
213 399 277 436 est,
298 396 374 430 haec
393 396 540 430 verbose
570 395 814 436 tractantibus,
840 394 901 429 illa
935 397 1012 428 arte
1036 393 1224 439 sophistica
1251 393 1483 429 eludentibus.
1514 395 1709 429 Proclivius
1733 401 1798 428 1620

94 459 240 505 denique
264 462 348 499 erat,
372 470 413 493 ea
432 458 571 504 probari
593 458 668 492 istis
687 457 840 497 arbitris,
870 456 994 502 quibus
1018 456 1083 501 ipsi
1102 467 1123 489 a
1145 456 1293 502 pueritia
1316 456 1438 490 imbuti
1466 461 1594 497 essent,
1616 469 1709 503 (11116-

95 533 197 568 quea
215 519 634 566 praeclarislutheranicae
663 519 792 553 scholae
820 517 995 563 magistris
1027 518 1108 557 suis,
1138 518 1174 552 in
1202 518 1261 552 illo
1292 518 1429 552 theatro
1457 530 1519 553 suo
1539 519 1708 554 adversus

95 584 259 622 advenas
287 593 415 627 eosque
434 581 520 615 duos
540 582 634 627 ipsos
653 592 674 615 a
692 580 822 617 multis.
849 580 928 613 hinc
947 579 1055 619 illinc,
1075 591 1153 624 quae
1172 579 1295 625 cuique
1314 580 1472 614 venirent
1490 580 1524 613 in
1544 584 1707 621 mentem,

95 645 203 680 multa
230 643 333 678 simul
361 643 512 683 diversa,
534 654 644 689 eaque
669 642 818 688 superbe
832 642 1066 687 jactarentur.

143 706 278 741 Vendae
297 706 339 740 P.
359 705 572 739 Ertmannus
587 703 801 750 Tolgsdorff,
819 704 1008 744 Prutenus,
1027 714 1048 737 a
1062 701 1206 736 Varmia
1221 702 1402 743 oriundus,
1422 714 1440 737 e
1460 715 1602 738 numero
1622 716 1712 739 mor-

93 768 215 803 talium
247 767 391 801 defluxit
428 767 478 800 IV
515 777 624 800 nonas
656 767 807 801 octobris
839 778 944 805 anno,
968 765 1081 800 aetatis
1116 777 1188 799 suae
1221 766 1281 805 ΤΟ,
1303 777 1324 799 a
1353 766 1513 801 tirocinio
1546 767 1642 802 inita*
1677 769 1711 802 in

94 828 266 865 Societate
298 828 378 863 vitae
405 827 464 862 39.
489 828 526 861 111
556 827 750 873 Collegium
782 829 1029 863 canonicorum
1048 831 1231 874 cooptatus
1250 828 1345 868 olim,
1369 829 1525 864 Martino
1546 831 1709 866 Cromero

96 889 354 925 Varmiensium
374 890 550 935 episcopo,
582 890 616 923 in
637 890 832 931 Livoniam‚
869 902 980 937 nuper
1000 902 1041 925 ex
1067 890 1212 925 Moscho
1235 902 1256 924 a
1277 891 1420 926 Polonis
1447 897 1635 939 receptam,
1669 895 1715 928 ad

96 951 381 998 repastinandum
401 962 526 997 agrum
545 951 655 992 illum,
675 953 771 998 cujus
791 952 904 986 cultus
923 953 1026 987 annis
1053 952 1181 986 abhinc
1209 952 1463 999 quinquaginta
1483 960 1716 991 consenuerat

96 1025 158 1061 per
175 1013 339 1048 haeresim
360 1012 629 1052 liuha-aninam,
663 1014 825 1059 episcopo
856 1014 1018 1049 dioecesis
1048 1014 1168 1049 Ottoni
1197 1014 1422 1061 Schenkingo
1457 1016 1491 1050 in
1524 1017 1716 1052 subsidium

97 1075 235 1116 missus,
257 1075 327 1109 Deo
346 1074 555 1108 industriam
575 1086 671 1108 suam
697 1078 731 1109 et
746 1075 953 1109 mortalibus
972 1075 1144 1121 probavit3
1167 1075 1201 1109 in
1219 1079 1332 1110 tractu
1347 1076 1496 1111 maxime
1510 1077 1713 1119 Volmariae,

99 1137 190 1172 curis
218 1136 290 1171 suis
309 1136 561 1170 commendato.
582 1136 758 1181 Linguam
780 1137 909 1182 gentis,
932 1137 1121 1182 caeteroqui
1141 1137 1330 1178 difficilem,
1352 1138 1466 1172 studio
1480 1139 1717 1184 juvandorum

99 1199 277 1233 hominum
294 1198 450 1237 incenso,
472 1197 569 1232 brevi
584 1202 653 1232 tam
681 1198 833 1244 perfecte
851 1198 1052 1239 condidicit,
1076 1203 1124 1240 ut,
1146 1199 1174 1234 si
1194 1203 1297 1234 natus
1323 1200 1359 1234 in
1378 1211 1420 1235 ea
1439 1204 1531 1235 esset
1551 1205 1668 1247 gente,
1687 1206 1721 1237 et

100 1261 298 1296 christianae
325 1260 413 1306 legis
445 1259 611 1306 dogmata
630 1271 691 1306 per
725 1272 762 1295 se
781 1265 982 1307 exponeret,
1007 1264 1040 1296 et
1055 1261 1203 1296 eundem
1234 1261 1269 1295 in
1297 1273 1397 1296 usum
1417 1262 1554 1298 libellos
1569 1264 1720 1298 conscri-

99 1322 210 1357 beret.
232 1322 436 1356 Doctrinam
462 1322 647 1356 Ertmanni
666 1326 699 1356 et
725 1322 908 1368 religionis
935 1322 1115 1359 catholicae
1143 1323 1348 1369 magisteria
1381 1324 1446 1358 etsi
1480 1336 1549 1358 non
1568 1325 1720 1361 libenter

101 1384 299 1430 acciperent
328 1384 497 1424 1156161161,
534 1395 602 1418 11011
632 1395 751 1418 amare
779 1388 896 1418 tamen
924 1396 1037 1419 mores
1056 1384 1219 1425 hominis,
1250 1385 1473 1428 industriam,
1508 1391 1542 1422 et
1574 1392 1720 1423 caeteras

102 1445 225 1481 laudes
258 1457 327 1480 non
354 1449 529 1492 poterant.
564 1446 718 1481 Facilius
747 1457 883 1491 quoque
905 1446 1017 1480 visum
1052 1446 1136 1492 ipsis
1165 1459 1241 1481 cum
1272 1459 1341 1481 uno
1374 1449 1556 1484 sacerdote
1576 1461 1721 1485 romano

101 1508 292 1554 negotium,
316 1519 419 1553 quam
438 1520 515 1542 611111
530 1508 686 1554 pluribus
706 1507 862 1553 ejusdcm
886 1508 1065 1553 religionis
1079 1508 1289 1549 hominibus,
1311 1509 1429 1555 eisque
1457 1510 1477 1544 J
1481 1511 1623 1546 esuitis:
1647 1512 1720 1558 qui-

102 1571 166 1605 bus
180 1570 236 1605 hic
244 1570 339 1616 Riga
355 1570 560 1611 exturbatis,
582 1570 616 1604 iu
631 1575 765 1616 partem
777 1570 931 1604 muneris
947 1570 1111 1615 aliquam,
1130 1574 1163 1606 et
1177 1571 1235 1617 qui
1251 1583 1307 1606 res
1327 1572 1473 1618 Collegii
1484 1574 1719 1619 templumque

101 1633 169 1667 divi
188 1633 322 1673 Jacobi,
340 1632 405 1667 sibi
429 1633 627 1672 commissa,
655 1633 828 1677 tantisper
855 1636 1006 1673 curaret,
1030 1633 1124 1678 regis
1146 1634 1248 1678 jussu
1281 1639 1504 1669 successerat.
1539 1637 1591 1670 lta
1618 1648 1720 1681 porro

101 1694 160 1730 ille
177 1707 234 1730 res
249 1699 283 1730 et
296 1706 441 1730 munera
456 1695 636 1730 Sociorum
655 1695 795 1730 exulum
814 1697 913 1728 tanta
935 1694 1202 1728 administrabat
1221 1694 1416 1740 diligentia,
1440 1700 1477 1730 ut
1504 1697 1531 1730 si
1547 1698 1620 1743 jam
1648 1701 1720 1731 tum

102 1768 193 1792 unus
214 1757 304 1791 foret
327 1768 346 1791 e
378 1756 518 1791 nostris.
546 1756 749 1791 Coenobium
779 1756 953 1801 virginum
969 1755 1064 1795 olim,
1083 1761 1239 1790 nostrum
1249 1758 1324 1802 jam
1341 1758 1376 1792 id
1394 1759 1561 1804 temporis
1581 1759 1722 1794 domici-

102 1819 200 1859 lium,
227 1819 351 1865 quibus
366 1819 505 1853 fecisset
523 1818 656 1858 vitium,
687 1818 806 1852 refecit
829 1822 1005 1858 accurate,
1036 1823 1140 1864 atque
1167 1819 1305 1853 ornavit
1323 1820 1453 1861 etiam;
1484 1821 1668 1856 conciones
1687 1825 1721 1856 et

104 1880 194 1916 ritus
209 1880 378 1915 Ecclesiae
410 1880 573 1915 restituit.
597 1880 690 1915 Odas
710 1891 830 1914 sacras
850 1880 927 1914 cani
949 1880 1030 1914 olim
1058 1880 1104 1914 ad
1118 1880 1288 1915 sacrificia
1305 1881 1438 1922 solitas,
1457 1894 1543 1928 quas
1567 1895 1628 1918 seu
1646 1884 1721 1930 ipse

104 1954 164 1978 seu
179 1943 239 1977 alii
258 1942 425 1978 memoria
443 1942 648 1982 tenuissent,
672 1942 898 1988 conscriptas
922 1941 957 1975 in
977 1942 1132 1976 ordinem
1157 1947 1191 1977 et
1208 1943 1317 1978 libros
1332 1944 1499 1989 digessit;
1526 1956 1722 1991 puerosque

104 2007 263 2038 cantores
283 2004 318 2037 in
343 2003 502 2038 Ecclesia
521 2002 689 2042 instituit;
709 2013 827 2037 earum
848 2014 932 2037 usus
950 2003 1121 2048 hodieque
1135 2004 1169 2037 in
1185 2005 1332 2039 Estonia
1353 2006 1461 2051 viget,
1484 2006 1519 2040 in
1542 2006 1722 2052 provincia

101 2068 161 2103 illa
180 2080 223 2104 ex
240 2067 415 2102 Livonicis
433 2067 526 2113 apud
545 2070 719 2101 nostrates
742 2064 889 2110 reliqua.
902 2063 1081 2098 Restituto
1101 2065 1136 2098 in
1154 2064 1267 2099 locum
1283 2077 1382 2099 suum
1397 2066 1545 2111 Rigensi
1565 2067 1721 2113 Collegio

104 2141 195 2165 anno
214 2129 298 2165 158]
319 2129 421 2163 laetus
440 2140 509 2163 non
529 2129 630 2162 modo
646 2139 700 2162 res
721 2139 760 2162 ac
779 2126 912 2172 praedia
934 2127 1213 2171 repraesentavia
1235 2139 1256 2161 a
1274 2138 1311 2161 se
1326 2132 1542 2169 conservata,
1565 2129 1626 2163 sed
1645 2129 1720 2175 ipse

105 2193 207 2228 etiam
227 2203 263 2227 se
278 2191 445 2226 Societati
462 2191 616 2226 tradidit.
642 2190 828 2236 Acceptus,
850 2193 884 2223 et
908 2188 1087 2223 Cracoviae
1112 2189 1203 2223 inter
1222 2188 1371 2222 novitios
1391 2193 1528 2224 nostros
1553 2189 1719 2225 doctrinis

105 2254 231 2290 nostris
249 2253 440 2293 institutus,
462 2252 629 2287 remissus
660 2256 712 2287 est
736 2252 771 2285 in
796 2250 991 2290 Livonimn,
1010 2250 1053 2283 ad
1073 2250 1232 2284 instituta
1250 2250 1379 2284 ibidem
1393 2262 1414 2284 a
1435 2262 1472 2285 se
1491 2251 1624 2286 utiliter
1642 2263 1719 2297 per-

106 2315 292 2362 sequenda.
311 2315 397 2349 Inde
416 2314 610 2360 expeditius
623 2314 728 2349 etiam
746 2313 780 2347 in
803 2312 916 2346 salute
927 2311 1053 2346 civium
1067 2315 1227 2346 versatus
1246 2314 1299 2345 est
1312 2311 1413 2346 labor
1432 2323 1528 2346 suus.
1549 2313 1722 2359 Acceptus

104 2377 138 2411 in
165 2377 365 2412 comitatum
384 2377 424 2411 ab
446 2377 620 2422 episcopo,
644 2375 828 2410 Livoniam
860 2385 957 2408 suam
980 2373 1229 2418 perlustrante,
1250 2377 1488 2419 perscrutatus
1519 2378 1573 2408 est
1599 2385 1719 2408 omnes

106 2449 321 2485 paganorum
334 2439 502 2477 latebras,
522 2441 717 2484 opportuna
730 2437 817 2471 locis
832 2436 983 2471 afferens
1001 2435 1156 2469 remedia
1170 2446 1246 2468 cum
1262 2445 1324 2480 per
1339 2445 1388 2475 se,
1414 2438 1487 2469 tum
1502 2446 1564 2481 per
1583 2435 1716 2476 Socios,

104 2499 244 2535 aliunde
273 2500 379 2535 etiam
413 2503 623 2535 contractos
650 2498 762 2534 Multo
794 2498 871 2544 plus
900 2502 976 2533 erat
1007 2496 1139 2542 negotii
1169 2496 1375 2536 Ertmanno‚
1414 2497 1567 2531 exercitu
1604 2496 1719 2532 Caroli

1799 689 1839 714 47.

1745 728 1770 754 Ρ.
1789 728 1884 760 ‘l'olgs-

1742 766 1814 792 dorffi
1822 766 1888 791 bona

1743 805 1838 830 merita
1863 806 1889 830 et

1743 846 1830 871 obitus

1743 884 1843 912 Vendae.
