2184 2953
313 312 372 343 458
1008 311 1243 341 APPENDICES.

314 404 570 451 episcoporum,
600 416 622 439 a
648 405 771 450 quibus
793 407 916 450 postea
941 403 1080 438 veniam
1098 403 1271 449 petiturus
1291 407 1379 443 erat,
1413 406 1452 438 ut
1469 403 1588 438 scribit
1606 402 1825 449 Augustinus
1848 403 1938 449 epis-

315 460 383 496 tola
412 461 493 501 162,
530 464 565 496 et
596 460 756 495 Gelasius
794 460 830 495 in
860 460 1010 506 epistola
1036 460 1079 494 ad
1106 459 1271 494 Anastas.
1310 460 1577 506 Imperatorem:
1613 461 1732 500 Samii,
1762 458 1885 505 inquit,
1909 464 1941 493 te

315 519 440 552 debere
477 519 637 561 agmoscis
671 518 852 560 reliyionis
886 519 1005 550 ordini
1022 518 1138 559 potius
1169 528 1273 558 quam
1292 529 1469 560 praeesse;
1489 519 1578 552 nosti
1601 519 1718 560 itaque
1736 528 1781 551 ex
1799 519 1941 551 illoram

317 578 349 607 te
373 575 526 616 pendere
540 574 691 616 judicio,
726 565 794 606 non
826 574 904 606 illos
923 574 968 606 ad
987 577 1083 606 ticam
1102 573 1216 615 rediyi
1232 583 1334 615 posse
1352 576 1576 607 voluntalem.

368 628 525 676 ObJectio
542 629 588 663 II.
616 628 744 663 Petunt
758 627 971 663 schismatici
985 627 1101 668 villas,
1114 639 1185 662 non
1198 629 1335 663 animas
1353 642 1361 670 ;
1383 640 1467 675 ergo
1482 632 1597 675 potest
1611 629 1681 663 illis
1696 628 1945 664 condescendi.

366 685 478 731 Resp.
504 685 538 719 l⁰
561 684 675 718 Etiam
703 685 799 719 villae
829 684 873 718 ab
905 684 1012 718 unitis
1039 695 1213 730 possessae
1254 696 1324 719 non
1352 689 1498 731 possunt
1525 685 1599 719 dari
1631 685 1875 726 schismaticis,
1908 685 1951 720 ob

319 752 445 776 causas
463 740 663 787 praedictas.

370 798 407 832 2⁰
425 797 542 832 Etiam
568 797 696 831 animae
719 808 796 831 cum
824 795 918 830 villis
942 794 1131 840 exiguntur
1162 796 1207 830 ab
1242 796 1360 832 unitis.
1392 797 1481 835 Quia
1502 797 1537 831 in
1567 797 1697 843 scripto
1726 808 1892 832 concesso
1918 800 1952 831 et

322 855 515 900 subscripto
531 854 567 888 in
581 854 759 900 praeterito
778 853 959 888 electionis
978 856 1151 887 conventu
1162 853 1256 888 clare
1273 857 1308 888 et
1323 853 1528 888 nominatim
1540 853 1680 899 ponitur
1694 853 1951 888 administratio

321 914 631 950 sacramentorum,
647 909 789 951 scholze,
812 909 1013 949 seminaria,
1035 909 1296 955 typographiae,
1320 921 1398 955 quae
1413 913 1494 944 sunt
1507 909 1586 955 plus
1606 920 1710 955 quam
1724 908 1830 943 villae.

370 966 407 1001 3⁰
431 965 593 1004 Quaerela
622 977 741 1000 eorum
768 965 836 1000 ista
868 969 933 1005 est,
956 965 1047 1011 quod
1075 976 1195 999 eorum
1214 965 1340 1011 religio
1359 977 1421 1011 per·
1446 965 1564 1000 unitos
1596 964 1832 1011 possideatur.
1856 964 1951 1009 Ergo

322 1026 469 1069 apparet
497 1021 651 1060 omnino,
679 1033 753 1055 suae
779 1021 962 1066 religionis
988 1021 1236 1066 promovendae
1267 1033 1386 1062 causa,
1415 1021 1506 1066 quod
1530 1021 1606 1056 sine
1643 1019 1888 1066 jurisdictione
1918 1019 1953 1053 in

322 1078 458 1113 animas
481 1089 552 1111 non
575 1076 627 1116 fit,
649 1088 708 1111 eos
729 1076 763 1110 id
791 1080 924 1123 petere,
947 1077 1039 1123 quod
1063 1080 1198 1122 petunt.

373 1133 530 1180 Objectio
547 1133 613 1167 ΙΙΙ.
636 1133 674 1166 In
696 1132 812 1167 Gallia
832 1136 866 1167 et
885 1133 919 1166 in
938 1132 1083 1167 Austria
1102 1144 1123 1166 a
1142 1132 1368 1167 Ferdinando
1389 1133 1421 1167 II
1455 1144 1622 1168 concessa
1640 1133 1743 1180 plura
1762 1132 1952 1171 haereticis,

322 1201 425 1236 quam
441 1200 474 1223 a
503 1188 640 1223 Mathia
672 1192 705 1223 et
742 1188 942 1234 Rodolpho.
967 1188 1054 1222 Item
1076 1199 1098 1222 a
1117 1188 1343 1234 Sigismundo
1369 1188 1420 1223 ΙΙΙ
1445 1188 1606 1223 Poloniae
1637 1200 1722 1234 rege
1741 1188 1824 1222 data
1841 1188 1955 1222 novis-

323 1246 409 1280 sime
433 1244 695 1279 archimandria
710 1244 915 1279 Kioviensis
943 1243 1165 1279 schismatico
1195 1244 1316 1278 abbati
1343 1244 1481 1279 Mohila
1510 1245 1616 1279 dicto.

374 1301 484 1346 Resp.
497 1301 536 1334 In
547 1300 663 1334 Gallia
676 1300 791 1334 minus
809 1303 862 1335 est
878 1311 1081 1335 concessum
1102 1312 1205 1346 quam
1229 1300 1272 1334 ab
1292 1300 1467 1334 haereticis
1495 1304 1720 1346 praetensum.
1752 1300 1862 1334 Immo
1882 1300 1955 1335 Ru-

325 1357 430 1404 pella,
448 1368 526 1391 cum
554 1357 715 1391 omnibus
747 1356 944 1390 civitatibus
964 1355 1007 1390 ab
1041 1356 1218 1390 haereticis
1242 1360 1424 1402 occupata,
1443 1365 1573 1402 quanto
1606 1360 1745 1403 sumptu
1764 1360 1798 1391 et
1826 1360 1955 1391 conatu

324 1413 368 1447 ob
387 1412 566 1458 religionis
585 1412 767 1447 catholicae
788 1411 1029 1459 praejudicium
1048 1412 1152 1458 (quod
1174 1413 1221 1446 ibi
1240 1412 1355 1457 fiebat)
1371 1417 1573 1458 oppugnata
1590 1413 1597 1447 ἔ
1623 1413 1719 1458 Ergo
1739 1412 1953 1447 contrarium

325 1468 368 1503 de
395 1469 684 1503 christianissimo
699 1479 783 1514 rege
822 1467 1106 1514 praesumendum
1145 1472 1210 1503 est.
1240 1468 1353 1502 Multo
1374 1468 1487 1503 minus
1506 1468 1756 1503 condescendit
1775 1467 1956 1503 haereticis

324 1524 573 1560 Ferdinandus
596 1525 644 1564 ΙΙ,
677 1524 736 1570 qui
764 1524 992 1559 ecclesiarum
1029 1524 1283 1559 immunitatem
1315 1524 1517 1565 vindicavit,
1549 1525 1654 1559 etiam
1686 1537 1764 1559 cum
1796 1523 1954 1570 periculo

324 1580 407 1614 vitae
436 1580 600 1626 propriae.
634 1580 713 1615 Rex
740 1579 988 1626 Sigismundus
1011 1579 1117 1615 'dedit
1148 1580 1443 1614 archimandriam
1493 1581 1758 1616 Peczierensem
1793 1580 1953 1621 Mohilae,

326 1635 408 1680 quia
422 1635 479 1669 hic
500 1635 709 1680 promiserat
724 1635 901 1670 unionem.
920 1635 1079 1670 Tandem
1099 1647 1237 1670 errores
1256 1647 1325 1670 non
1341 1640 1422 1670 sunt
1441 1636 1635 1681 allegandi.

376 1691 533 1737 Objectio
550 1691 610 1726 IV.
638 1691 880 1727 passaviensis
895 1692 1079 1726 conventio
1105 1691 1189 1726 facit
1208 1696 1329 1727 contra
1343 1704 1426 1733 nos;
1449 1703 1533 1738 ergo
1549 1692 1615 1728 hoc
1629 1692 1825 1738 exemplum
1842 1695 1957 1738 potest

328 1748 427 1793 sequi
441 1747 708 1782 SerenissimuS.

377 1803 487 1849 Resp.
513 1804 545 1838 1⁰
564 1804 605 1838 In
624 1804 849 1839 Passaviensi
868 1804 1099 1839 conventione
1110 1807 1222 1838 actum
1242 1807 1294 1839 est
1308 1804 1351 1839 de
1370 1804 1412 1839 iis
1426 1808 1561 1839 tantum
1577 1816 1655 1851 quae
1668 1804 1956 1850 possidebantur;

328 1871 399 1894 non
413 1860 496 1894 item
515 1859 550 1893 in
568 1871 652 1894 casu
670 1864 806 1895 nostro.

376 1916 412 1950 2⁰
426 1914 533 1950 Aliud
555 1920 607 1950 est
625 1916 661 1950 in
691 1916 833 1962 negotio
855 1917 1092 1958 Passaviensi‚
1128 1921 1162 1952 et
1186 1917 1282 1952 aliud
1317 1917 1352 1951 in
1381 1920 1513 1951 nostro.
1548 1917 1584 1951 Si
1616 1917 1692 1962 quis
1724 1917 1815 1952 enim
1835 1917 1956 1952 videns

329 1970 415 2017 eripi
446 1971 513 2005 sibi
539 1983 612 2006 rem
640 1972 830 2018 propriam,
853 1976 946 2007 tacet
969 1973 1051 2018 quia
1084 1984 1153 2007 non
1189 1976 1304 2019 potest
1336 1984 1412 2007 eam
1440 1983 1646 2017 recuperare
1682 1972 1756 2008 sine
1777 1985 1867 2008 novo
1897 1984 1960 2007 suo

328 2027 495 2072 periculo,
508 2038 576 2061 non
592 2027 718 2062 dicitur
732 2028 791 2063 ille
802 2028 1000 2063 consentire
1019 2039 1082 2062 nec
1101 2028 1244 2063 donare.
1258 2027 1355 2062 Talis
1373 2032 1426 2062 est
1438 2028 1628 2062 transactio
1645 2028 1899 2063 Passaviensis.
1915 2028 1961 2062 At

329 2082 385 2115 hic
403 2086 574 2116 conantur
592 2084 770 2117 non-uniti
789 2084 924 2129 eripere
939 2095 981 2118 ea
992 2095 1070 2128 quae
1084 2094 1153 2117 non
1168 2083 1402 2128 possident‚et
1416 2084 1594 2130 possidere
1608 2095 1678 2118 nou
1700 2089 1859 2130 possunt.

380 2137 536 2182 Objectio
557 2137 602 2172 V.
638 2138 823 2174 Haereticis
860 2143 913 2174 est
941 2138 1116 2174 servanda
1159 2139 1258 2179 fides,
1289 2139 1339 2173 uti
1371 2139 1471 2173 docet
1503 2140 1544 2174 P.
1574 2140 1756 2181 Becanus;
1795 2152 1880 2187 ergo
1927 2144 1962 2175 et

331 2192 575 2228 schismaticis.
1270 2221 1273 2223 .

381 2248 488 2294 Resp.
512 2248 553 2282 P.
572 2248 749 2283 Becanum
781 2249 817 2283 in
844 2252 1007 2284 Mamali
1027 2251 1347 2284 controversiarum
1366 2249 1437 2295 (lib.
1469 2250 1512 2290 V,
1536 2262 1565 2285 c.
1592 2250 1663 2295 16‚)
1693 2254 1846 2285 tractare
1869 2251 1960 2285 hanc

332 2305 560 2351 quaestionem
584 2308 617 2339 et
645 2316 817 2345 asserere,
835 2305 869 2340 iu
889 2306 994 2341 rebus
1008 2317 1077 2340 non
1096 2305 1196 2340 malis
1216 2305 1318 2339 fidem
1339 2306 1545 2351 promissam
1566 2310 1599 2341 et
1629 2310 1769 2352 pactum
1790 2319 1866 2341 cum
1887 2307 1960 2341 hae-

334 2362 450 2398 reticis
470 2362 593 2396 initum
607 2373 683 2396 esse
702 2363 923 2398 servandum.
943 2363 989 2398 At
1004 2364 1026 2408 ἓ
1046 2364 1088 2399 10
1106 2363 1183 2398 haec
1201 2361 1315 2396 addit:
1343 2364 1496 2404 Eat-cipio
1518 2367 1635 2396 tamen
1652 2367 1724 2397 tres
1750 2376 1862 2405 casm,
1877 2375 1962 2406 quos

334 2431 452 2454 omnes
466 2420 547 2453 boni
572 2422 731 2452 auctores
753 2421 947 2461 eoecipiunl,
963 2422 1001 2453 in
1024 2422 1149 2462 quibus
1171 2420 1258 2461 fides
1273 2418 1448 2451 servanda
1468 2427 1536 2449 non
1552 2421 1614 2450 esc.
1641 2415 1765 2461 (Nobis
1792 2416 1849 2450 hic
1877 2415 1962 2450 satis

332 2476 401 2510 duo
419 2473 605 2520 posuisse.)
623 2477 769 2509 Primus
794 2480 865 2509 est:
894 2477 935 2510 Si
956 2476 1145 2518 promissio
1176 2474 1228 2506 vel
1256 2475 1398 2514 pactum
1423 2473 1470 2504 sz't
1497 2473 1539 2504 de
1568 2474 1715 2514 retur-pi
1743 2477 1804 2506 auc
1822 2474 1959 2508 illicita.

333 2530 436 2562 Ratio
451 2531 510 2565 est,
528 2528 612 2569 quia
629 2527 832 2568 hujusmodi
855 2529 997 2567 pactum
1023 2535 1092 2558 non
1105 2524 1245 2564 obliyat‚
1264 2533 1343 2554 cum
1359 2532 1459 2555 nemo
1484 2525 1595 2564 possit
1614 2524 1765 2566 oblz'yari
1782 2525 1828 2557 ad
1840 2534 1961 2565 pecea-

331 2584 416 2613 tum.
442 2577 545 2612 Unde
579 2578 630 2612 sic
656 2576 792 2611 infero:
818 2575 925 2621 Atqui
950 2575 1106 2610 alienare
1137 2575 1230 2609 bona
1255 2575 1494 2610 ecclesiastica
1520 2575 1555 2610 in
1579 2575 1733 2611 favorem
1765 2577 1960 2612 schismati-

2168 528 2177 584 ε.--
