2184 2953
647 317 755 346 LIBER
779 316 935 346 oremus
958 316 1166 353 (16501661).
1690 316 1746 347 361

133 406 285 442 animum
310 411 343 442 et
372 419 486 443 mores
514 408 763 444 conformabat.
800 409 853 443 Ita
885 407 943 443 ille
975 419 1097 443 curare
1125 407 1312 442 candorem
1338 407 1520 442 intimum:
1550 408 1600 442 ita
1630 408 1745 443 omnia

132 468 314 504 instituere
334 481 397 504 sua
429 474 462 506 et
493 482 611 516 agere,
643 471 771 517 agique
807 471 881 517 ipse
912 470 975 505 Dei
1005 482 1123 505 amore
1160 469 1195 503 in
1231 469 1416 504 omnibus:
1439 470 1591 505 revereri
1618 471 1745 517 ubique

133 542 288 576 praesens
307 543 434 567 numen
456 545 462 566 1
485 533 597 568 visere
616 533 757 567 incensa
776 533 903 579 pietate
923 532 1100 567 Christum
1119 532 1153 566 in
1180 542 1243 566 ara
1269 531 1528 567 absconditum:
1562 533 1598 567 in
1629 533 1745 579 parvis

133 593 249 635 etiam,
268 605 345 640 quae
362 594 407 629 ad
424 594 626 640 religiosam
644 596 799 630 facerent
819 594 1051 641 disciplinam,
1070 597 1234 630 accurate
1249 594 1504 641 diligenterque
1515 595 1660 630 versari.
1683 595 1745 630 Cui

135 665 172 690 se
189 659 299 690 totum
310 656 384 702 jam
399 659 480 691 ante
499 657 706 699 tradiderat,
725 669 787 703 pro
809 657 945 692 domina
965 661 997 692 et
1011 658 1126 692 Matre
1156 668 1220 691 sua
1246 660 1460 697 constanter,
1487 668 1526 691 ac
1557 657 1746 703 proceden-

132 718 224 754 tibus
253 719 353 754 annis
384 720 499 766 magis
530 720 709 766 magisque
737 720 843 755 coluit
874 721 1010 755 beatam
1048 718 1259 754 Genitricem
1290 718 1354 753 Dei
1373 717 1568 763 Virginem,
1591 719 1633 754 de
1653 722 1749 764 cujus

133 780 314 827 dignitate,
335 781 528 827 quibusque
547 782 739 828 colipossit
757 781 881 823 modis,
912 781 1081 828 praeclare
1114 780 1214 816 docet
1244 781 1278 814 in
1307 792 1369 815 5110
1397 780 1440 814 de
1471 781 1659 826 praesentia
1685 782 1750 817 Dei

134 843 313 888 opusculo.
349 844 482 879 Rerum
514 844 669 889 ipsarum
705 856 826 879 amans
859 844 1063 885 coelestium,
1102 844 1150 878 ita
1171 855 1207 879 se
1226 843 1261 878 in
1281 855 1400 878 earum
1425 843 1752 890 contemplationem

134 903 390 950 ingurgitabat,
412 910 449 940 ut
462 906 553 940 inter
572 905 740 940 orandum
757 917 850 953 saepe
868 907 901 940 vi
921 906 1038 941 divina
1057 906 1253 940 abstractus
1269 917 1289 940 a
1304 917 1407 941 sensu
1421 906 1546 941 mentis
1560 906 1749 942 videretur.

136 966 236 1004 Quod
268 978 367 1002 suum
399 972 521 1003 nectar
557 969 664 1009 Deus,
701 981 766 1015 quo
804 969 970 1004 Nicolaus
1019 969 1131 1004 sitiret
1177 969 1303 1015 magis,
1351 970 1481 1005 amaris
1524 971 1753 1016 permiscebat

134 1028 334 1064 interdum:
357 1042 448 1065 nune
467 1030 627 1066 ariditate
656 1031 762 1065 animi
793 1036 827 1066 ot
854 1031 1003 1077 quadam
1031 1032 1131 1078 quasi
1155 1031 1354 1073 solitudine,
1383 1044 1475 1068 1111116
1506 1034 1752 1080 magistrorum

136 1092 321 1128 severitate
340 1094 493 1128 animum
506 1094 648 1139 juvenis
663 1093 874 1128 acuentium.
903 1094 1016 1128 Anxie
1032 1094 1123 1129 inter
1136 1094 1212 1129 haec
1230 1095 1432 1141 aliquando,
1467 1099 1513 1137 et,
1547 1097 1576 1131 si
1604 1108 1671 1143 quo
1691 1109 1752 1133 suo

135 1154 227 1189 malo
243 1158 419 1201 pateretur
438 1157 561 1191 merito
582 1167 658 1191 eam
677 1156 783 1191 animi
799 1156 984 1197 vastitiem,
1008 1156 1118 1191 Deum
1136 1157 1171 1191 in
1191 1157 1379 1192 domestico
1395 1158 1520 1193 sacello
1536 1159 1751 1206 deprecanti,

136 1217 302 1252 traditum
339 1222 403 1259 est,
436 1217 656 1253 Salvatorem
688 1218 809 1253 Jesum
841 1230 941 1253 cruce
972 1219 1089 1253 nixum
1109 1219 1280 1265 sanguine
1299 1220 1452 1266 perfusa,
1475 1221 1698 1267 spectabilem
1718 1235 1755 1258 se

136 1279 282 1315 Nicolao
315 1281 465 1322 dedisse,
500 1284 728 1326 iiiaesttimque
769 1280 823 1315 his
871 1281 1045 1316 monuisse
1083 1281 1200 1317 verbis
1219 1295 1225 1317 1
1260 1288 1375 1326 queste
1408 1295 1490 1318 sono
1543 1289 1603 1318 tua
1642 1296 1750 1327 crece,

136 1343 432 1389 perturbationem
450 1343 540 1378 hanc
555 1343 658 1377 sciret
676 1354 737 1389 pro
758 1354 821 1377 sua
840 1355 940 1378 cruce
956 1343 1021 1378 sibi
1041 1343 1220 1389 obtigisse.
1241 1345 1317 1383 Quo
1341 1344 1432 1380 dicto
1456 1345 1623 1381 anxitudo
1644 1347 1755 1382 omnis

137 1404 306 1451 dissipata
338 1405 491 1441 evanuit.
532 1406 664 1440 Ibidem
691 1405 827 1446 Romae,
867 1405 1098 1440 inambulanti
1133 1405 1321 1452 aliquando
1354 1407 1444 1442 inter
1475 1409 1581 1443 otium
1601 1409 1637 1444 in
1655 1410 1757 1446 vinea

138 1468 311 1510 Balbinao,
329 1480 371 1504 ea
385 1470 573 1515 derepente
592 1469 719 1515 injecta
735 1469 801 1504 sibi
816 1479 926 1509 1116115,
948 1479 1102 1503 amorem
1121 1469 1186 1504 Dei
1203 1470 1389 1511 sincerum,
1425 1474 1459 1505 et
1491 1471 1645 1508 dolorem
1676 1473 1754 1507 inti-

139 1542 232 1565 mum
248 1531 290 1565 ob
310 1530 448 1573 delicta,
469 1531 593 1577 quibus
612 1542 763 1576 unquam
783 1541 911 1565 numen
930 1529 1144 1574 offendisset,
1162 1542 1236 1566 rem
1256 1543 1331 1566 cum
1347 1536 1486 1577 gratam
1502 1533 1589 1575 Deo,
1603 1538 1674 1568 tum
1691 1535 1755 1569 sibi

140 1591 342 1635 salutarem,
364 1597 401 1628 ut
420 1597 566 1639 peteret.

185 1655 353 1691 Precatus
374 1659 438 1697 est,
462 1655 592 1690 donum
611 1668 681 1691 11011
700 1656 735 1691 111
754 1657 904 1703 vestigio
924 1657 1073 1692 obtinuit
1090 1670 1096 1692 :
1119 1657 1180 1692 sod
1195 1669 1271 1692 cum
1286 1656 1426 1693 minime
1440 1661 1609 1704 speraret.
1627 1658 1681 1693 Ab
1696 1657 1755 1693 illo

141 1716 210 1752 otio
230 1716 334 1759 domi,
357 1730 433 1753 cum
453 1729 474 1753 a
494 1730 596 1753 coena
614 1719 649 1753 in
682 1719 810 1754 circulo
842 1719 933 1753 inter
962 1719 1089 1754 fratres
1121 1731 1197 1754 cum
1230 1723 1329 1766 patre
1365 1720 1521 1766 Gaspare
1552 1721 1695 1767 Alperio
1725 1726 1758 1757 et

141 1779 443 1816 circumstantibus
480 1793 658 1817 sermones
690 1782 836 1821 oonsert,
875 1780 977 1815 simul
1009 1781 1083 1827 ejus
1116 1782 1230 1827 precis
1263 1793 1336 1817 suae
1370 1783 1616 1826 reminiscitur,
1655 1784 1757 1819 simul

142 1842 260 1878 dolore
279 1842 339 1878 illo
362 1847 396 1879 et
416 1855 531 1878 amore
552 1844 600 1879 sic
628 1844 835 1884 exardescit,
857 1849 895 1878 ut
914 1844 1175 1890 erumpentibus
1194 1849 1338 1891 repente
1365 1845 1528 1892 lacrymis
1560 1851 1594 1882 et
1625 1847 1756 1893 singul-

142 1903 248 1946 tibus,
272 1904 465 1941 subducere
485 1918 522 1941 56
542 1905 702 1941 debuerit
722 1907 756 1941 in
774 1907 956 1941 latebram.
993 1907 1087 1945 Quos
1114 1906 1246 1941 fruetus
1274 1919 1317 1942 ex
1342 1907 1403 1941 illa
1423 1907 1524 1942 vinea
1550 1911 1620 1943 tam
1641 1908 1759 1943 dulces

144 1978 236 2013 saepe
255 1967 327 2009 ille,
350 1967 457 2002 divini
475 1980 607 2004 memor
642 1968 814 2010 beneficii,
849 1973 950 2014 grato
976 1970 1093 2003 animo
1125 1969 1354 2014 regustabat3
1389 1969 1481 2004 unde
1503 1970 1596 2004 vires
1624 1983 1759 2017 quoque

145 2030 189 2065 ad
212 2030 429 2076 superandas
448 2032 483 2066 in
498 2032 579 2066 vitae
598 2032 776 2078 proposito
797 2031 1019 2066 difficultates
1040 2032 1213 2076 roburque
1230 2030 1427 2077 colligebat.
1444 2031 1500 2066 Ad
1527 2031 1760 2068 sacerdotium

145 2104 222 2127 cum
237 2104 366 2139 magna
381 2104 464 2128 cura
484 2105 520 2128 se
540 2094 781 2140 praeparabat3
804 2094 959 2129 consiliis
978 2105 1062 2128 usus
1077 2095 1227 2130 maxime
1251 2095 1371 2142 inclyti
1403 2096 1457 2130 sui
1487 2097 1523 2131 in
1553 2097 1761 2144 theologicis

147 2155 326 2201 magistris
345 2156 464 2190 Patris
484 2156 525 2190 (16
544 2156 711 2191 Arrubal.
746 2157 918 2197 laniatus,
953 2156 987 2190 in
1021 2156 1086 2191 hoc
1117 2157 1307 2203 evigilabat
1338 2158 1537 2204 diligenter,
1568 2165 1604 2194 ut
1635 2172 1713 2206 quae
1745 2173 1763 2196 e

149 2218 340 2252 sacerdotis
358 2218 472 2254 forent
494 2230 650 2259 munere,
671 2230 774 2265 quam
792 2218 1055 2264 religi‹1›sissime
1075 2219 1197 2254 obiret.
1218 2220 1293 2258 Quo
1311 2232 1374 2254 sua
1388 2221 1516 2256 rectius
1531 2223 1762 2268 procederent

150 2280 276 2321 officia,
298 2285 410 2316 certas
425 2292 544 2317 eorum
565 2281 630 2316 sibi
650 2282 862 2328 praescripsit
893 2281 1011 2327 logos;
1042 2281 1162 2327 quales
1194 2293 1212 2316 e
1244 2281 1400 2327 pluribus
1433 2288 1513 2318 sunt
1544 2283 1639 2319 illae:
1676 2300 1692 2314 a
1727 2290 1764 2319 ut

154 2357 170 2372 κ
191 2343 481 2389 quemadmodum
510 2344 545 2378 in
573 2355 673 2378 sacra
704 2343 817 2378 hostia
849 2343 1005 2378 Christus
1038 2354 1074 2377 56
1111 2342 1211 2377 offert
1247 2342 1398 2389 quotidie
1417 2344 1515 2380 Patri
1534 2347 1683 2381 AEtorno
1703 2358 1764 2392 per

154 2418 170 2434 e<
191 2416 314 2440 manus
334 2406 538 2447 sacerdotis,
560 2406 609 2440 ita
629 2417 664 2441 se
683 2406 743 2441 1116
758 2409 867 2440 totum
886 2404 959 2439 Deo
987 2404 1139 2439 traderet
1166 2404 1234 2438 ritu
1262 2404 1412 2440 victimae
1433 2418 1438 2440 :
1473 2410 1510 2440 ut
1537 2412 1764 2443 consecrante

153 2479 169 2495 κ
190 2477 315 2513 panem
338 2471 372 2503 et
403 2467 519 2502 vinum
552 2471 682 2515 mysta,
717 2468 753 2502 in
785 2478 910 2513 eorpus
936 2466 1011 2501 haec
1047 2470 1080 2500 et
1111 2465 1318 2511 sanguinem
1349 2467 1479 2502 Christi
1506 2473 1696 2511 mutantur,
1718 2471 1765 2505 ita

154 2543 170 2559 κ
192 2530 418 2568 sacrificantis
437 2530 572 2567 animus
593 2534 625 2566 et
645 2541 788 2577 eorpus,
806 2541 873 2576 quo
888 2529 964 2565 fieri
978 2532 1093 2576 potest
1109 2527 1224 2571 modo,
1243 2527 1470 2566 similitudine
1485 2530 1616 2568 scilicet
1631 2543 1765 2568 morum

1674 2595 1706 2621 46

1774 414 1838 440 1653

1772 453 1875 480 Nicolai

1774 493 1860 519 tiroci-

1773 531 1854 557 nium.

1781 1167 1812 1193 In
1827 1173 1905 1200 ango-

1781 1206 1854 1233 ribus
1862 1215 1901 1232 50-

1781 1246 1853 1272 latur
1863 1246 1904 1278 ju-

1782 1295 1872 1313 venem

1782 1326 1912 1354 Christus.

1784 1668 1866 1702 Signa

1785 1710 1888 1736 Divinoe

1785 1749 1890 1783 gratiae.

1789 2160 1935 2189 Sacerdotis

1789 2202 1883 2228 officia.
