2184 2953
207 390 270 416 1636

205 428 315 455 Trium-

204 468 285 502 phum
311 477 351 495 sa-

203 518 275 536 crum
294 509 351 535 des—

203 549 281 576 cribit
304 550 333 576 P,

204 591 338 625 Rywocki.

377 293 439 324 314
778 295 1054 325 LITUANICARUM
1078 295 1291 324 SOCIETATIS
1313 295 1400 324 JESU
1423 294 1679 324 HISTORIARUM

378 386 512 431 cipibus
526 386 648 432 regiis,
666 386 687 421 J
692 387 796 421 oanni
816 387 986 423 Casimiro
998 391 1032 422 et
1047 387 1172 422 Carolo
1185 387 1421 428 Ferdinando,
1440 387 1617 432 germanis
1632 386 1807 421 Vladislai
1821 386 2000 427 fratribus,

377 447 495 482 Vilnae
525 448 734 494 hospitibus,
758 450 992 490 adumbravit,
1023 449 1208 484 rhetoricae
1225 453 1299 484 tum
1318 449 1354 483 in
1372 448 1554 484 academia
1569 449 1758 495 professor,
1791 449 1833 484 P.
1850 449 1871 484 J
1876 460 2008 484 oannes

378 509 584 557 Ryvockius
604 510 648 557 (1).
669 510 868 545 Secundum
889 511 1006 546 Patris
1040 511 1188 546 Mathiae
1203 511 1467 558 panegyricum,
1489 523 1551 557 per
1569 512 1645 546 fora
1660 511 1757 545 urbis
1772 511 1952 557 praecipua
1986 522 2008 545 a

377 572 508 618 templo
544 572 725 618 pontificio
762 573 921 608 instituta
961 573 1183 619 supplicatiO.
1222 574 1342 608 Turba
1378 573 1642 619 procedentium
1678 572 1804 619 plateis
1847 573 2007 608 omnibus

373 634 528 681 vicisque
557 636 828 671 confertissima.
858 636 1016 670 Praeibat
1052 636 1174 671 ordine
1193 636 1315 682 longo,
1353 636 1398 671 ad
1417 648 1578 682 pompam
1612 639 1737 670 ornata
1767 635 2007 681 instructaque

367 696 535 742 juventus
550 698 772 739 academica,
791 698 891 733 dulce
911 698 998 733 illud
1014 698 1116 733 Beati
1136 698 1298 734 Casimiri
1313 710 1456 733 carmen
1475 711 1481 732 :
1503 700 1605 732 Omni
1623 700 1678 732 die
1698 700 1754 731 clio
1779 700 1910 732 Mariae
1928 710 2006 733 mea

371 761 493 794 laudes
511 762 634 794 anima
667 768 868 801 occentans‚
895 760 1153 796 alternantibus
1186 761 1277 796 idem
1296 761 1379 795 hinc
1406 760 1502 795 illinc
1521 760 1853 808 symphoniacorum
1868 760 1999 795 choris.

371 822 571 857 Secundum
604 823 821 858 academicos
856 823 1068 868 procedebat
1088 823 1253 869 frequens
1285 824 1507 858 sacerdotum
1534 828 1643 858 coetus
1675 828 1747 858 tum
1780 823 1880 858 latini
1916 823 2004 858 ritus

369 889 443 920 tum
470 885 591 931 graeci,
621 885 747 920 deinde
772 886 1021 920 canonicorum
1053 885 1263 931 collegium;
1296 886 1507 920 claudebant
1539 897 1666 931 agmen
1698 898 1774 920 cuin
1810 885 2004 931 apostolico

371 947 508 982 Urbani
531 948 617 983 VIII
648 948 782 989 nuntio,
806 948 922 982 Mario
956 948 1185 989 Philon-ardo,
1213 947 1513 983 Avenionensium
1533 948 1807 994 archiepiscopo,
1830 948 2005 983 antistites

370 1010 551 1056 utriusque
566 1012 654 1046 ritus
673 1011 826 1045 infulati.
844 1012 939 1046 Pone
954 1011 1018 1045 hos
1034 1011 1132 1045 ibant
1142 1010 1221 1045 lecti
1232 1022 1273 1045 ex
1290 1010 1373 1045 aula
1388 1010 1483 1056 regia
1499 1022 1576 1045 cum
1595 1010 1668 1044 suis
1681 1010 1846 1056 choragis
1862 1010 1999 1051 auletae,

366 1071 563 1114 citharaedi,
591 1073 771 1114 fidicines,
795 1073 984 1112 tubicines,
1019 1078 1124 1119 atque
1150 1073 1211 1107 alii
1244 1073 1347 1119 hujus
1368 1073 1507 1118 generis
1526 1072 1693 1112 artifices,
1728 1072 1845 1107 choris
1873 1073 2002 1107 circum

368 1138 616 1181 responsantes
640 1135 814 1170 omnibus.
839 1135 1022 1170 Interhaec
1045 1135 1219 1176 labarum,
1242 1135 1395 1181 imagine
1414 1134 1515 1169 Beati
1534 1134 1697 1169 Casimiri
1712 1134 1865 1181 insigne,
1885 1135 2003 1169 Litua-

368 1196 423 1231 nis
455 1209 569 1243 nuper
588 1209 609 1231 a
647 1197 812 1232 Romano
846 1197 1018 1232 Pontifice
1046 1198 1189 1232 missum
1216 1197 1265 1243 (a),
1289 1198 1333 1232 ab
1360 1197 1515 1232 antistite
1534 1209 1553 1232 e
1572 1197 1819 1231 canonicorum
1851 1197 2001 1244 collegio

367 1258 590 1295 Vilnensium
620 1259 818 1300 sublatum;
845 1271 866 1293 a
884 1259 1053 1294 lateribus
1074 1259 1219 1294 Alberto
1240 1259 1418 1294 Stanislao
1439 1259 1617 1294 Radivillo
1647 1259 1683 1294 S.
1707 1260 1754 1294 R.
1773 1260 1802 1294 I.
1827 1259 1996 1306 principe,

367 1325 402 1356 et
433 1321 613 1368 Stephano
641 1322 725 1363 Pac,
748 1323 814 1357 hoc
833 1322 1122 1369 procancellario,
1146 1322 1357 1357 cancellario
1385 1322 1445 1356 illo
1466 1322 1653 1363 Lituaniae,
1676 1333 1695 1356 e
1715 1321 1997 1368 dependentibus

366 1383 543 1419 lemniscis
562 1385 677 1419 aureis
697 1385 741 1419 ad
774 1389 904 1419 motum
926 1385 1007 1419 aeris
1043 1385 1237 1425 fluitantes,
1260 1385 1349 1419 sacri
1382 1385 1503 1420 vexilli
1522 1385 1597 1420 alas
1629 1385 1907 1420 moderantibus.
1930 1385 1996 1419 His

364 1447 597 1482 succedebant
624 1447 706 1488 duo,
728 1447 921 1482 eminentes
953 1447 1137 1488 antistitio,
1159 1447 1247 1488 viri;
1275 1459 1421 1493 quorum
1449 1448 1602 1482 humeris
1631 1447 1722 1483 sacri
1742 1447 1901 1493 reliquiae
1920 1458 1997 1482 cor-

364 1510 472 1556 poris,
495 1510 532 1544 in
564 1509 679 1544 loculo
707 1509 854 1555 gemmis
873 1509 1031 1555 fulgente
1066 1513 1100 1544 et
1115 1521 1212 1551 aure,
1237 1510 1362 1545 deinde
1387 1522 1408 1545 a
1432 1510 1600 1545 ministris
1619 1522 1661 1545 ex
1681 1510 1804 1545 ordine
1823 1510 1999 1545 senatorio

365 1573 465 1619 regia
490 1572 527 1607 in
550 1573 664 1607 aureis
695 1571 847 1618 pulvillis
875 1572 1044 1618 insignia,
1074 1572 1288 1607 ferebantur.
1319 1573 1539 1619 Sequebatur
1566 1573 1700 1608 familia
1730 1573 1832 1619 regia
1859 1576 1893 1608 et
1920 1584 1997 1607 cum

364 1638 518 1681 augusta
542 1646 662 1669 sorore
694 1646 757 1668 sua
782 1633 886 1668 Anna
906 1634 1096 1669 Catharina
1115 1646 1176 1669 rex
1195 1634 1284 1680 ipse.
1305 1636 1381 1673 Qua
1400 1635 1689 1681 triumphantium
1709 1646 1893 1681 processus
1908 1638 1995 1675 erat,

364 1697 490 1732 anticae
514 1697 668 1732 omnium
699 1697 827 1731 aedium
859 1701 977 1743 partes
997 1697 1227 1743 splendebant
1246 1697 1370 1742 signis,
1398 1697 1534 1738 aulaeis,
1556 1697 1775 1732 emblematis
1803 1701 1995 1733 exornatae.

363 1759 449 1794 Plus
477 1763 553 1794 erat
572 1759 769 1805 splendoris
800 1760 836 1793 in
868 1760 1019 1794 arcubus
1039 1759 1311 1804 triumphalibus
1329 1773 1335 1801 ;
1357 1759 1449 1794 inter
1469 1771 1554 1804 quos
1594 1764 1665 1794 tres
1684 1764 1785 1794 erant
1818 1760 1858 1794 ab
1875 1759 1998 1794 acade-

361 1821 460 1856 micis
490 1820 618 1856 nostris
654 1821 759 1856 erecti
779 1821 990 1867 magnifice:
1014 1833 1056 1856 ex
1068 1821 1123 1856 his
1158 1821 1401 1856 adolescentes
1422 1821 1636 1862 scholastici,
1675 1822 1724 1856 sic
1756 1822 1884 1863 ornati,
1907 1826 1944 1856 ut
1963 1822 2000 1856 in

360 1884 510 1931 singulis
541 1884 642 1919 facile
661 1884 880 1930 singularum
901 1884 1000 1929 regni
1020 1884 1279 1929 provinciarum
1307 1884 1495 1919 simulacra
1513 1884 1723 1919 adumbrata
1752 1884 1993 1930 intelligeres;

362 1947 574 1982 carminibus
590 1946 734 1987 melicis,
745 1958 806 1981 suo
822 1946 871 1980 illi
887 1947 1073 1993 qnasieum
1084 1946 1246 1992 Apolline
1256 1958 1377 1987 musae,
1391 1946 1615 1992 praetereunn
1628 1958 1764 1992 pompse
1775 1946 1994 1981 occinebant.

362 2009 453 2043 Tota
471 2012 601 2055 quanta
632 2012 763 2054 quanta
794 2009 859 2043 fuit
886 2012 959 2043 tum
979 2021 1020 2043 ac
1032 2009 1260 2043 refertissima
1274 2008 1475 2044 celebritate
1492 2008 1613 2042 civitas
1628 2020 1806 2043 murmure
1825 2012 1859 2043 et
1876 2007 1997 2043 laetitia

359 2071 540 2105 fremebat.
566 2071 735 2106 Excitatis
750 2071 798 2106 ita
814 2071 859 2105 ad
880 2071 973 2117 pium
994 2071 1209 2117 triumphum
1224 2071 1363 2112 animis,
1385 2070 1541 2105 delatum
1556 2070 1644 2104 illud
1659 2082 1797 2105 sacrum
1814 2074 1996 2115 gestamen

358 2138 463 2179 atque
483 2133 518 2167 in
538 2134 740 2168 sanctuario
768 2137 961 2179 praeparato
993 2133 1155 2168 manibus
1184 2133 1388 2179 pontificum
1422 2132 1634 2179 depositum.
1657 2132 1769 2167 AEdes
1805 2132 1894 2171 haec,
1917 2131 1995 2166 divo

357 2195 506 2242 principi
534 2196 661 2237 dicata,
682 2208 768 2231 sane
796 2196 896 2241 regia
919 2208 925 2230 :
947 2195 1161 2231 intrinsecus
1180 2195 1352 2242 exquisito
1372 2207 1563 2236 marmore,
1586 2195 1745 2241 picturis,
1768 2194 1992 2241 anaglyphis,

356 2258 516 2299 artificio,
539 2259 634 2293 vasis
651 2259 843 2305 argenteis,
876 2258 1040 2304 lampade
1058 2270 1167 2294 aurea
1195 2271 1256 2294 sex
1276 2258 1429 2293 millibus
1449 2270 1648 2299 aureorum,
1671 2270 1734 2293 ara
1752 2258 1885 2304 majore
1905 2270 1987 2293 cen-

356 2325 428 2356 tum
443 2321 594 2368 amplius
608 2333 789 2356 nummum
808 2321 1043 2367 imperialium
1058 2321 1224 2361 millibus,
1244 2321 1426 2355 {estimatis
1446 2333 1452 2355 :
1473 2321 1691 2356 extrinsecus
1712 2321 1810 2355 tholo
1827 2325 1860 2355 et
1878 2321 1991 2367 parie-

355 2384 448 2418 tibus
468 2395 487 2419 e
508 2387 602 2418 secto
621 2383 751 2429 lapide,
787 2383 935 2429 aliisque
954 2384 1167 2418 ornamentis
1196 2383 1411 2430 spectabilis.
1444 2383 1509 2418 Hic
1530 2383 1609 2418 Divi
1629 2394 1721 2424 ossa,
1745 2383 1939 2429 composita
1957 2383 1992 2416 in

359 2458 434 2488 ara,
456 2447 630 2494 hodieque
661 2447 790 2493 insigni
809 2447 927 2493 populi
945 2446 1107 2482 coluntur
1127 2448 1269 2494 pietate.

399 2519 438 2557 (1)
458 2520 495 2548 Dc
508 2519 667 2555 apotheosi,
687 2522 818 2546 renovata
841 2518 922 2552 hujus
936 2518 1012 2546 Beati
1032 2517 1087 2545 viil.
1107 2518 1125 2544 Ι.
1141 2515 1172 2552 V,
1188 2524 1216 2548 n,
1234 2516 1280 2545 16.
1298 2532 1337 2535 —
1355 2515 1394 2552 (2)
1412 2515 1474 2545 Vid.
1486 2516 1555 2545 ibid.
