2184 2953
250 403 312 429 1660

248 485 379 518 Prodigia.

311 724 342 749 36

251 766 360 792 Vilncn-

252 806 320 831 sium
333 812 378 830 cze-

250 845 296 871 des
334 843 380 870 fte-

250 882 368 915 (lissima,

255 1199 398 1227 crudelitas

256 1238 392 1267 horrenda.

260 1627 351 1655 Hostis
372 1636 388 1653 a

259 1667 381 1694 Lituanis

259 1714 394 1740 oppugna-

259 1746 310 1772 tur.

263 1993 384 2020 Conster-

263 2032 362 2058 nuntur

263 2071 378 2105 periculo

264 2110 333 2136 cives
351 2110 377 2135 iu

263 2148 361 2181 templo

265 2188 292 2213 S.
304 2187 382 2214 Joan-

264 2225 305 2252 nis
320 2234 326 2256 3

417 295 476 326 388
784 292 1061 322 LITUANICARUM
1086 291 1297 321 SOCIETATIS
1319 290 1405 321 JESU
1429 288 1681 320 IIISTORIARUM

419 389 623 433 praesentes,
644 396 802 425 uxorem,
825 383 951 419 deinde
970 383 1091 423 filiam,
1110 383 1260 428 denique
1288 393 1326 417 se
1361 382 1475 428 ipsum
1494 381 1536 416 de
1549 381 1637 428 jugo
1652 381 1688 415 in
1706 380 1936 427 profluentem
1954 390 2043 425 prae-

420 449 551 494 cipitat.
582 448 634 482 De
653 458 716 481 sua
745 447 946 481 calamitate
972 446 1174 486 Vilnenses,
1196 445 1308 485 aiunt,
1344 444 1495 479 monitos
1518 444 1624 478 fuisse
1646 442 1817 489 prodigiis
1836 454 1842 476 :
1869 441 1988 488 pinum
2008 441 2045 476 in

419 523 506 557 agro
526 509 740 549 Lukiscano,
762 521 783 544 a
802 509 1000 544 Moscovita
1024 519 1165 548 caesam,
1200 518 1324 542 cruore
1356 517 1531 547 manasse,
1554 517 1747 552 sagumque
1765 504 1951 551 lignatoris
1970 503 2045 539 vul-

419 577 562 618 tumque
589 571 846 618 conspersisse;
881 571 918 605 in
951 570 1079 616 templo
1107 570 1368 609 canonicorum,
1403 580 1514 603 vacuo
1538 568 1616 614 jam
1638 579 1679 602 ac
1711 567 1863 608 deserto,
1888 566 2047 600 divorum

421 647 502 670 aras
520 638 664 681 repente
682 634 760 669 luce
780 633 954 668 effulsisse
973 633 1071 674 mira,
1090 633 1208 678 itaque
1232 632 1363 666 arsisse
1395 631 1469 666 dies
1486 631 1619 677 aliquot
1646 642 1687 666 ac
1714 633 1844 665 noctes
1865 629 2049 675 Praesagia

424 697 546 732 satalia
564 696 646 731 inde
664 695 726 730 alii
746 708 789 730 ex
808 695 888 729 aliis
908 699 1053 729 eventus
1068 694 1255 729 consecuti.

476 759 677 795 Lacessitus
713 758 862 793 militum
890 757 1032 792 incursu
1051 757 1256 792 nostratium
1277 766 1465 802 oppressor
1492 754 1657 793 civitatis,
1687 753 1937 788 Moscoviticus
1956 753 2052 799 pala-

426 823 532 863 tinus,
567 821 694 856 Daniel
724 820 943 861 Misieckius,
978 820 1081 854 homo
1110 819 1252 853 diritate
1272 819 1366 853 omni
1389 817 1603 857 teterrimus,
1638 816 1673 849 in
1692 815 1868 850 civitatem
1899 827 1942 850 ex
1972 827 2053 851 arce

425 885 538 927 irruit,
560 887 714 919 armatos
731 883 835 929 juxta
862 883 1083 928 inermesque
1111 881 1234 922 caedit3
1256 881 1349 927 capti
1369 879 1601 925 conjiciuntur
1619 878 1655 912 in
1671 877 1853 923 ergastula
1870 877 1916 912 ad
1931 878 2052 913 crude-

427 947 549 982 liorem
581 945 742 980 servandi
760 944 950 979 lanienam.
968 944 1068 979 Diem
1092 944 1137 978 ita
1166 947 1372 989 noctemque
1400 942 1435 976 in
1464 941 1638 976 civitatem
1657 943 1852 986 grassatus,
1886 940 2054 986 postridie

426 1010 561 1044 vinctos
575 1007 753 1043 turmatim
767 1007 861 1041 trahi
885 1007 930 1041 ad
957 1006 1195 1041 carnificinam
1207 1006 1320 1051 jubet.
1346 1004 1496 1040 Plenum
1515 1002 1745 1037 cadaveribus
1778 1003 1904 1042 sorum,
1939 1002 2055 1048 plenae

425 1072 552 1118 platea}
571 1082 704 1105 omnes.
741 1071 874 1105 Parum
905 1069 1100 1103 formidinis
1126 1069 1162 1103 in
1190 1080 1230 1103 eo
1249 1068 1360 1102 visum
1392 1066 1621 1112 sanguinario
1642 1078 1648 1099 :
1669 1064 1842 1099 atrociora
1861 1065 1916 1100 his
1937 1065 2055 1100 danda

426 1137 527 1169 erant
556 1131 761 1179 spectacula.
793 1131 1019 1166 Horrendum
1038 1130 1144 1171 dictu,
1180 1137 1310 1175 quanta
1328 1128 1510 1164 carnifices
1528 1127 1640 1167 rabie,
1660 1127 1846 1173 productos
1878 1127 1914 1161 in
1946 1127 2056 1162 ferale

427 1197 616 1236 theatrum,
638 1195 820 1241 utriusque
845 1205 947 1229 sexus
975 1193 1146 1233 homines,
1177 1193 1324 1238 juvenes
1337 1192 1440 1237 juxta
1464 1201 1648 1236 senesque,
1673 1188 1884 1225 lacerarent.
1907 1189 2055 1225 Mactati

427 1259 597 1307 pecudum
625 1258 737 1293 instar
769 1257 949 1292 securibus
980 1256 1015 1291 hi
1041 1269 1047 1290 z
1069 1256 1198 1290 concisi
1219 1254 1440 1290 membratim
1461 1253 1512 1288 illi
1531 1266 1537 1287 z
1560 1253 1750 1288 semineces
1775 1252 1833 1287 alii
1852 1252 1898 1287 ad
1917 1253 2057 1298 gravio-

427 1334 499 1357 rem
514 1321 688 1356 cruciatus
704 1331 846 1361 sensum
856 1318 981 1354 relicti.
1005 1319 1102 1353 Inter
1116 1329 1187 1358 eos,
1210 1317 1267 1364 qui
1286 1316 1461 1363 stipitibus
1481 1316 1592 1350 acutis
1613 1315 1806 1361 erectisque
1822 1316 1962 1361 traiecti
1981 1319 2054 1351 tor-

428 1385 636 1430 quebantur,
658 1383 783 1418 mulier
802 1382 951 1428 gravida
970 1392 1091 1427 puero,
1114 1380 1205 1426 quod
1232 1379 1395 1414 maritum
1409 1379 1610 1425 conspicata
1628 1389 1727 1412 suum
1743 1377 1890 1424 ejularet
1908 1379 2052 1420 misera,

428 1447 474 1481 ad
496 1447 672 1482 lanienam
690 1445 894 1492 corripitur:
910 1443 1118 1478 discinditur
1130 1446 1208 1478 uter
1225 1445 1421 1477 :extractus
1436 1441 1537 1476 faetus
1557 1441 1662 1487 capiti
1680 1445 1871 1487 peremptae
1889 1441 2053 1476 illiditur.

431 1510 544 1556 Super
570 1509 717 1545 eandem
757 1512 912 1554 stragem
944 1507 1152 1542 cecidissent
1182 1505 1319 1552 reliqui,
1356 1504 1423 1540 nisi
1452 1508 1596 1551 repente
1627 1504 1755 1539 vindex
1791 1505 1952 1545 civitatis,
1986 1505 2056 1539 dux

430 1573 605 1608 Lituanici
624 1571 809 1612 exercitus,
832 1569 987 1605 Michael
1002 1570 1074 1604 Pae
1096 1569 1132 1603 in
1153 1571 1254 1614 terga
1272 1567 1427 1602 hostium
1444 1565 1645 1602 involasset.
1665 1567 1756 1602 Caesi
1770 1567 1806 1601 in
1825 1567 1911 1602 urbe
1926 1567 2056 1602 barba-

430 1646 548 1669 rorum
563 1634 663 1668 multi
678 1647 685 1675 ;
706 1633 823 1679 plures
838 1632 874 1666 in
887 1643 1004 1667 arcem
1020 1631 1222 1676 confugere.
1243 1630 1375 1664 Locum
1401 1628 1520 1675 adepti
1540 1629 1711 1663 munitum
1728 1628 1878 1675 impetus
1894 1629 2056 1664 obsiden-

431 1697 518 1731 tium
532 1696 771 1731 sustinuerunt
789 1695 825 1729 in
844 1706 976 1728 annum
994 1694 1248 1739 insequentem.
1272 1692 1407 1737 Magna
1429 1694 1503 1725 tum
1521 1701 1657 1736 quoque
1676 1690 1711 1724 in
1731 1690 1874 1725 civitate
1889 1695 2028 1737 strages
2047 1706 2055 1734 ;

433 1757 584 1792 obsessis
600 1769 641 1792 ex
661 1757 771 1792 arduo
803 1756 997 1802 subjectam
1022 1755 1145 1790 urbem
1164 1753 1424 1800 quassantibus.
1448 1751 1569 1787 Socios
1597 1752 1633 1785 in
1653 1762 1693 1785 eo
1722 1751 1863 1786 turbine
1894 1752 2055 1798 perinde,

432 1824 536 1866 atque
572 1819 680 1854 otium
715 1819 830 1861 soret,
866 1819 1040 1866 agitantes
1071 1829 1147 1859 sua,
1178 1816 1326 1851 maxime
1352 1815 1485 1850 ultimis
1520 1814 1751 1850 hebdomadae
1782 1818 1915 1851 sanctae
1946 1815 2055 1858 feriis,

434 1883 544 1919 hostis
580 1883 783 1918 conterruit.

484 1945 586 1980 Anno
604 1945 709 1986 1661,
733 1945 787 1979 die
809 1956 1032 1991 parasceves,
1054 1944 1100 1978 ad
1120 1944 1367 1990 cenotaphium
1393 1943 1428 1977 in
1453 1942 1583 1989 templo
1598 1941 1794 1976 academico
1814 1941 2059 1979 concionatore

437 2008 591 2042 divinum
611 2007 739 2042 Christi
760 2007 955 2042 Salvatoris
983 2018 1134 2041 amorem
1161 2006 1389 2053 praedicante,
1425 2005 1459 2039 in
1478 2004 1674 2050 frequentia
1690 2003 1820 2050 populi,
1843 2004 1884 2038 ab
1908 2004 2061 2039 obsessis

436 2070 599 2105 hostibus
632 2081 674 2104 ex
705 2069 840 2104 arcein
867 2069 1035 2115 templum
1062 2072 1299 2105 exonerantur
1326 2071 1500 2103 tormenta
1514 2067 1655 2108 bellica,
1690 2067 1761 2101 ictu
1792 2070 1885 2101 certo
1913 2067 2056 2102 directa.

437 2133 591 2168 Perculit
609 2144 728 2167 omnes
747 2132 867 2178 fragor
884 2145 922 2168 ac
940 2133 1075 2179 proruit
1097 2146 1103 2168 :
1121 2133 1213 2168 hesit
1239 2137 1357 2168 tamen
1384 2131 1569 2167 neminem.
1593 2130 1651 2166 Sic
1669 2130 1784 2165 librile
1799 2131 1943 2171 fulmen,
1977 2131 2063 2167 alte-

437 2206 512 2229 rum
546 2206 607 2240 per
638 2194 826 2229 fenestram
846 2195 1030 2230 adversam
1056 2194 1171 2234 irruit,
1202 2198 1240 2230 ut
1263 2198 1358 2230 recta
1385 2205 1448 2240 per
1483 2204 1641 2228 aversam
1660 2193 1838 2240 eruperit:
1860 2193 2009 2229 alterum
2027 2194 2063 2229 in

438 2267 537 2291 muro
571 2256 677 2302 fregit
703 2257 882 2303 impetum,
903 2261 939 2293 ut
959 2258 1052 2304 ipsos
1083 2258 1212 2293 lateres
1232 2257 1383 2292 violarit.
1406 2256 1520 2302 Major
1534 2256 1650 2291 statim
1678 2255 1715 2290 in
1746 2256 1882 2291 hostem
1901 2255 1993 2291 facta
2010 2256 2063 2291 vis

439 2319 646 2353 nostratium
666 2331 687 2353 a
706 2320 910 2366 regionibus
930 2321 1079 2356 diversis
1101 2320 1378 2367 oppugnantium
1397 2322 1430 2354 et
1449 2319 1592 2365 gravior
1612 2318 1807 2364 impressio.
1832 2318 1941 2353 Cincti
1960 2318 2060 2354 undi-

438 2392 504 2426 que
519 2383 553 2415 et
572 2380 724 2426 undique
740 2382 774 2416 in
789 2394 869 2418 arce
885 2383 1088 2430 compressi,
1101 2384 1176 2429 jam
1191 2381 1407 2417 sustinenda}
1423 2381 1678 2427 oppugnationi
1692 2381 1857 2427 impares,
1875 2381 2061 2416 deditionis

439 2443 561 2477 ineunt
583 2443 764 2478 consilium
781 2458 787 2486 3
810 2445 962 2479 omnium
992 2446 1026 2480 in
1046 2445 1082 2480 id
1101 2445 1204 2480 facile
1230 2444 1402 2480 inclinant
1420 2444 1536 2479 animi.
1561 2445 1640 2490 Ipse
1667 2443 1801 2485 Daniel,
1818 2443 1898 2490 quia
1916 2447 2058 2490 propter

438 2505 594 2541 crudelia
608 2506 699 2541 sacta
726 2518 789 2541 sua
816 2507 880 2541 sibi
900 2509 1048 2543 maxime
1078 2511 1223 2550 metuat,
1245 2508 1456 2554 refragatur.
1479 2507 1550 2543 Sed
1568 2507 1686 2543 valere
1705 2511 1840 2542 tantum
1858 2518 1927 2542 non
1945 2506 2044 2552 potui
