2184 2953
307 385 370 411 1599

306 488 395 514 Pietas

306 529 424 563 singula-

315 577 362 594 ris.

304 799 367 826 1600

364 839 392 864 17

305 877 434 904 Radivilli

300 916 442 943 cardinalis

300 955 388 981 obitus
400 957 426 982 et

300 994 423 1028 elogium.

303 1382 412 1409 Porten-

303 1423 361 1446 tum
374 1421 444 1447 futu-

306 1468 339 1486 rae
353 1460 447 1487 laudis.

477 288 534 319 192
838 293 1110 321 LITI'ANJCARFM
1136 291 1349 321 SOCIETATIS
1372 291 1456 319 1Εὸ1ἲ
1483 290 1735 319 HlSTonlAuvu

477 379 650 426 Olycense
663 382 831 429 templum
846 388 938 418 esset
953 395 1060 430 penes
1074 383 1188 430 ipsum
1205 383 1387 418 Luceoriae
1411 382 1622 429 episcopum.
1642 382 1778 417 Eodem
1792 382 1976 429 religionis
1991 381 2105 417 studio

478 442 513 476 in
532 443 633 479 bonis
652 445 724 479 suis
742 445 824 480 fana
842 446 1088 481 haereticorum
1114 446 1249 481 evertit.
1276 445 1481 486 Photianos‚
1504 446 1562 490 qui
1581 446 1861 491 conjunctionem
1881 457 1957 480 cum
1982 444 2105 480 Eccle-

476 506 529 540 sia
548 512 764 548 recusarent,
786 509 940 543 indidem
960 509 1073 555 ejecit.
1096 508 1291 548 Nalibocis,
1314 509 1348 542 in
1369 520 1431 542 suo
1454 519 1560 554 pago,
1590 508 1626 542 in
1656 508 1772 542 locum
1798 519 2033 549 nemorosum,
2060 507 2104 541 ab

479 569 573 603 omni
586 581 749 604 curarum
764 571 910 617 strepitu
926 575 960 606 et
974 571 1148 605 communi
1169 571 1247 606 luce
1266 570 1453 611 seclusum,
1471 570 1570 605 verni
1582 570 1709 616 Jejunii
1725 575 1881 616 tempore
1900 573 1983 615 quot
2001 569 2103 603 annis

478 641 514 665 se
533 632 757 677 receptabat;
778 636 888 667 totum
907 633 955 667 ibi
975 644 1083 668 sacrae
1106 633 1387 678 quadragesimae
1406 636 1542 678 tempus
1565 632 1600 666 in
1625 632 1852 667 meditatione
1871 643 1987 666 rerum
2016 631 2104 665 divi-

478 704 610 735 narum,
629 694 664 728 in
684 694 904 730 afflictatione
924 695 1080 741 corporis
1100 699 1134 730 et
1152 695 1327 741 lacrymis,
1347 694 1638 729 anachoretarum
1654 694 1735 734 ritu,
1758 693 1977 728 traducebat.
2002 692 2104 739 Saepe

476 755 613 791 visebat
631 757 909 803 ptochotrophia,
941 758 1156 803 miserosque
1179 757 1253 803 ipse
1281 756 1481 796 solabatur3
1503 755 1578 801 ipse
1597 756 1668 791 suis
1687 756 1847 790 manibus
1875 755 1972 790 cibos
2002 755 2103 789 mini-

477 817 625 859 strabat,
657 823 811 864 aegrotos
842 830 904 864 per
936 831 1036 854 suum
1067 819 1239 854 medicum
1270 818 1424 853 curabat.
1467 817 1714 853 Suburbanum
1745 817 1926 852 Vilnensis
1962 816 2103 863 collegii

478 879 622 915 Lukisci
640 880 744 926 hujus
763 881 928 927 principis
952 893 1078 916 munus
1110 881 1262 927 insigne.

522 943 735 978 stanislaum
749 944 870 978 ducem
890 945 933 978 ad
953 944 1099 990 przemia
1114 944 1318 979 meritorum
1333 943 1544 979 immortalia
1564 948 1702 978 secutus
1714 948 1767 977 est
1786 954 1975 988 germanus
1992 942 2103 977 frater

471 1016 567 1047 suus,
588 1007 786 1053 praecipuus
805 1006 990 1041 Societatis
1009 1011 1141 1041 nostrae
1163 1011 1311 1048 amator,
1334 1007 1509 1047 laudator,
1522 1017 1563 1040 ac
1581 1010 1676 1040 tutor
1691 1006 1864 1051 Georgius
1880 1004 2098 1045 Radivillus,

473 1067 510 1102 S.
529 1068 664 1102 romani
678 1068 814 1114 imperii
825 1069 1000 1115 princeps,
1014 1069 1116 1103 titulo
1133 1069 1170 1104 S.
1185 1069 1275 1104 Sixti
1290 1068 1493 1109 cardinalis,
1510 1067 1689 1102 Vilnensis
1699 1067 1863 1113 primum,
1879 1067 2005 1102 deinde
2021 1067 2102 1101 Cra-

471 1129 642 1164 coviensis
670 1130 867 1177 episcopus,
895 1131 1033 1171 Romae,
1068 1135 1296 1177 posteaquam
1325 1131 1492 1166 Clementi
1511 1130 1611 1170 VIII,
1632 1141 1776 1164 auream
1799 1129 1946 1176 jubilaeo
1965 1133 2102 1175 portani

471 1191 653 1237 aperienti,
672 1192 762 1227 inter
781 1193 976 1228 cardinales
995 1193 1166 1235 astiterat,
1195 1205 1322 1239 magno
1338 1194 1491 1228 omnium
1518 1192 1613 1227 luctu
1632 1192 1840 1226 mortalibus
1864 1196 2004 1237 ereptus
2029 1191 2099 1225 XII

470 1253 641 1289 kalendas
668 1254 879 1295 februarias,
902 1267 995 1290 anno
1011 1256 1092 1290 vitae
1107 1256 1168 1296 44,
1187 1267 1261 1290 suae
1277 1256 1445 1302 postridie
1464 1256 1539 1301 ejus
1556 1255 1636 1295 diei,
1659 1267 1737 1289 cum
1753 1266 1790 1289 se
1804 1255 2031 1300 languentem
2047 1254 2100 1288 in-

469 1316 609 1351 visisset
624 1316 797 1357 Pontifex,
825 1317 996 1363 donisque
1018 1317 1230 1352 salutaribus
1245 1330 1263 1353 e
1278 1318 1445 1352 thesauro
1465 1317 1669 1352 meritorum
1688 1316 1817 1351 Christi
1838 1316 2098 1363 impertivisset.

518 1378 633 1414 Natus
664 1380 868 1426 parentibus
882 1409 889 1421 ‚
926 1392 993 1415 non
1027 1381 1203 1415 haereticis
1230 1384 1378 1421 tantum,
1409 1379 1471 1415 sed
1502 1379 1748 1414 haereticorum
1780 1380 1887 1414 etiam
1923 1379 2100 1413 satoribus

468 1439 503 1474 in
524 1440 700 1482 Lituania,
727 1443 784 1487 qui
801 1442 882 1477 olim
897 1443 972 1488 ipse
987 1441 1124 1477 futurus
1139 1447 1244 1484 esset,
1262 1443 1482 1488 portendisse
1498 1443 1611 1477 visum
1627 1453 1776 1477 examen
1792 1453 1910 1488 apum.
1929 1442 1974 1476 ad
1990 1452 2099 1476 cunas

465 1501 608 1537 infantis
631 1514 752 1538 recens
782 1503 856 1538 nati
883 1504 1155 1544 convolantium,
1178 1505 1338 1550 circaque
1364 1504 1544 1550 pulvillum
1573 1516 1610 1539 se
1642 1504 1928 1550 constipantium.
1968 1503 2099 1549 Lipsiae

464 1565 500 1599 in
524 1565 678 1600 Saxonia
698 1566 943 1601 haereticorum
976 1567 1181 1612 magisterio
1201 1567 1235 1601 in
1257 1567 1387 1601 scholis
1407 1579 1503 1606 usus,
1530 1567 1623 1603 1572
1641 1578 1712 1601 una
1736 1579 1814 1601 cum
1832 1566 1999 1602 fratribus
2019 1578 2097 1612 ger-

464 1627 577 1662 manis
599 1627 745 1664 Alberto
777 1633 811 1663 et
839 1629 1016 1664 Stanislao
1048 1641 1212 1664 reversus
1235 1630 1271 1663 in
1295 1630 1456 1675 patriam,
1485 1629 1681 1675 pestilentis
1714 1629 1886 1664 doctrinae
1904 1641 2094 1670 venenum,

464 1689 554 1735 quod
572 1690 734 1725 incautus
749 1691 930 1731 hauserat,
953 1691 1133 1726 medicinis
1149 1691 1365 1726 salutaribus
1385 1692 1417 1725 in
1439 1702 1476 1726 se
1491 1691 1719 1737 expugnavit,
1738 1696 1884 1726 curante
1903 1691 2096 1738 principem

462 1750 498 1785 in
522 1751 644 1797 primis
664 1753 770 1787 Petro
786 1753 939 1799 Skarga.
965 1753 1048 1787 Inde
1067 1753 1276 1799 prae‘clarum
1298 1754 1362 1788 fuit
1389 1754 1568 1791 doctrinae,
1592 1764 1728 1788 morum
1760 1758 1794 1788 et
1812 1754 1953 1800 pietatis
1981 1765 2096 1788 exem-

463 1812 557 1858 plum
578 1813 737 1849 omnibus
760 1827 766 1848 :
798 1818 835 1848 ut
862 1819 1047 1861 propterea
1068 1815 1260 1861 Georgium
1283 1816 1495 1852 Valerianus
1522 1817 1745 1852 Vilneusium
1787 1818 1970 1864 episcopus
1990 1830 2096 1853 unum

464 1887 538 1921 prae
557 1876 717 1911 omnibus
737 1877 944 1923 suspiceret,
978 1882 1083 1923 atque
1110 1877 1202 1912 hunc
1229 1878 1427 1924 adjutorem
1458 1879 1627 1925 pontificii
1648 1880 1803 1914 muneris
1833 1880 1899 1920 sui,
1922 1880 1996 1926 ipse
2019 1881 2095 1927 jam

463 1940 560 1974 senio
596 1937 728 1985 gravis,
763 1944 992 1987 percuperet;
1028 1941 1131 1986 idque
1167 1941 1269 1976 facile
1289 1971 1294 1977 .
1332 1942 1561 1987 probantibus
1600 1943 1773 1988 Gregorio
1805 1943 1894 1978 XIII
1933 1948 1967 1977 et
2010 1954 2094 1988 rege

461 2000 654 2047 Stephano,
677 2001 840 2037 obtinuit.
860 2002 929 2038 Sed
944 2003 1092 2049 primum
1108 2003 1342 2038 instituendus
1361 2008 1435 2037 erat
1456 2004 1499 2038 ad
1516 2016 1640 2039 munus
1656 2012 1726 2039 tam
1743 2008 1915 2039 sanctum.
1940 2005 2091 2040 Romam

462 2067 646 2109 propterea
666 2074 687 2097 a
711 2063 884 2109 Gregorio
908 2065 1113 2105 accersitur,
1137 2068 1171 2099 et
1198 2065 1380 2110 magistro,
1405 2076 1423 2099 e
1451 2066 1625 2100 Societate
1652 2066 1740 2100 Jesu
1760 2066 1939 2112 theologo,
1957 2065 2088 2100 Achilli

463 2125 655 2170 Gagliardo
671 2127 946 2161 commendatur.
969 2127 1114 2173 Aliquot
1133 2127 1167 2161 in
1191 2138 1230 2161 ea
1267 2127 1386 2161 schola
1406 2127 1508 2161 annis
1535 2127 1783 2163 honestissime
1802 2128 1846 2163 ad
1865 2128 1978 2163 aulam
1998 2128 2090 2162 Pon-

463 2186 565 2221 tificis
580 2188 731 2228 exactis3
755 2200 831 2222 cum
847 2189 986 2223 interim
998 2189 1317 2235 Compostellanum
1337 2189 1407 2222 dix-i
1423 2189 1548 2223 Jacobi
1572 2190 1606 2224 in
1627 2190 1800 2236 Hispania
1827 2194 2090 2225 monumentum

463 2249 648 2294 peregrino
678 2250 797 2284 habitu
817 2250 993 2296 pedesque
1008 2251 1198 2292 invisisset,
1221 2251 1387 2286 remissus
1418 2251 1452 2284 in
1473 2252 1633 2297 patriam,
1663 2251 1840 2287 dioecesim
1869 2251 2084 2292 Vilnensem‚

464 2311 621 2346 relictam
642 2324 703 2357 per
731 2321 877 2347 mortem
895 2313 1088 2353 Valeriani,
1121 2313 1303 2359 episcopus
1331 2313 1484 2358 suscepit
1512 2314 1792 2359 gubernandam,
1810 2325 1921 2348 annos
1941 2318 2088 2360 quatuor

464 2385 570 2420 supra
585 2373 709 2419 viginti
726 2385 795 2408 non
813 2374 963 2420 amplius
981 2378 1098 2409 natus.
1123 2374 1243 2409 Primo
1273 2374 1391 2408 statim
1411 2374 1444 2408 in
1477 2374 1575 2410 aditu
1594 2375 1723 2409 bellum
1742 2375 1867 2410 indixit
1888 2375 2084 2415 haereticis;

462 2440 621 2470 arrectus
640 2435 818 2481 deinceps,
837 2440 869 2470 et
892 2436 1102 2471 factionibus
1118 2435 1355 2471 maleficorum
1374 2436 1571 2472 imminens.
1585 2437 1783 2483 Ejusjussu
1803 2449 1961 2472 excussae
1979 2437 2085 2472 libra-

462 2497 591 2532 riorum
632 2496 808 2538 tabernae;
849 2498 977 2543 reperti
1014 2498 1048 2532 in
1085 2498 1154 2532 illis
1186 2498 1444 2540 haereticorum,
1467 2498 1636 2534 Ecclesiae
1667 2499 1948 2541 obtrectantium,
1986 2499 2081 2539 libri,
