2184 2953
385 277 446 309 406
1091 279 1323 309 APPENDICES.

385 377 541 423 corporis
559 377 734 424 respicere
756 389 762 412 ;
785 388 898 419 orare,
920 389 1005 424 quos
1024 381 1155 424 posset,
1171 377 1273 423 copia
1292 375 1358 410 sibi
1374 374 1566 410 sacerdotis
1584 373 1634 407 uti
1652 372 1764 406 fieret.
1786 369 1908 404 Multis
1927 369 2009 404 hinc

385 432 596 479 quaerendus
623 436 700 468 erat
729 432 912 468 itineribus
943 433 1104 468 catholici
1135 432 1222 467 ritus
1250 432 1445 478 presbyter.
1474 430 1570 475 Ergo
1598 426 1736 473 aliquis,
1772 426 1831 472 qui
1864 424 2008 472 propius

386 487 519 529 aderat,
541 499 560 524 e
579 488 766 523 schismate
801 489 975 524 Photiano
1007 487 1223 523 sacrificulus
1241 487 1443 522 accersitur.
1475 485 1506 520 A
1532 484 1624 519 malo
1642 483 1685 524 is,
1703 482 1821 522 credo,
1848 481 2008 516 daemone

387 543 620 585 subornatus;
652 545 709 591 qui
723 556 791 586 me,
820 544 944 591 inquit,
961 545 1005 579 ab
1027 545 1109 580 ovili
1137 543 1265 579 Christi
1283 542 1467 577 abductum
1487 541 1531 576 ad
1550 542 1708 575 errantes
1724 537 1843 573 Photii
1862 547 2004 583 greges,

388 599 423 634 in
443 600 691 646 sempiternum
710 605 850 648 raperet
871 601 1062 636 interitum.
1086 600 1127 634 Id
1145 611 1223 635 eum
1250 611 1312 645 per
1342 610 1441 633 suum
1455 596 1644 635 flaminem,
1667 594 1784 635 credO‚
1802 596 2003 628 attentasse.

389 656 514 692 Oranti
533 667 633 691 sacra
660 657 814 692 remedia
831 658 975 704 negavit
992 656 1139 703 praecise
1158 655 1296 701 impius,
1319 666 1356 689 se
1387 653 1471 688 mihi
1486 652 1581 699 prius
1597 650 1762 687 salutaris
1782 648 1885 684 officii
1908 647 2005 694 quid-

387 723 491 760 quam
509 716 769 759 praestaturum,
791 725 894 760 quam
914 725 1012 748 suam
1031 713 1155 748 fuerim
1175 712 1294 747 Photii
1311 710 1474 746 haeresim
1493 709 1681 756 professus.
1706 707 1918 752 Impetrasse
1936 715 2006 739 non

385 768 506 816 potuit,
521 780 599 815 quae
618 769 692 804 Deo
711 769 827 815 gratia
842 770 898 811 sit,
917 768 1009 815 quod
1023 780 1044 803 a
1058 780 1112 803 me
1132 767 1314 814 flagitabat
1334 766 1446 801 malus
1461 764 1597 812 genius.
1616 763 1705 798 Mihi
1724 763 1839 807 itaque
1858 772 1913 796 me
1931 760 2006 795 ino-

385 836 463 872 pem
482 824 652 860 destituit.
684 825 729 860 Et
750 826 825 872 jam
844 836 1032 872 oppressus
1058 823 1180 859 morbo
1207 823 1360 858 animam
1387 822 1549 868 agebam.
1573 818 1726 854 Grandis
1742 816 1880 852 interim
1899 826 2004 851 scena

385 880 494 916 oculis
514 880 676 927 objicitur
702 884 737 916 et
754 881 929 916 theatrum
946 879 1117 916 terribile.
1139 878 1268 914 Videre
1284 878 1369 913 mihi
1391 877 1537 912 videbar
1554 879 1636 910 ante
1654 873 1809 909 tribunal
1827 872 2004 918 augustis-

385 937 509 972 simum
535 936 793 972 sordidatorum
811 937 961 977 turbam,
993 939 1093 982 atque
1106 935 1163 971 hic
1182 935 1397 970 exclamasse
1414 933 1583 968 arbitrum
1605 943 1612 966 :
1636 930 1690 966 hic
1710 929 1816 965 etiam
1835 928 1890 963 cui
1913 939 2006 963 com-

384 1004 488 1028 mune
508 996 585 1028 erat
602 1004 680 1028 cum
710 992 855 1027 Jesuitis
875 991 1072 1033 consilium,
1106 991 1230 1026 adest?
1259 990 1439 1024 Percussit
1463 989 1617 1024 animum
1644 997 1686 1022 ea
1704 997 1783 1020 VOX.
1806 984 1892 1019 Dica
1922 984 2007 1019 mihi

384 1047 532 1094 impingi
552 1048 640 1083 visa.
671 1048 792 1094 Itaque
818 1059 879 1094 per
897 1048 972 1094 ejus
987 1059 1117 1083 cuneos
1136 1045 1368 1081 multitudinis
1387 1045 1429 1079 ad
1445 1047 1668 1091 conspectum
1691 1042 1711 1076 J
1717 1040 1825 1075 udicis
1853 1043 2005 1074 tremens

387 1104 512 1145 enitor,
535 1103 776 1150 eluctatusque
800 1103 892 1139 inter
910 1115 989 1139 reos
1004 1104 1169 1138 consisto.
1188 1103 1360 1136 Immensa
1379 1101 1436 1136 hic
1455 1101 1592 1147 objecta
1610 1099 1757 1133 duorum
1777 1095 2007 1131 assidentium

388 1161 572 1207 1najestas;
590 1164 695 1207 atque
709 1161 833 1196 horum
848 1160 935 1195 alter
956 1172 963 1195 ;
984 1159 1089 1201 hunc,
1107 1158 1232 1205 inquit,
1254 1157 1399 1192 missum
1417 1157 1507 1192 facio
1526 1168 1532 1190 :
1551 1155 1681 1191 redeat.
1704 1153 1759 1188 Ad
1777 1152 1867 1193 haec,
1885 1162 2005 1198 exper-

387 1220 482 1252 recto
496 1216 631 1258 similis,
652 1220 797 1263 repente
812 1215 1031 1251 convalesco.
1048 1215 1157 1254 Vivit,
1179 1214 1316 1260 opinor,
1337 1213 1441 1248 homo
1455 1213 1527 1253 ille,
1553 1210 1665 1257 inquit
1683 1209 1835 1255 Skarga‚
1853 1207 2008 1254 mihique

387 1272 485 1308 testis
504 1272 628 1307 adesse
643 1276 757 1319 potest
771 1284 903 1312 eorum,
925 1283 1004 1318 quae
1017 1271 1074 1306 hic
1091 1271 1183 1305 bona
1201 1270 1269 1304 fide
1287 1269 1443 1305 narravi.
1476 1287 1491 1301 „

435 1329 574 1365 Annuae
601 1329 750 1376 Collegii
767 1327 997 1376 Derpatensis
1028 1328 1186 1374 insignes
1212 1327 1343 1362 habent
1361 1326 1506 1366 fructus,
1525 1335 1546 1359 a
1572 1322 1684 1358 Sociis
1701 1320 1811 1356 lectos
1826 1331 1869 1355 ex
1882 1318 2008 1354 animis

388 1385 527 1421 civium.
558 1386 746 1427 Narratur,
778 1385 975 1432 dispersum
994 1396 1071 1420 esse
1098 1384 1143 1418 ab
1165 1383 1338 1423 hostibus,
1368 1394 1386 1418 e
1413 1381 1527 1416 vicino
1552 1377 1778 1419 irruentibus,
1797 1375 2003 1422 Collegium.

437 1440 571 1476 Ibidem
605 1444 783 1482 narratur,
816 1441 991 1476 Mittaviae
1018 1440 1222 1476 haereticum
1265 1439 1463 1486 quemdam,
1497 1436 1628 1472 caedem
1659 1432 1853 1470 sacerdotis
1892 1431 2004 1468 nostri

387 1498 622 1541 anhelantem,
644 1502 788 1545 repente
801 1501 984 1534 mutatum.

838 1587 917 1630 AD
963 1587 1209 1631 MERUM
1256 1584 1436 1630 1V(pag.
1473 1581 1566 1628 190).

431 1707 500 1743 An.
527 1706 631 1744 1599.
650 1705 849 1753 Disputatio
864 1708 1076 1747 nostrorum,
1086 1705 1121 1740 in
1136 1704 1257 1751 primis
1272 1705 1314 1739 P.
1332 1702 1476 1738 Martini
1492 1699 1683 1747 Smiglecki
1697 1711 1775 1734 cum
1789 1696 2006 1738 calvinianis,

384 1764 420 1799 in
434 1764 555 1811 primis
574 1776 651 1799 cum
669 1763 829 1798 ministro
844 1763 919 1809 ejus
943 1773 1135 1809 synagogae
1158 1760 1306 1796 Daniele
1324 1757 1609 1798 Mikolaiewski3
1630 1756 1688 1802 qui
1711 1754 1849 1794 deinde,
1866 1752 2010 1788 vulnera

384 1832 447 1856 sua
461 1820 613 1866 lingens,
636 1819 744 1854 edidit
771 1818 963 1854 mendaciis
977 1818 1141 1853 refertam
1156 1817 1355 1863 apologiam
1375 1816 1428 1850 sui
1447 1812 1661 1852 certaminis,
1680 1822 1784 1858 quam
1800 1808 1979 1855 inscripsit
1997 1820 2004 1842 2

383 1875 590 1917 Dz‘sputacia
613 1874 799 1911 Wilenska,
812 1874 914 1905 litora
923 1873 1009 1904 mz'al
1021 1873 1061 1904 X.
1070 1873 1211 1904 Marcin
1225 1870 1445 1912 sz'yleckz'z
1458 1869 1499 1900 X.
1514 1866 1693 1899 Danielem
1714 1862 2009 1897 Mikolaz'ewskz'm

382 1929 481 1970 sluya
506 1928 611 1959 slowa
633 1927 766 1968 Bozeyo
785 1939 793 1957 :
830 1925 872 1957 de
902 1925 1068 1957 Primam
1098 1924 1208 1961 Petri,
1231 1933 1253 1955 a
1287 1932 1305 1955 o
1331 1921 1462 1964 jedney
1488 1918 1659 1957 wiclomey
1691 1915 1813 1958 ylowie
1848 1913 2009 1946 Koscz'ola

383 1985 518 2025 Bozeyo
532 1981 576 2027 (1).
600 1979 688 2014 Dnia
703 1980 738 2014 2.
760 1979 923 2014 Czerwca
937 1990 972 2013 W
991 1978 1096 2013 Roku
1113 1978 1217 2014 1599.
1245 1976 1283 2011 Id
1303 1979 1354 2010 cst
1372 1988 1378 2009 z
1401 1972 1596 2019 Disputatio
1611 1970 1791 2005 Vilnensis
1810 1979 1913 2014 quam
1932 1979 2009 2002 cnm

385 2036 531 2072 Daniele
552 2035 811 2071 Mikolaiewski
830 2035 927 2070 verbi
943 2034 1049 2069 divini
1064 2034 1222 2068 ministro
1236 2031 1360 2066 habuit
1374 2029 1547 2065 Martinus
1562 2026 1766 2073 Smiglecki,
1785 2025 1827 2060 de
1856 2023 2009 2070 primatu

385 2093 482 2129 Petri
502 2096 536 2128 et
553 2092 595 2128 de
615 2091 715 2127 unico
731 2090 844 2138 capite
864 2090 994 2125 visibili
1012 2088 1181 2125 Ecclesiae
1196 2087 1274 2122 Dei.
1292 2086 1357 2121 Die
1371 2086 1394 2121 ⁶2
1408 2084 1487 2132 julii
1504 2096 1545 2119 an
1560 2083 1666 2120 1599.

845 2195 923 2238 ΑΟ
964 2194 1210 2238 MERUM
1255 2193 1288 2236 V
1326 2191 1418 2238 (pag-
1452 2188 1547 2235 206)-

430 2301 486 2338 Ad
516 2301 619 2336 1604.
650 2301 690 2335 In
718 2299 949 2335 translatione
968 2299 1047 2334 Divi
1076 2298 1237 2335 Casimiri
1265 2296 1459 2342 triumphus
1483 2295 1589 2330 totius
1608 2294 1723 2340 gentis
1742 2293 2005 2333 celeberrimus,

379 2358 508 2394 diserte
533 2357 727 2402 descriptus
748 2360 835 2392 esta
855 2356 999 2395 Quirino
1018 2356 1205 2403 Cnoglero.
1234 2354 1324 2389 Vide
1362 2353 1488 2387 librum
1506 2351 1711 2397 inscriptum
1736 2362 1742 2385 :
1764 2355 1953 2386 Theatrum
1970 2352 2006 2385 S.

383 2412 593 2448 Casimiri...
625 2414 657 2444 et
688 2412 839 2443 illustris
872 2420 1008 2452 pompae
1045 2411 1082 2441 in
1113 2409 1260 2441 solemni
1288 2407 1443 2447 ejusdem
1473 2406 1704 2447 Apotheoseos
1738 2400 2004 2435 instauratione,

384 2462 501 2498 Vilnae
515 2461 688 2498 Lituaniae
703 2460 899 2507 metropoli,
917 2461 961 2495 V.
976 2460 1059 2495 Idus
1073 2459 1167 2500 maii,
1179 2469 1271 2492 anno
1290 2455 1572 2496 1604instituta3
1601 2457 1635 2489 et
1643 2453 1770 2488 librum
1787 2453 2007 2495 Triumphus

419 2538 460 2579 (1)
479 2539 556 2578 [Haec
573 2539 608 2568 ita
625 2538 715 2568 minus
730 2540 808 2567 recte
828 2537 951 2574 quidem,
969 2536 1163 2565 deficientibus
1180 2534 1252 2571 typis
1269 2533 1375 2562 Polono
1391 2531 1513 2561 sermoni
1530 2526 1676 2567 propriis}
