2184 2953
658 298 764 326 LlBER
788 294 930 326 SEXTUS
952 292 1163 330 (1610-1620).
1670 282 1730 314 227

117 391 198 437 quid
230 394 428 437 superesset
458 390 530 429 otii,
552 392 662 424 totum
684 390 717 424 in
736 400 850 424 rerum
869 386 1092 422 meditatione
1110 382 1305 417 divinarum
1325 382 1386 414 aut
1412 379 1501 413 sacri
1528 376 1732 413 recitatione

117 453 255 493 rosarii,
275 453 425 493 abditus,
448 452 484 486 10
503 452 631 487 sacello
656 451 804 486 maxime
824 449 893 484 divi
911 448 1067 494 Georgii,
1088 447 1300 482 conterebat.
1318 444 1467 479 Vacanti
1486 444 1531 478 ita
1546 444 1580 477 in
1594 442 1731 477 latebra

116 516 190 550 seni
216 516 386 550 desidiam
403 516 521 550 nescio
541 516 630 560 quis,
652 504 743 550 serio
762 525 807 547 an
834 522 894 557 per
907 511 1039 556 jocum,
1061 509 1204 555 objecit3
1226 508 1284 542 ille
1311 505 1543 546 cavillantem,
1573 509 1607 539 et
1624 514 1732 549 usque

115 578 355 619 lacessentem,
386 578 613 624 deprecatus:
636 587 786 615 cessare,
807 574 931 619 inquit,
956 572 1116 618 equidem
1142 570 1253 610 vobis,
1274 568 1321 603 mi
1346 569 1467 609 frater,
1490 567 1621 605 videor,
1652 577 1729 600 eum

117 650 199 680 0r0;
225 643 262 674 at
280 639 516 685 experiemini,
539 640 673 685 opinor,
693 637 813 684 quanti
833 637 876 671 sit
896 647 1010 670 meum
1035 633 1129 668 istud
1147 633 1254 667 otium
1274 629 1451 669 momenti,
1474 629 1532 664 ubi
1555 628 1646 664 inter
1668 640 1729 662 vos

116 705 150 735 et
168 701 304 746 precari
331 701 442 735 Deum
461 705 495 735 et
520 701 638 736 vivere
657 701 792 736 desiero
811 712 817 733 :
840 709 952 743 neque
970 696 1062 731 enim
1089 695 1147 729 ille
1170 693 1309 728 omnino
1333 692 1409 731 tibi,
1431 694 1580 737 oportet,
1602 694 1738 731 cesset,'

115 760 173 806 qui
205 759 453 794 oeconomicam
484 759 606 794 domus
638 772 723 801 rem,
749 760 886 806 quando
917 759 991 804 ipse
1022 757 1159 802 quidem
1193 766 1381 801 procurare
1409 765 1470 799 per
1494 752 1730 787 valetudinem

116 821 247 867 nequit,
269 821 342 856 Deo
370 822 503 856 auctori
531 822 698 856 bonorum
721 822 872 856 omnium
897 820 1069 866 precibus,
1088 818 1211 864 quibus
1231 817 1314 862 ipsis
1329 815 1455 850 mereri
1470 814 1641 859 reliquum
1663 818 1728 854 est,

116 884 344 918 commendet.
363 883 576 918 Praedixisse
590 884 645 918 his
660 883 788 924 verbis,
806 883 896 928 quod
912 884 1133 916 consecutum
1148 883 1212 920 est,
1230 879 1324 913 visus
1340 878 1450 912 bonus
1464 888 1571 911 senex
1588 888 1595 910 :
1618 876 1732 921 quoad

114 945 171 980 1110
186 945 284 985 vixit,
302 945 450 991 Collegii
468 946 650 980 familiaris
670 957 725 980 res
746 946 870 985 omnis,
888 943 1002 978 media
1015 943 1121 978 etiam
1138 942 1228 975 inter
1243 939 1408 986 pericula,
1427 939 1524 973 salva
1541 938 1605 973 fuit
1618 939 1731 973 adhuc

115 1010 149 1042 et
171 1007 375 1049 incolumis;
400 1008 475 1053 ipso
495 1008 660 1048 extincto,
682 1008 800 1053 paucis
814 1010 893 1053 post
907 1006 1041 1044 diebus,
1062 1008 1136 1038 tota
1154 1014 1242 1049 pene
1261 1013 1317 1037 res
1341 1000 1506 1047 pecuaria
1526 1000 1583 1034 lue
1606 1011 1730 1046 repen-

113 1069 187 1103 tina
206 1069 393 1110 intercidit,
414 1069 583 1114 pluraque
601 1069 669 1103 alia
696 1069 823 1103 damna
841 1070 1028 1102 consecuta
1045 1069 1135 1100 sunt.
1163 1065 1201 1099 Ι11
1223 1064 1382 1099 convictu
1410 1063 1517 1097 comis
1544 1062 1730 1097 admodum

112 1131 178 1166 fuit
191 1142 232 1165 ac
249 1130 359 1165 facilis
378 1143 384 1165 z
407 1131 595 1177 praesidum
613 1143 778 1166 reverens
796 1143 802 1165 :
825 1129 1012 1176 aequalium
1037 1128 1247 1162 observans:
1270 1122 1425 1168 religiosi
1450 1123 1599 1157 instituti
1618 1123 1731 1158 cultor

115 1192 288 1238 diligens:
311 1192 374 1226 Dei
406 1193 507 1227 unice
538 1204 680 1233 amans;
703 1193 739 1227 id
757 1193 848 1238 quod
875 1191 942 1225 illis
962 1190 1067 1225 etiam
1086 1187 1201 1223 verbis
1224 1199 1230 1220 z
1252 1188 1396 1219 dilectus
1412 1187 1526 1227 Jesus,
1549 1186 1730 1232 suspirans

114 1253 248 1294 crebro,
270 1257 303 1288 et
316 1253 417 1297 factis
436 1257 577 1299 totaque
600 1255 669 1288 vita
687 1254 926 1300 profitebatur.
944 1253 999 1288 Ad
1021 1262 1219 1297 supremum
1237 1249 1320 1283 vitae
1343 1248 1433 1283 diem
1456 1248 1564 1283 multo
1580 1253 1661 1285 ante
1680 1251 1730 1285 sic

114 1327 151 1351 se
167 1316 404 1362 comparabat,
427 1320 465 1350 ut
483 1316 571 1350 nihil
590 1317 701 1362 possis
720 1328 828 1362 agere
847 1314 1063 1361 diligentius.
1086 1314 1207 1358 Itaque
1225 1311 1310 1346 obiit
1327 1311 1488 1351 feliciter,
1513 1323 1619 1346 verno
1642 1316 1728 1347 1601-

113 1390 208 1425 pore,
230 1379 341 1425 primo
359 1379 599 1414 reviviscentis
627 1379 828 1425 quotannis
855 1379 890 1413 in
917 1390 981 1413 sua
1009 1376 1166 1412 Ecclesia
1184 1373 1377 1409 Salvatoris
1396 1373 1464 1414 die,
1485 1384 1597 1408 annos
1624 1378 1727 1409 natus

114 1453 221 1488 prope
248 1442 438 1488 octoginta.
462 1442 547 1478 Indo
573 1444 676 1478 tertio
704 1443 760 1477 die
787 1454 829 1476 ex
856 1441 985 1488 inclyto
1005 1439 1223 1474 Vilnensium
1250 1438 1496 1473 canonicorum
1515 1437 1663 1484 collegio
1682 1438 1726 1472 ad

113 1503 256 1549 praemia
266 1504 429 1549 migravit
439 1508 570 1538 {eterna
581 1502 1079 1549 8100151006Υ11οΖ01101511105,
1094 1500 1347 1536 amantissimus
1364 1500 1550 1535 Societatis
1560 1501 1581 1535 J
1585 1512 1644 1535 esu
1665 1512 1724 1535 an-

116 1566 227 1606 tistes,
239 1565 366 1600 relictis
380 1566 577 1612 insignibus
593 1567 831 1602 beneficentia}
843 1565 1074 1600 monumentis
1088 1563 1508 1599 academicoVilnensium
1523 1563 1670 1609 collegio
1679 1564 1723 1609 (1).

161 1626 295 1667 Plocia,
314 1631 411 1662 vetus
443 1628 638 1674 Superioris
670 1629 826 1663 Poloniae
854 1627 1017 1674 oppidum
1040 1638 1081 1660 ac
1099 1625 1226 1666 nobile,
1248 1625 1381 1670 aliquot
1404 1625 1524 1660 Socios
1549 1625 1727 1670 superiore

112 1689 246 1734 accepit
276 1700 390 1730 anno;
412 1701 478 1735 quo
513 1690 615 1725 annis
642 1696 723 1725 ante
750 1690 815 1724 hac
842 1688 1074 1734 quadraginta
1105 1687 1327 1722 Plocensium
1357 1688 1553 1734 episcopus,
1577 1687 1723 1733 Collegii

112 1749 349 1785 Pultoviensis
368 1751 539 1792 conditor,
562 1752 773 1786 Societatem
800 1750 954 1785 studiose
975 1749 1176 1783 destinaret.
1203 1749 1254 1783 Eo
1278 1750 1314 1783 in
1332 1750 1470 1795 oppido,
1493 1749 1631 1783 deserta
1650 1748 1721 1789 diu,

113 1824 214 1848 sacra
240 1814 318 1849 divo
336 1815 503 1849 Michaeli
522 1816 597 1850 aede
617 1815 728 1850 Sociis
750 1814 931 1852 attributa,
956 1812 1058 1847 simul
1078 1815 1181 1856 atque
1211 1815 1282 1846 tres
1298 1811 1406 1845 nostri
1426 1810 1624 1845 sacerdotes
1642 1822 1722 1844 000-

112 1875 246 1910 cionari
261 1880 295 1910 et
309 1881 524 1911 sacramenta
545 1877 794 1911 administrare
816 1875 930 1910 exorsi
953 1878 1045 1913 sunt,
1063 1884 1203 1917 araeque
1223 1876 1256 1907 et
1274 1872 1426 1917 parietes
1448 1871 1629 1917 eleganter
1647 1883 1724 1906 con-

112 1937 230 1971 vestiri
240 1942 432 1983 coeperunt,
445 1942 579 1973 tantam
590 1938 946 1984 populifrequentiam
957 1935 1071 1969 laudis
1085 1935 1114 1979 ej
1122 1946 1159 1968 us
1169 1934 1316 1968 concivit
1326 1934 1475 1974 novitas,
1491 1933 1623 1974 ut,aliis
1635 1933 1723 1968 alios

112 1999 420 2044 praecurrentibus,
433 1999 531 2034 multi
542 2011 635 2045 saepe
646 2004 727 2034 ante
741 2000 874 2039 limina,
893 1998 1022 2033 exclusi
1037 1998 1222 2043 angustiis,
1241 1998 1378 2033 haerere
1396 2001 1616 2043 cogerentur.
1641 1998 1721 2033 Jam

110 2059 320 2095 domicilium
337 2060 483 2106 collegio
498 2062 705 2096 moliebatur
723 2062 839 2096 animo
854 2061 999 2095 antistes
1016 2061 1207 2101 Plocensis,
1225 2062 1401 2096 Martinus
1421 2061 1696 2107 Szysgjkovskius
1711 2075 1718 2103 ;

109 2117 212 2168 atque
230 2123 296 2157 hoc
315 2123 389 2168 ipso
411 2135 502 2157 anno
521 2125 685 2158 movisset
708 2124 851 2169 aliquid.
874 2123 902 2157 si
927 2123 1050 2168 prima,
1072 2135 1175 2168 quam
1199 2123 1289 2157 1606
1308 2126 1520 2168 susceperat,
1538 2123 1718 2158 Luceoriae

109 2184 312 2219 absolvendi
326 2197 409 2220 cura
428 2186 564 2232 collegii
585 2198 603 2221 6
623 2187 731 2222 Sociis
747 2186 935 2232 provincia}
954 2185 1131 2219 Polonicae
1150 2185 1215 2219 sibi
1235 2184 1452 2219 decessisset.

158 2246 334 2281 Cracoviae
352 2259 517 2293 magnum
546 2249 724 2294 religionis
742 2249 777 2283 in
800 2248 949 2283 Polonia
967 2247 1125 2282 columen
1144 2260 1219 2282 cum
1248 2247 1353 2281 Petro
1377 2247 1513 2292 Skarga
1532 2247 1642 2282 visum
1661 2260 1717 2283 ce-

108 2307 246 2342 cidisse.
269 2308 375 2343 Ortus
395 2309 454 2344 1116
475 2309 511 2343 in
530 2310 691 2344 Masovia
710 2322 839 2356 genere
858 2310 986 2344 nobili:
1008 2313 1118 2344 matre
1140 2308 1244 2343 Anna
1261 2320 1279 2343 e
1298 2312 1403 2355 gente
1434 2309 1712 2351 Svientkovscia,

106 2373 205 2415 patre
224 2370 410 2410 Michaele,
430 2371 505 2416 jam
528 2371 632 2417 vulgo
656 2371 795 2417 Skarga
813 2371 917 2406 dicto.
942 2370 981 2405 Id
1001 2371 1150 2405 nominis
1169 2371 1318 2416 posteris
1338 2370 1478 2416 reliquit
1496 2370 1568 2405 suis
1587 2371 1715 2405 nobilis

147 2442 187 2482 (1)
204 2444 382 2472 Desideratur
394 2446 446 2473 hoc
463 2447 526 2473 loco
542 2447 657 2474 historia
670 2447 781 2484 collegii
795 2446 949 2474 veum-usis
965 2447 999 2473 «11-
1016 2446 1073 2473 suis
1090 2443 1261 2483 initiis.[Sed
1278 2446 1339 2473 vide
1354 2445 1540 2481 quaeiul'erius
1557 2447 1714 2478 traduntur,

106 2498 139 2525 ad
156 2496 381 2537 annum1614]

1760 378 1822 405 1611

1759 1503 1856 1529 Vilczo-

1758 1545 1845 1577 polski

1756 1583 1873 1609 moritur.

1819 1640 1834 1663 (j

1756 1679 1888 1705 Plocensis

1757 1718 1868 1751 Collegii

1756 1758 1867 1784 exordia.

1820 2210 1834 2235 7

1749 2248 1822 2274 Petri

1749 2287 1850 2321 Skarga

1749 2326 1807 2352 vita
1819 2329 1846 2353 et

1749 2367 1845 2392 obitus.
