2184 2953
650 287 758 315 LIBER
783 286 941 320 QUINTUS
965 286 1179 322 (1600-1610).
1675 287 1731 318 197

119 381 289 427 quomodo
312 380 525 426 loquamini,
549 392 627 425 quae
646 380 771 415 Carolo
794 380 1001 425 religionem
1033 380 1228 426 injicerent,
1257 393 1319 415 nec
1338 382 1456 416 timide
1489 393 1598 428 neque
1616 386 1731 416 tamen

118 446 278 488 proterve
302 446 487 488 reponunt.
515 442 655 477 Primus
683 442 967 487 Christophorus,
992 442 1066 488 jam
1086 453 1149 476 sua
1169 442 1273 476 etiam
1304 443 1472 488 patientia
1494 444 1732 490 modestiaque

116 504 214 545 satis,
237 508 274 538 ut
291 504 449 550 putabat,
471 503 795 545 commonefactum,
825 508 901 538 orat
919 504 1124 550 principem,
1149 519 1164 534 <c
1196 510 1233 539 ut
1259 506 1389 541 vicario
1409 507 1537 542 Christi
1567 509 1600 542 in
1627 509 1732 543 terris

120 580 134 594 α
158 565 335 605 Pontifici,
361 570 398 599 ut
413 565 590 599 sanctitati
607 565 788 611 religionis
808 569 841 599 et
856 565 1027 610 Superum
1042 566 1119 610 pius
1145 571 1325 612 parceret;
1352 569 1381 602 si
1405 568 1486 614 quid
1502 568 1613 614 culpae
1642 569 1675 603 in
1696 580 1733 604 se

120 642 134 655 a
158 626 313 662 Sociisve
345 627 418 660 suis
438 631 550 667 esset,
590 638 627 661 se
645 627 774 672 potiuS,
796 638 858 661 suo
889 627 1082 672 parasitum
1108 628 1255 673 judicio,
1278 640 1314 663 se
1346 629 1556 670 helluonem,
1587 631 1733 666 circula-

119 702 134 716 «
156 691 280 728 torem,
316 687 606 732 quemadmodum
642 688 846 733 occepisset,
880 687 1044 722 multaret
1075 700 1178 734 porro
1214 690 1441 736 ignominiis:
1472 691 1622 725 laturum
1642 704 1679 728 se
1698 692 1734 727 id

119 763 134 778 a
156 749 264 783 multo
289 749 423 794 aequius
442 759 545 794 quam
574 760 651 783 eam
679 749 841 783 Coclitum
860 752 894 783 et
920 749 1123 794 apostolicae
1155 751 1246 785 sedis
1266 752 1442 797 injuriam.
1464 769 1478 783 >a
1502 753 1587 787 Inde
1610 753 1732 799 reliqui

117 810 209 846 Socii
225 810 345 845 eadem
361 810 551 856 postulare.
572 810 782 845 Retardavit
796 811 931 845 animos
949 810 1045 845 ducis
1061 815 1094 846 et
1110 812 1258 858 impetus
1273 814 1426 848 virorum
1441 815 1554 849 oratio
1571 815 1730 858 fortium;

117 885 179 908 nec
197 872 370 907 dubitavit
388 873 563 907 affirmare
582 885 588 907 :
616 873 789 907 neminem
804 873 918 908 adhuc
936 874 1089 908 oblatum
1104 874 1183 915 sihi,
1210 875 1267 920 qui
1293 878 1364 909 tam
1383 875 1531 910 fidenter
1558 877 1731 913 animose-

116 947 181 981 que
200 946 316 969 secum
333 936 456 980 egerit.
484 935 630 973 Quando
648 935 785 981 quidem
811 936 853 970 de
872 935 1041 981 religione
1055 935 1173 970 illatus
1189 940 1241 970 est
1257 948 1384 976 sermo,
1406 938 1449 971 de
1476 938 1552 983 ipsa
1568 939 1728 980 Carolus,

115 1009 192 1042 quae
206 1008 276 1031 una
292 997 444 1031 omnium
459 997 596 1031 sincera
610 997 711 1036 foret,
730 1001 801 1031 tum
818 997 860 1032 de
883 998 1125 1037 sacramentis,
1143 998 1278 1037 ritibus,
1295 1002 1329 1033 et
1344 999 1549 1044 quibusdam
1564 1001 1732 1036 Ecclesiae

114 1058 289 1104 dogmatis
311 1058 527 1104 disceptare;
551 1070 662 1104 neque
695 1059 839 1104 indigne
858 1059 980 1094 tulisse
1006 1060 1102 1094 visus
1130 1060 1222 1094 dicta
1253 1072 1274 1094 a
1293 1061 1405 1095 Sociis
1424 1061 1608 1107 intrepide,
1639 1064 1732 1109 obje-

113 1124 272 1166 ctamque
303 1120 502 1155 lutheranae
526 1132 600 1155 suae
625 1121 773 1155 vanitati
792 1121 974 1156 catholicae
998 1121 1167 1156 doctrinae
1194 1123 1389 1157 veritatem.
1420 1124 1617 1170 Benignius
1650 1126 1730 1161 inde

114 1182 247 1222 Socios,
269 1180 373 1228 quam
391 1182 595 1228 accepisset,
613 1187 719 1228 atque
740 1183 827 1218 adeo
847 1183 1193 1229 procommendatis,
1216 1188 1250 1219 et
1264 1185 1298 1219 in
1326 1185 1430 1220 fidem
1449 1198 1548 1220 suam
1566 1188 1728 1233 receptis,

112 1244 255 1279 dimisit.
272 1244 410 1279 Acerba
428 1244 493 1279 fuit
507 1256 549 1279 ea
564 1245 598 1278 in
616 1245 773 1279 Jesuitas
791 1245 918 1280 lenitas
937 1246 1051 1280 Caroli
1078 1247 1253 1281 haereticis
1272 1260 1278 1281 :
1313 1248 1531 1283 inflammare
1554 1249 1604 1283 illi
1629 1249 1730 1285 dictis

111 1306 277 1346 animum,
298 1306 460 1352 facesque
476 1306 618 1341 invidiae
637 1307 829 1353 subjicere:
861 1308 1010 1342 maxime
1034 1308 1156 1342 ductor
1175 1309 1354 1354 copiarum
1370 1310 1585 1351 Sommerus,
1603 1311 1729 1348 Carolo

110 1367 226 1402 multis
253 1368 377 1408 carior,
401 1368 568 1402 Societati
594 1368 715 1403 Suecis
744 1369 903 1404 omnibus
923 1370 1092 1404 infestior.
1124 1370 1167 1405 Ei
1199 1371 1373 1417 princeps,
1395 1376 1528 1407 mutata
1546 1385 1626 1408 mox
1644 1374 1726 1416 fide,

110 1441 181 1464 rem
200 1430 428 1476 Derpatensis
450 1430 610 1476 Collegii‚
633 1434 761 1476 praeter
787 1442 873 1466 vasa
891 1432 1011 1478 templi
1043 1436 1225 1478 argentea,
1256 1434 1321 1468 sibi
1345 1434 1532 1475 servanda,
1554 1436 1730 1471 condonat

109 1502 260 1526 omnem.
279 1491 526 1526 Vexandorum
550 1492 597 1526 ita
613 1493 829 1527 Jesuitarum
844 1493 1061 1527 occasionem
1082 1498 1218 1534 nactus,
1235 1495 1369 1530 nullum
1385 1496 1584 1532 Sommerus
1600 1499 1729 1534 omittit

108 1565 220 1599 genus
244 1553 395 1599 injuriae.
416 1554 663 1588 Perscrutatur
677 1555 816 1589 arculas
832 1567 963 1595 omnes,
983 1566 1171 1602 omnesque
1188 1557 1310 1591 domus
1325 1558 1488 1603 angulos,
1512 1559 1573 1593 sed
1589 1560 1726 1596 culcitae

109 1617 210 1652 etiam
227 1617 455 1663 stragulaque
475 1629 622 1653 excussa
646 1623 726 1652 sunt
743 1619 882 1653 frustra.
908 1619 1185 1652 Domesticorum
1202 1619 1341 1652 interim
1362 1619 1569 1654 famulorum
1598 1622 1724 1668 aliquis

106 1678 290 1719 tumulum,
319 1679 350 1712 in
377 1691 477 1724 quem
506 1691 602 1714 sacra
635 1680 791 1726 supellex
811 1684 903 1714 esset
930 1681 1100 1726 conjecta,
1139 1679 1265 1725 prodit.
1302 1680 1467 1714 Ablatum
1502 1688 1688 1727 argentum
1715 1697 1721 1719 :

106 1740 239 1786 direpta
262 1740 345 1780 alia,
367 1746 492 1775 caetera
507 1742 744 1787 pessumdata.
764 1741 990 1786 Reliquijam
1007 1741 1094 1775 nihil
1109 1745 1197 1779 erat,
1220 1741 1311 1786 quod
1330 1743 1576 1787 exprimerent„
1596 1750 1724 1789 praeter

105 1802 239 1837 animos
260 1815 277 1837 e
292 1804 508 1849 corporibus,
530 1808 563 1839 et
581 1803 719 1849 hisjam
736 1804 874 1838 laceris.
910 1804 1049 1849 Urgent
1073 1803 1298 1837 nihilominus
1325 1804 1523 1849 praedones,
1554 1805 1723 1852 pluraque

105 1864 170 1898 sibi
186 1864 282 1909 prodi
300 1864 403 1899 minis
418 1869 547 1911 cogunt
562 1866 738 1899 atrocibus
754 1869 788 1900 et
802 1865 928 1911 plagis.
949 1865 1017 1910 Spe
1033 1865 1181 1910 denique
1196 1877 1273 1899 cum
1289 1866 1421 1899 eversis
1437 1865 1602 1900 domicilii
1619 1868 1721 1903 rebus

104 1926 251 1972 abjecta.
275 1927 396 1962 Socios
415 1940 535 1962 omnes
555 1932 686 1973 septem
712 1928 746 1962 in
775 1939 879 1962 unam
907 1931 1158 1973 perangustam
1185 1928 1413 1973 compingunt
1443 1928 1590 1969 cellam;
1618 1931 1721 1966 rebus

103 1989 271 2034 spoliatos
287 1990 459 2029 omnibus,
476 1989 579 2030 fame,
601 1989 754 2035 paedore,
773 1989 903 2035 frigore
923 1989 1134 2023 enecandos.

152 2050 220 2084 Sed
248 2050 486 2089 bonusDeus,
509 2063 569 2097 per
589 2063 691 2097 quem
724 2063 786 2085 nec
814 2051 887 2085 ales
913 2050 1034 2089 esurit,
1057 2051 1166 2096 ipsius
1186 2051 1356 2085 Sommeri
1376 2050 1555 2093 famulum,
1579 2054 1717 2089 Mosco-

102 2111 222 2152 vitam‚
243 2111 288 2145 ad
320 2124 396 2146 eam
424 2113 558 2147 induxit
586 2113 873 2151 misericordiam,
895 2117 931 2146 ut
962 2112 1076 2146 cibum
1103 2112 1238 2146 miseris
1266 2112 1354 2146 clam
1381 2113 1465 2148 hero
1492 2115 1715 2160 subjectaret,

101 2173 344 2219 crudelemque
362 2174 484 2208 herum
506 2174 694 2219 aliquando
715 2178 965 2214 cominoneret3
990 2174 1136 2208 maxime
1156 2186 1231 2208 cum
1252 2174 1452 2209 Sommerus
1484 2175 1557 2221 ipse
1583 2177 1715 2212 vinctos

101 2234 388 2280 miserejactaret
407 2236 545 2274 Patres,
567 2236 762 2281 pugnisque
795 2235 970 2270 crudelem
996 2236 1032 2269 in
1059 2235 1199 2269 modum
1226 2235 1443 2277 concideret;
1461 2240 1546 2277 tum,
1569 2238 1716 2284 simplex

100 2295 212 2333 homo,
243 2295 430 2331 servulus:
457 2312 472 2325 a
507 2297 594 2337 Ohe,
626 2297 854 2336 exclamabat,
885 2297 962 2337 ohe,
991 2297 1036 2330 mi
1069 2296 1234 2331 Domine!
1271 2297 1416 2331 istorum
1446 2298 1520 2343 jam
1556 2299 1712 2342 affatim;

102 2371 117 2385 α
139 2357 329 2392 timendum
348 2370 464 2403 porro,
483 2370 526 2393 ne
542 2359 633 2393 ultor
652 2359 718 2393 huc
734 2360 827 2393 Deus
843 2359 943 2393 adsit.
963 2359 1074 2393 Parce
1089 2359 1171 2393 viris
1187 2359 1461 2401 immerentibus,
1477 2361 1595 2406 eisque
1611 2374 1712 2397 vene-

101 2433 116 2447 «
139 2420 314 2454 nerandis.
345 2438 360 2451 >a
380 2420 447 2454 Sed
475 2420 692 2455 ferocitatem
711 2421 861 2455 hominis
889 2420 985 2455 nulla
1016 2424 1152 2466 poterat
1184 2422 1423 2467 comprimere,
1446 2423 1637 2468 quamlibet
1656 2424 1716 2459 illa

96 2481 239 2527 supplex
258 2481 444 2528 gravisque
464 2482 587 2516 oratio.
611 2483 659 2516 Ut
685 2483 755 2516 alia
781 2482 996 2517 crudelitatis
1017 2482 1175 2528 exempla
1195 2483 1364 2523 omittam,
1390 2495 1497 2517 unum
1520 2484 1590 2523 ille,
1610 2497 1711 2530 quem

1761 387 1821 413 1601

1760 428 1897 455 Fortitudo

1760 469 1890 495 Sociorum

1759 508 1786 534 in
1798 508 1898 542 pericu-

1760 548 1794 575 lo.

1753 1577 1802 1603 Res
1814 1578 1896 1604 Colle-

1753 1617 1789 1649 gii
1799 1617 1887 1651 direp-

1752 1658 1795 1682 tae.

1742 2242 1818 2276 Capti
1844 2251 1885 2269 ex·

1741 2289 1857 2308 crucian-

1742 2323 1794 2347 tur.
