2184 2953
595 324 702 352 LIBER
727 323 879 351 TERTIUS
904 322 1112 357 ‹21580-1590).
1643 319 1701 350 139

90 429 105 444 a
129 415 249 460 Itaque
275 415 304 449 is
332 427 454 450 sensus
480 415 553 450 fere
581 416 746 456 onmium,
769 415 827 461 qui
845 425 921 448 eam
938 416 1183 459 agnoscerent,
1205 413 1280 453 fuit,
1304 416 1339 447 ut
1362 413 1540 447 catholicis
1560 413 1698 459 quidem
1729 418 1792 445 1586

89 489 104 504 κ
125 475 337 521 voluptatem
356 480 425 511 tam
444 481 563 522 aperte
583 477 800 523 deprehensa
835 476 972 510 vanitas
1003 475 1260 515 haereticorum,
1281 474 1374 508 hisce
1396 474 1563 520 pudorem
1578 476 1700 510 eadem

89 551 104 566 α
126 536 306 572 Sociorum
325 537 460 572 vanitas
479 538 638 573 afferret:
658 550 777 573 omnes
792 541 907 572 autem
925 548 1025 583 poena
1044 536 1288 582 dignissimum
1307 540 1485 570 auctorem
1503 541 1697 578 censerent,

88 613 103 627 α
127 599 183 645 qui
202 599 369 644 figmento
388 603 459 633 tam
478 599 659 634 manifesto
678 600 856 634 hominum
876 599 1235 633 innocentissimorum
1253 598 1381 632 famam
1401 598 1583 633 traducere
1598 611 1700 634 ausus

89 676 103 690 s<
125 661 241 696 fuerit.
264 662 394 696 Verum
410 666 530 697 natura
550 663 745 708 pravitatis,
768 667 806 697 ut
821 674 958 708 semper
976 662 1051 702 fuit,
1070 662 1119 695 ita
1138 673 1229 695 nunc
1248 662 1353 695 etiam
1372 666 1437 702 est,
1458 666 1508 702 ut,
1531 662 1590 696 ubi
1609 663 1700 697 veri-

89 738 103 752 «
124 726 196 757 tato
215 727 336 757 contra
354 724 537 758 veritatem
551 725 687 759 efficere
707 724 792 759 nihil
811 728 937 770 potest,
956 723 1000 758 ad
1017 723 1153 758 fabulas
1168 727 1272 768 atque
1296 723 1487 757 calumnias
1506 724 1698 769 confugiat.

87 800 102 813 a
124 784 197 819 Nos
218 785 368 831 quidem,
388 797 465 820 cum
488 787 523 821 in
546 798 656 833 regno
675 791 709 821 et
728 786 916 821 ditionibus
937 785 1064 820 nostris
1085 785 1268 819 Societatis
1287 785 1361 830 ejus
1381 786 1506 820 Patres
1525 786 1701 831 adjuven-

89 860 104 875 κ
125 849 233 881 tutem
267 847 491 882 excolendam
523 860 592 882 non
621 860 748 894 paucos
782 849 970 888 foveamus
999 846 1233 882 testimonium
1258 847 1324 881 hoc
1350 847 1420 881 illis
1446 859 1526 881 vere
1549 848 1704 882 tribuere

87 923 100 937 ι
123 920 306 954 possumus
322 921 328 943 ;
347 921 417 943 non
436 909 538 943 modo
554 910 687 944 nullum
708 922 826 944 eorum
843 921 996 955 unquam
1020 910 1055 943 in
1073 920 1184 954 regno
1208 914 1327 944 nostro
1348 909 1390 943 ob
1409 909 1543 943 facinus
1561 909 1703 955 aliquod

86 985 100 1000 u
122 971 289 1017 supplicio
304 971 480 1012 affectum,
503 972 563 1006 sed
583 983 625 1006 ne
644 976 847 1006 accusatum
863 972 999 1017 quidem
1015 974 1076 1005 aut
1090 971 1267 1005 minimam
1287 971 1519 1017 suspicionem
1537 971 1701 1006 facinoris

86 1047 100 1062 κ
120 1032 266 1077 alicujus
289 1045 439 1079 unquam
462 1034 497 1067 in
517 1033 624 1067 ullum
653 1046 775 1068 eorum
800 1033 978 1068 collatam.
1001 1033 1122 1078 Itaque
1145 1044 1264 1067 omnes
1290 1033 1419 1067 vixisse
1446 1037 1479 1067 et
1514 1034 1642 1073 vivere,
1664 1038 1703 1068 ut

84 1108 98 1122 ει
120 1105 195 1128 cum
218 1094 399 1140 religionis
414 1096 522 1141 ipsius
542 1106 649 1130 causa
669 1095 898 1141 dignissimos
918 1107 977 1129 cas
996 1094 1178 1129 clementia
1200 1098 1319 1128 nostra
1333 1094 1544 1140 judicemuS,
1566 1098 1638 1129 tum
1658 1096 1701 1130 ob

84 1172 98 1186 α
120 1158 332 1204 singularem
347 1159 512 1205 pietatem
535 1163 569 1194 et
586 1159 668 1193 vitae
684 1159 950 1194 sanctimoniam
966 1158 1073 1192 multo
1088 1159 1192 1193 etiam
1210 1159 1363 1193 cariores
1381 1159 1481 1193 nobis
1497 1159 1577 1193 sint.
1601 1159 1700 1197 Quod

83 1234 98 1248 ιι
120 1219 289 1265 reliquum
319 1224 390 1261 est,
425 1221 678 1255 Paternitatem
713 1221 878 1255 Vestram
906 1232 1007 1266 quam
1040 1220 1167 1266 optime
1199 1219 1317 1254 valere
1352 1221 1519 1266 cupimus.
1548 1220 1700 1255 Grodnae

84 1295 99 1310 a
121 1282 175 1317 die
198 1282 301 1317 tertia
324 1282 453 1318 mensis
471 1282 564 1328 julii,
586 1294 680 1317 anno
705 1283 844 1317 Domini
866 1283 971 1323 1586,
998 1283 1099 1328 regni
1120 1294 1202 1317 vero
1226 1283 1336 1317 nostri
1360 1294 1461 1317 nono.
1492 1301 1507 1314 κ

127 1343 220 1378 Satis
235 1343 372 1389 quidem
386 1355 449 1390 per
467 1355 543 1379 sese
558 1344 727 1379 adversus
743 1344 1015 1379 obtrectatorum
1025 1344 1207 1378 audaciam
1221 1344 1355 1379 munita
1368 1348 1444 1379 erat
1458 1345 1696 1380 innocentium

79 1417 207 1446 causa,
231 1406 297 1441 hoc
317 1417 412 1448 vero,
441 1410 512 1441 tam
538 1406 715 1441 luculento
752 1407 846 1452 regis
873 1406 1083 1447 testimonio,
1106 1406 1320 1452 aliorumque
1346 1407 1541 1453 principum
1562 1407 1696 1454 judicio

79 1467 190 1501 extitit
212 1467 316 1502 ctiam
337 1468 624 1508 commendatior,
647 1472 684 1503 ut
705 1479 747 1503 ex
769 1468 916 1503 adverso
943 1468 1186 1503 haereticorum
1212 1468 1413 1514 malignitas
1429 1470 1596 1515 apertior.

126 1529 246 1575 Neque
257 1530 473 1575 Rigensibus
485 1530 616 1575 justior
634 1531 699 1565 fuit
713 1531 777 1565 sub
793 1530 882 1565 idem
898 1534 1034 1576 tempus
1050 1531 1442 1577 oppugnandiJesuitas
1462 1532 1564 1566 ratio.
1588 1532 1696 1567 Ferre

79 1590 153 1626 sine
173 1591 284 1625 turbis
309 1603 378 1625 non
405 1596 567 1637 poterant
590 1592 746 1637 hospites
771 1592 891 1627 Socios
909 1592 1152 1627 haereticorum
1172 1593 1345 1633 ministri,
1368 1593 1504 1639 plebem
1527 1594 1590 1635 illi,
1617 1605 1694 1628 sua-

78 1663 152 1686 rum
170 1656 203 1687 et
226 1652 331 1687 decus
358 1652 567 1698 religionum
590 1657 624 1688 et
642 1653 856 1698 praesidium,
874 1653 1062 1688 sollicitare
1084 1654 1128 1688 ad
1147 1654 1317 1689 tumultus
1336 1655 1520 1700 caedesque
1538 1655 1691 1694 assidue,

78 1715 157 1759 quin
178 1715 343 1749 adversus
363 1726 463 1749 suum
484 1715 587 1749 etiam
604 1715 847 1760 magistratum
861 1716 986 1749 cooriri
1002 1729 1008 1749 :
1034 1730 1048 1744 α
1064 1720 1101 1750 ut
1115 1716 1173 1762 qui
1186 1717 1208 1751 J
1212 1717 1341 1751 esuitas
1359 1721 1393 1752 et
1416 1717 1604 1763 accepisset
1622 1721 1693 1752 tam

81 1791 96 1804 α
117 1776 239 1818 facile,
279 1777 411 1811 civitati
447 1789 519 1812 suae
548 1789 569 1811 a
595 1788 681 1823 rege
715 1777 895 1818 obtrusos,
926 1781 960 1812 et
985 1778 1206 1823 indulgentia
1236 1779 1341 1813 nimia
1374 1790 1433 1814 eos
1459 1779 1589 1825 templa
1621 1779 1691 1814 divi

79 1851 94 1865 ει
116 1837 237 1872 Jacobi
264 1842 298 1873 et
326 1838 362 1873 S.
386 1838 611 1884 Magdalenae
630 1839 894 1884 coenobiumque
907 1839 1046 1885 aliaque
1065 1840 1195 1875 habere
1223 1844 1399 1886 peteretur
1418 1853 1424 1875 :
1446 1841 1618 1887 adjecisse
1636 1841 1687 1875 in-

80 1913 94 1927 u
116 1910 218 1945 super
238 1900 354 1934 oculos
374 1901 527 1935 Jesuitas
555 1901 597 1935 ad
621 1901 788 1947 templum
809 1901 986 1936 cathedrae
1011 1902 1211 1947 pontificiae,
1229 1902 1294 1936 sibi
1309 1914 1329 1936 a
1346 1914 1428 1947 rege
1452 1903 1660 1948 promissum
1680 1916 1686 1937 :

80 1974 94 1989 ιε
115 1960 249 1996 inhiare
285 1962 439 1997 advenas
475 1963 578 1997 rebus
622 1963 771 1997 civitatis
811 1963 983 2003 omnibus,
1026 1966 1060 1997 et
1103 1964 1206 2009 (quod
1241 1964 1408 1998 invidiam
1449 1965 1690 1999 inflammabat

79 2036 94 2050 α
114 2023 272 2069 maxime)
291 2024 468 2069 publicum
498 2024 594 2059 urbis
612 2024 920 2059 armamentarium
952 2025 1082 2059 eisdem
1114 2025 1290 2061 addictum
1317 2027 1388 2071 jam
1415 2038 1478 2072 per
1509 2027 1687 2067 consules,

81 2098 95 2112 a
114 2084 326 2120 tumultuose
354 2086 602 2131 querebantur.

121 2146 242 2181 Fidem
256 2147 347 2193 plebi
368 2148 484 2183 stultae
499 2149 579 2184 fecit
597 2160 707 2189 error,
738 2160 780 2183 ex
798 2149 866 2183 levi
894 2148 1090 2194 suspicione
1110 2149 1278 2195 objectus.
1299 2150 1355 2185 Ad
1368 2151 1479 2186 {edem
1498 2152 1538 2186 D.
1561 2153 1582 2188 J
1586 2154 1687 2188 acobi

76 2206 110 2241 in
139 2208 212 2253 ipso
243 2209 440 2244 coemeterio
472 2211 778 2245 armamentarium
796 2210 945 2245 civitatis
975 2209 1078 2244 situm
1104 2215 1203 2245 erat:
1225 2212 1465 2257 praesidiariis,
1489 2214 1518 2248 si
1537 2215 1581 2249 ad
1610 2215 1686 2250 Col-

75 2267 154 2314 legii
172 2269 317 2304 tutelam
336 2259 457 2306 contra
474 2273 642 2307 tumultus
662 2273 788 2307 civicos
815 2272 922 2308 armis
942 2283 1084 2307 necesse
1110 2272 1199 2307 foret
1226 2273 1288 2314 uti,
1314 2286 1370 2309 res
1388 2280 1557 2321 prompta.
1593 2278 1690 2312 Istud

74 2341 134 2376 pro
156 2332 301 2378 pignore
324 2333 404 2368 fidei
423 2346 496 2369 suae
514 2338 547 2369 ct
566 2335 765 2370 securitatis
789 2335 911 2370 eodem
942 2335 1017 2369 loco
1049 2338 1192 2369 senatus
1220 2346 1296 2369 esse
1325 2336 1455 2378 voluit;
1481 2349 1592 2383 neque
1619 2339 1689 2373 alio

75 2402 109 2425 se
127 2393 388 2435 translaturum,
410 2395 533 2430 litteris
566 2397 669 2431 etiam
689 2397 754 2431 rite
778 2397 880 2436 datis,
904 2397 1068 2430 Patribus
1087 2396 1314 2431 confirmavit.
1340 2397 1422 2433 Non
1445 2400 1553 2444 probe
1574 2401 1688 2434 consi-

74 2453 156 2489 lium
174 2457 399 2502 magistratus
415 2457 586 2492 intellexit
605 2459 735 2499 Simon,
755 2459 829 2504 ejus
847 2459 961 2493 scriba
983 2459 1219 2504 chirographi,
1241 2459 1403 2495 homulus
1418 2462 1688 2506 pangendarum

76 2520 244 2563 utcunque
266 2518 473 2559 litterarum,
500 2531 569 2554 non
595 2520 715 2555 latin-„e
743 2521 826 2555 item
846 2521 989 2566 linguae,
1024 2532 1092 2565 qua
1120 2532 1175 2555 res
1202 2521 1430 2562 tractabatur,
1459 2523 1589 2557 sciens.
1622 2524 1690 2558 Per

1726 1381 1799 1413 Rigae
1819 1381 1870 1407 hae-

1726 1420 1801 1446 retici
1824 1420 1869 1446 So-

1725 1460 1776 1487 cios
1790 1461 1856 1486 inse-

1724 1501 1836 1527 ctantur.
