2184 2953
623 307 730 335 LIBER
755 307 879 336 NONUS
904 308 1111 344 (1640-1650).
1657 306 1716 336 335

100 400 293 448 palatinum
317 398 361 433 ad
388 409 506 433 arcum
530 398 788 445 triumphalem,
810 399 1004 445 exquisitis,
1026 399 1097 433 suis
1116 398 1289 444 praecipue
1309 397 1538 437 scholasticis,
1556 401 1717 432 ornatum
1743 408 1807 434 1643

102 461 270 497 artificiis.
292 460 312 494 J
318 471 450 495 oannes
479 460 681 502 Casimirus,
704 461 798 507 regis
821 461 993 496 Vladislai
1020 471 1208 506 germanus
1228 471 1270 494 ex
1291 459 1529 504 sigismundo,
1552 471 1620 493 non
1645 463 1717 494 ute·
1745 450 1860 515 Joaniioes

102 524 200 558 rinus
219 534 262 558 ex
281 522 482 557 Constantia
511 523 620 556 frater
645 522 729 569 (nati
750 523 882 558 scilicet
908 535 951 558 ex
976 523 1079 558 Anna
1096 522 1296 561 Austriaca,
1320 533 1485 566 germana
1505 521 1720 556 Constantiae
1747 527 1859 574 Casimit

105 585 234 631 sorore)
254 587 426 630 regnante
453 583 632 619 Vladislao
652 585 686 618 in
707 585 865 627 Polonia,
887 586 923 620 in
943 585 1091 620 Galliam
1112 596 1149 618 se
1168 584 1324 618 contulit.
1348 584 1494 618 Factum
1513 584 1546 617 id
1566 588 1720 630 tempore
1747 577 1892 645 2¹35&sp

104 647 218 682 alieno
234 659 241 687 ;
268 646 366 691 quasi
385 645 406 680 J
412 657 543 680 oannes
563 650 623 680 aut
641 657 711 680 non
730 647 946 681 meminisset
963 646 1149 681 Austriaco
1168 657 1205 680 se
1224 645 1353 680 editum
1373 649 1462 685 satu,
1484 648 1544 679 aut
1558 645 1718 685 nesciret,
1748 650 1818 682 gius,
1838 649 1896 693 Rp-

105 710 231 745 ardere
246 712 319 743 tum
334 708 463 742 bellum
483 707 676 743 Germanos
694 709 784 743 inter
802 713 836 743 et
851 709 971 743 Gallos
990 721 996 742 ;
1018 709 1135 754 itaque
1156 719 1177 741 a
1197 706 1320 748 Gallis,
1343 707 1385 741 de
1404 706 1526 741 fraude¹
1546 707 1723 752 suspican-
1750 688 1894 754 ἷζῖξοῐξζθ

105 771 210 812 tibus,
235 781 297 816 pro
317 770 416 805 hoste
436 771 472 804 in
492 770 685 804 custodiam
714 771 815 805 datus
843 771 1086 805 Cisteroniam.
1116 769 1302 804 Biennium
1323 769 1358 802 in
1373 768 1433 802 illa
1453 768 1638 802 solitudine
1666 769 1724 803 de-
1752 769 1843 794 vitius.

106 832 213 867 lituit.
226 832 435 866 Vindicatus
451 831 576 865 deinde
591 842 650 876 per
661 831 834 866 Vladislai
849 835 883 866 et
898 832 1034 867 Urbani
1048 831 1218 877 pontificis
1230 830 1380 876 legatos,
1393 830 1548 875 perrexit
1562 831 1722 864 Romam.
1752 810 1873 878 gziiicrus

111 894 177 933 Ibi,
201 905 243 928 ex
277 892 418 927 fastidio
451 897 563 927 status
595 892 648 927 sui
678 905 785 938 aeger,
812 894 965 928 animum
984 894 1029 928 ad
1049 894 1257 928 Societatem
1288 896 1445 926 nostram
1476 891 1620 937 appulit.
1645 893 1729 926 Post
1754 892 1890 927 principis.

111 955 291 990 biennium
320 955 476 1000 religiosi
504 954 656 1003 tirocinii
685 959 846 1000 acceptus
865 955 899 989 in
920 956 1113 1001 Collegium
1144 955 1374 990 cardinalium
1393 954 1436 988 ab
1456 954 1660 989 Innocentio
1679 953 1726 988 X.

111 1017 236 1063 Neque
264 1017 298 1050 in
333 1017 398 1051 isto
431 1016 543 1062 gradu
571 1016 728 1051 Joannes
757 1017 821 1051 sibi
848 1017 1032 1052 videbatur
1058 1018 1193 1052 facilem
1220 1017 1351 1051 habere
1371 1020 1405 1051 et
1429 1016 1627 1061 expeditum
1650 1015 1731 1050 vitae

112 1090 263 1114 cursum.
287 1078 363 1116 Quo
384 1090 420 1112 se
434 1078 509 1123 jam
529 1081 692 1118 verteret,
718 1078 801 1123 quid
819 1091 921 1124 porro
942 1083 1171 1125 exspectaret,
1192 1078 1408 1113 consuluisse
1427 1078 1537 1112 fertur
1563 1077 1732 1124 inclytum

112 1141 297 1176 sanctitate
329 1143 363 1175 et
384 1139 618 1185 praedicandis
646 1140 748 1174 rebus
779 1140 904 1175 futuris
922 1142 1033 1176 virum
1062 1153 1104 1176 ex
1132 1141 1261 1175 Ordine
1284 1140 1520 1175 Franciscano
1539 1140 1731 1185 Josephum
1758 1153 1881 1180 Praedieit

112 1202 155 1237 de
175 1202 386 1248 Copertino;
408 1201 512 1247 idque
531 1202 720 1247 accepisse,
743 1203 834 1248 quod
862 1203 969 1238 nollet
987 1217 993 1238 :
1015 1215 1126 1249 neque
1148 1207 1184 1237 tu
1206 1203 1354 1242 Jesuita‚
1377 1203 1488 1248 inquit
1507 1202 1644 1236 divinus
1664 1202 1728 1241 vir,
1758 1204 1868 1261 321¹}ssssss

112 1275 225 1310 neque
253 1267 291 1297 tu
318 1263 521 1297 cardinalis.
543 1263 737 1298 Obscurum
766 1264 831 1299 hoc
859 1265 986 1299 Joanni
1015 1265 1079 1299 fuit
1109 1264 1300 1299 oraculum.
1323 1265 1473 1310 Urgenti
1491 1275 1594 1310 porro
1614 1263 1732 1309 longis
1760 1271 1902 1298 Venerabi-

114 1326 289 1373 precibus,
312 1325 436 1371 ecquid
453 1328 550 1359 vates
570 1329 710 1359 sanctus
737 1325 960 1371 polliceretur
979 1327 1044 1361 sibi
1063 1338 1209 1373 regnum
1228 1327 1398 1367 Poloniae‚
1421 1326 1601 1372 respondit
1619 1338 1625 1360 z
1647 1325 1704 1360 Ah
1722 1325 1728 1359 !
1759 1313 1889 1385 ἓζὸξζζζέ

115 1387 280 1433 regnabis
299 1391 336 1422 tu
360 1387 511 1432 quidem,
537 1387 728 1432 regnabis:
751 1388 812 1422 sed
830 1399 977 1434 regnum
996 1392 1093 1423 tuum
1122 1400 1234 1434 neque
1264 1388 1326 1423 tibi
1358 1388 1523 1434 optabile,
1556 1399 1667 1433 neque
1686 1387 1732 1421 ci·
1760 1394 1880 1438 a-Coper-

116 1450 216 1484 vibus
241 1449 309 1484 tuis
336 1448 565 1483 conducibile.
589 1450 710 1494 Itaque
731 1450 858 1491 evenit,
881 1450 972 1495 quod
988 1451 1059 1485 suis
1077 1450 1163 1485 locis
1186 1450 1417 1485 narrabimus.
1441 1451 1541 1488 Quod
1560 1451 1733 1484 Joannem
1759 1435 1822 1459 ‘⁶¹⁰⁰'

116 1513 151 1546 in
172 1515 298 1547 coetum
332 1523 431 1546 suum
464 1511 666 1545 admiserint
685 1511 789 1552 Socii,
810 1511 900 1546 male
930 1512 966 1546 id
996 1513 1118 1547 habuit
1136 1516 1207 1547 tum
1234 1513 1455 1547 Vladislaum
1473 1516 1545 1547 tum
1572 1523 1733 1558 proceres
1759 1526 1910 1552 vladislaus

119 1574 299 1614 Poloniae;
323 1573 380 1618 qui
399 1574 418 1607 J
424 1573 655 1618 agellonicam
683 1573 847 1607 familiam
867 1575 1054 1620 propagari
1072 1575 1222 1610 maxime
1236 1579 1415 1621 cuperent,
1442 1578 1476 1609 et
1499 1574 1593 1620 apud
1616 1585 1653 1609 se
1680 1585 1734 1608 re·
1761 1566 1886 1632 ξ’ῖᾚὲξῆῖι

121 1646 232 1681 gnare
261 1634 506 1669 immortalem.
538 1635 665 1669 Iratior
682 1635 762 1669 hinc
781 1636 811 1669 V
814 1635 983 1671 ladislaus
1013 1636 1145 1671 aulicos
1164 1648 1182 1671 e
1201 1637 1376 1672 Societate
1394 1636 1591 1682 theologos,
1613 1635 1737 1681 quibus
1854 1627 1857 1631 ’

123 1701 284 1732 amanter
306 1697 470 1731 utebatur
497 1697 623 1737 adhuc,
644 1698 857 1732 amandavit.
884 1699 984 1733 Unus
1010 1710 1055 1733 ex
1085 1699 1153 1734 illis
1182 1699 1301 1745 utique
1328 1698 1393 1733 sibi
1409 1702 1448 1733 ut
1468 1698 1735 1744 relinqueretur,

123 1759 181 1793 vix
200 1758 364 1804 precibus
394 1759 593 1804 impetravit
623 1759 746 1804 regina
774 1760 923 1794 Caecilia.
947 1761 1031 1795 Inde
1056 1772 1119 1795 rex
1149 1761 1236 1796 alias
1264 1760 1510 1806 religiosorum
1541 1764 1741 1806 respectare
1766 1768 1860 1794 Versa-

124 1820 289 1861 familias,
312 1824 346 1855 et
364 1821 512 1856 invitare
543 1821 587 1855 ad
618 1833 666 1856 se.
690 1822 765 1855 Hac
795 1822 871 1867 ipsa
890 1826 1096 1868 tempestate
1127 1822 1248 1857 accivit
1278 1834 1425 1868 peregre
1457 1823 1582 1857 Patres
1602 1822 1741 1856 Ordinis
1767 1817 1912 1875 Σὲῗζῖᾒῐῖἃ

129 1885 377 1925 Calassantini,
399 1897 484 1930 quos
507 1884 613 1930 vulgo
632 1885 768 1930 piarum
787 1885 982 1919 scholarum
1004 1885 1234 1931 appellamus,
1253 1889 1286 1919 et
1301 1886 1336 1919 in
1350 1888 1549 1919 constructo
1563 1885 1744 1919 Varsaviae
1766 1890 1820 1915 tres
1838 1890 1892 1921 pia-

132 1947 304 1981 domicilio
320 1947 512 1982 collocavit.
531 1947 736 1992 Quanquam
752 1947 818 1981 ista
832 1947 926 1992 regis
941 1947 1076 1982 offensa
1090 1959 1157 1982 non
1173 1947 1237 1981 fuit
1250 1947 1467 1987 immortalis,
1486 1958 1597 1992 neque
1615 1958 1742 1981 annum
1767 1930 1914 1995 {Effinscho-

130 2009 277 2054 amplius
297 2009 407 2043 tenuit
421 2009 611 2054 principem
631 2021 636 2042 :
659 2019 738 2042 nam
758 2008 882 2044 deinde
900 2012 934 2043 et
951 2009 1085 2044 visebat
1102 2020 1196 2055 saepe
1208 2009 1444 2044 Varsaviense
1460 2008 1640 2043 Sociorum
1658 2012 1743 2042 tem—
1771 2007 1898 2035 concilia-

127 2069 237 2116 plum‚
273 2074 308 2104 et
339 2070 539 2104 intermissa
570 2069 823 2104 benevolentiae
855 2070 966 2105 officia
998 2070 1096 2105 novis
1132 2070 1310 2105 beneficiis
1342 2070 1598 2116 compensabat.
1634 2071 1744 2104 Porro
1770 2050 1888 2116 {¹1¹}li

128 2132 306 2167 Joannem
325 2144 343 2167 e
363 2133 538 2168 Societate
565 2132 721 2166 evocavit
750 2144 843 2166 mors
869 2133 1098 2178 Sigismundi,
1121 2131 1297 2178 septennis
1325 2132 1437 2177 pueri,
1459 2132 1641 2167 Vladislao
1674 2132 1745 2166 nati
1770 2139 1881 2184 ,Ioannis

130 2205 172 2229 ex
204 2193 354 2228 Caecilia.
388 2194 464 2229 Hoc
493 2198 643 2235 mortuo,
665 2194 859 2240 expeditior
878 2194 943 2228 sibi
960 2194 1145 2228 videbatur
1175 2198 1253 2240 post
1282 2193 1501 2227 Vladislaum
1534 2194 1568 2228 in
1599 2205 1746 2239 regnum
1770 2181 1870 2205 evoeam
1891 2188 1904 2206 Θ

1773 2220 1900 2246 Societate

130 2256 205 2292 fore
238 2257 435 2298 successio,
465 2257 694 2292 invitantibus
728 2257 877 2292 maxime
903 2257 1034 2291 civibus
1066 2257 1150 2298 suis,
1180 2256 1283 2301 idque
1315 2268 1377 2302 per
1403 2256 1539 2302 legatos
1566 2257 1658 2302 apud
1678 2256 1747 2291 Ro·
1773 2257 1914 2288 occasio‚et

129 2330 269 2353 manum
301 2319 512 2353 Pontificem
544 2319 742 2364 agentibus.
1774 2305 1867 2324 causae.

181 2379 432 2415 Resselienses
461 2380 682 2415 conturbavit
713 2392 805 2414 mors
823 2379 1040 2414 Varmiensis
1061 2379 1115 2413 sui
1147 2378 1313 2424 episcopi,
1343 2379 1481 2414 Nicolai
1504 2380 1746 2427 Szyskovskii.

136 2441 367 2488 Comparabat
388 2453 425 2476 se
449 2442 560 2476 bonus
588 2441 742 2487 pontifex
759 2441 805 2475 ad
821 2439 1001 2475 condenda
1020 2440 1229 2475 Resseliano
1249 2441 1406 2487 Collegio
1425 2445 1459 2476 et
1489 2442 1701 2477 domicilium
1718 2447 1752 2478 et

134 2503 301 2549 templum
322 2508 355 2538 et
382 2504 615 2549 gymnasium,
638 2504 763 2538 dirutis
794 2503 969 2538 veteribus
989 2502 1183 2547 parietinis.
1213 2502 1403 2537 Consilium
1430 2515 1523 2538 mors
1550 2505 1749 2539 antevertit.
