2184 2953
240 390 306 418 1655

298 432 327 458 17

240 472 357 499 Nesvisi-

241 513 344 539 ensium

239 552 329 578 caedes.

240 590 293 617 PP.
307 590 366 616 Vie-

237 630 344 656 chovicz

239 668 265 693 et
277 667 363 693 Stani-

239 709 350 736 szewski
361 719 366 736 :

237 749 280 776 Fr.
296 749 362 776 But-

239 788 349 816 kievioz.

236 837 288 864 Pro
303 838 353 864 Re-

236 878 306 904 ctore
318 877 362 903 do-

238 924 310 943 mum
324 925 366 943 cu-

237 957 312 982 rante
336 957 366 982 P.

238 995 372 1028 Stephano

238 1034 377 1062 Zalewaka.

298 1073 329 1100 18

238 1111 350 1140 Vilnen-

238 1151 306 1178 sium
320 1152 387 1178 stra-

241 1205 296 1231 ges.

238 1237 373 1263 Sociorum

240 1276 315 1310 suga.

239 1316 269 1342 P.
282 1315 363 1342 Goze—

242 1354 309 1381 Wski

241 1395 344 1428 captus.

301 1482 332 1509 19

240 1523 329 1551 Caroli

243 1563 332 1589 Ferdi-

240 1602 322 1628 nandi

239 1641 368 1675 principis

237 1681 305 1714 regii
318 1682 372 1709 obi-

236 1720 287 1747 tus.

407 289 467 321 376
800 290 1075 322 LITUANICARUM
1097 290 1309 322 SOCIETATIS
1331 292 1420 323 JESU
1445 292 1702 323 HISTORIARUM

409 381 576 417 omnium.
599 382 689 418 Tum
708 394 779 419 una
806 397 1007 432 puerorum,
1036 386 1270 427 foeminarum,
1290 386 1514 433 virorumque
1532 387 1647 422 caedes
1674 385 1899 421 miserabilis
1918 386 2041 422 Truci-

409 444 500 480 datis
516 446 658 492 passim,
678 447 820 482 barbari
836 449 984 484 scrutari
998 449 1146 484 latibula
1165 453 1199 484 et
1214 449 1399 496 sepulchra
1417 461 1424 484 ε
1443 450 1559 485 omnia
1574 453 1742 485 evertere.
1763 450 1803 485 In
1825 449 1892 484 isto
1907 449 2043 485 laniatu

409 507 614 544 interfectus
648 510 691 545 P.
725 510 882 547 Adamus
909 512 962 547 XI
989 512 1160 547 kalendas
1192 512 1366 548 octobres,
1390 513 1558 548 Concisus
1590 513 1718 555 multis,
1739 513 1774 547 in
1804 513 1880 559 ipso
1914 513 2042 548 vertice

410 575 545 617 septem
577 572 793 616 vulneribus,
817 574 856 609 P.
879 575 1049 610 Joannes.
1071 575 1239 611 AEdituus
1259 580 1294 611 et
1326 575 1502 610 vestiariae
1533 579 1676 610 curator
1695 575 1819 617 frater,
1851 575 2040 611 transfixus

410 645 472 680 per
486 635 673 671 adversum
688 640 808 683 pectus
824 637 963 683 sagitta,
982 638 1142 673 manibus
1157 642 1191 673 et
1206 638 1401 673 cervicibus
1416 638 1548 680 incisis,
1568 642 1729 685 repertus
1745 639 1835 674 inter
1854 638 2037 680 cadavera,

412 698 562 733 extentis
581 698 615 733 in
634 711 772 734 crucem
791 699 959 742 brachiis,
982 700 1107 747 supino
1123 701 1234 742 vultu,
1257 705 1359 747 grato
1386 712 1428 736 ac
1447 700 1643 736 renidente.
1666 700 1817 736 Reversi
1836 712 1928 736 anno
1948 701 2041 736 1660

411 759 453 793 ad
472 771 578 806 rogos
597 761 879 797 Nesvisiensium
897 763 1030 804 hostes,
1044 775 1121 798 cum
1136 775 1258 799 rursus
1277 763 1322 798 ad
1337 763 1469 799 caedem
1485 763 1577 799 cives
1589 767 1801 809 quaererent,
1818 762 2040 809 tumulosque

411 822 622 866 refoderent‚
646 825 726 871 quia
744 825 848 872 hujus
868 825 986 861 fratris
1007 826 1028 861 J
1032 827 1156 861 oannis
1172 838 1308 867 recens,
1326 826 1458 867 habile,
1476 826 1687 872 odoremque
1704 826 1869 873 expirans
1884 830 2038 872 gratum,

412 885 572 921 viderent
590 886 706 929 funus,
730 887 855 923 offensi
875 889 1087 935 spectaculo,
1107 890 1285 936 ejecerunt
1302 888 1337 923 in
1356 889 1489 930 fimum,
1511 889 1657 924 canibus
1679 888 1862 934 corvisque
1883 888 2041 923 laceran-

412 947 506 983 dum.
527 949 609 990 Sed,
631 962 717 996 pace
736 955 956 998 recuperata,
980 963 1001 987 a
1021 951 1132 987 Sociis
1152 952 1349 998 quaesitum,
1373 952 1554 987 inventum
1579 951 1770 997 integrum,
1793 955 1828 986 et
1849 951 2041 998 repositum

412 1022 513 1045 suum
532 1012 568 1046 in
586 1012 751 1048 loculum.
771 1013 956 1060 Nusquam
972 1026 1055 1050 vero
1077 1015 1238 1050 saevitum
1254 1014 1442 1055 crudelius,
1462 1026 1564 1060 quam
1583 1014 1619 1049 in
1635 1014 1719 1049 urbe
1735 1014 1909 1049 Lituaniae
1924 1014 2034 1061 regia,

412 1072 540 1108 Vilnae.
562 1074 611 1108 VI
632 1074 715 1110 Idus
738 1075 881 1111 sextiles
901 1077 981 1112 Dux
1008 1077 1258 1113 Moscoviticus
1273 1089 1350 1112 cum
1368 1077 1578 1112 immanibus
1607 1077 1818 1124 Scytharum
1836 1080 1870 1112 et
1890 1077 2038 1112 Cosaco-

412 1147 490 1170 rum
518 1136 627 1183 copiis
646 1138 681 1172 in
701 1138 878 1174 civitatem
909 1140 1024 1175 irruit.
1047 1140 1078 1176 A
1105 1140 1227 1187 primis
1247 1140 1364 1176 statim
1395 1140 1505 1187 portis
1532 1140 1624 1175 facta
1644 1140 1853 1175 miserorum
1878 1139 2035 1174 laniatio.

413 1197 499 1233 Plus
515 1199 640 1234 vicena
667 1200 769 1246 quina
784 1201 895 1237 millia
913 1214 981 1237 uno
1001 1202 1057 1238 die
1076 1204 1340 1239 interfectorum
1358 1206 1554 1238 numerata.
1574 1203 1704 1238 Necem
1724 1203 1815 1238 Socii
1834 1206 2039 1238 anteverte-

413 1264 495 1295 runt
521 1261 627 1307 suga3
650 1262 685 1297 in
704 1274 758 1305 ea,
776 1264 835 1310 qui
863 1275 901 1299 se
927 1264 1063 1299 tardius
1083 1277 1103 1300 a
1131 1278 1215 1301 cura
1246 1265 1531 1300 moribundorum
1552 1264 1766 1311 expedierat,
1788 1265 1831 1300 P.
1849 1264 2039 1299 Casimirus

415 1324 630 1362 Gozevskius
645 1327 680 1361 in
701 1339 825 1363 manus
844 1329 990 1364 hostiles
1006 1330 1140 1372 incidit,
1162 1330 1383 1377 acceptisque
1399 1328 1534 1362 duobus
1554 1327 1589 1361 in
1610 1328 1723 1374 capite
1740 1327 1956 1376 vulneribus,
1979 1327 2039 1362 ab·

415 1385 539 1422 ductus
567 1387 611 1424 sit
630 1388 667 1424 in
687 1390 905 1432 servitutem,
928 1402 987 1433 an,
1009 1403 1072 1438 per
1098 1393 1267 1439 repetitas
1286 1391 1457 1426 exhausto
1479 1390 1603 1437 spiritu
1625 1390 1762 1436 plagas,
1785 1390 1986 1424 occubuerit
2005 1389 2039 1424 in

415 1449 489 1484 solo
509 1451 635 1496 patrio,
653 1453 838 1488 incertum.
858 1454 943 1489 Cum
963 1454 1012 1489 ita
1032 1455 1192 1490 omnibus
1218 1455 1305 1490 locis
1320 1454 1356 1488 in
1373 1453 1489 1499 patria
1508 1453 1674 1488 arderent
1701 1453 1831 1493 omnia,
1849 1452 2040 1499 quaerenda

414 1517 513 1547 orant
531 1513 613 1548 alibi
632 1516 807 1562 perfugia.
827 1517 938 1552 Divisi
955 1517 1117 1552 bifariam
1136 1517 1229 1552 Socii
1243 1529 1324 1564 pars
1341 1518 1434 1553 missi
1452 1518 1486 1553 in
1503 1518 1740 1560 Germaniam,
1755 1530 1835 1565 pars
1849 1518 2041 1554 transvecti

414 1574 450 1609 in
474 1576 669 1613 Prussiam.
694 1578 776 1620 Sed,
795 1579 853 1625 qui
871 1580 905 1614 in
934 1580 1082 1615 Prussia
1100 1581 1238 1628 asylum
1258 1586 1468 1627 quaererent,
1489 1583 1582 1629 apud
1600 1582 1743 1629 Tylsam
1763 1585 1797 1617 et
1812 1581 1894 1616 alibi
1910 1582 1954 1616 ab
1973 1581 2042 1617 hae-

415 1639 534 1676 reticis
548 1642 683 1688 rejecti,
701 1644 745 1678 ad
764 1644 868 1679 busta
883 1657 947 1680 sua
965 1645 1080 1680 redire
1100 1643 1212 1679 coacti
1231 1647 1324 1679 sunt.
1343 1644 1552 1679 Extorribus
1570 1644 1605 1679 id
1625 1655 1760 1690 quoque
1779 1644 1944 1679 acerbum
1961 1644 2037 1685 suit,

416 1703 583 1738 amissum
599 1715 676 1740 esse
697 1705 917 1741 carissimum
938 1707 1105 1742 Societati
1123 1707 1329 1753 principem,
1350 1708 1528 1743 Vilnensis
1548 1708 1670 1743 domus
1689 1708 1858 1754 professae
1885 1707 2039 1743 condito-

413 1776 500 1807 rem,
524 1766 690 1802 Carolum
721 1767 997 1811 Ferdinandum‚
1029 1769 1270 1816 Opoliensium
1293 1773 1327 1804 et
1359 1770 1678 1806 Ratisboriensium
1708 1770 1843 1811 ducem,
1865 1770 2039 1805 Vratisla-

412 1828 584 1864 viensium
624 1833 658 1865 et
689 1830 937 1866 Polocensium
968 1832 1174 1874 antistitem,
1204 1831 1375 1866 Vladislai
1407 1832 1457 1867 IV
1487 1836 1521 1867 et
1551 1832 1700 1867 Joannis
1732 1831 1891 1867 Casimiri
1915 1843 2038 1878 regum

411 1891 554 1927 fratrem
571 1906 577 1934 ;
600 1904 713 1939 neque
731 1893 868 1928 interim
889 1894 996 1929 licere
1011 1895 1089 1935 sibi,
1107 1895 1222 1929 Vilnae
1236 1894 1272 1929 in
1291 1905 1353 1929 suo
1378 1894 1456 1929 Divi
1477 1894 1638 1929 Casimiri
1657 1894 1800 1941 templo,
1823 1894 1940 1929 debita
1955 1906 2037 1929 con-

413 1953 517 1988 ditori
535 1954 665 2000 pietate
685 1954 800 1991 facere
819 1957 918 2002 justa
936 1957 1110 1992 funebria.
1133 1957 1249 1992 Natus
1277 1956 1423 1991 Carolus
1442 1957 1543 1991 nonis
1571 1956 1722 1991 octobris
1749 1956 1840 1991 1613
1859 1969 1865 1991 ;
1889 1955 2036 1991 denatus

412 2017 515 2063 hujus
529 2019 611 2053 anni
638 2019 724 2054 VIII
752 2019 918 2056 kalendas
928 2021 1069 2067 junias;
1093 2020 1304 2068 {egritudine
1332 2031 1374 2055 ex
1394 2018 1496 2054 malis
1515 2030 1607 2054 carae
1627 2019 1742 2065 patria
1756 2022 1841 2053 nata
1860 2018 2037 2054 confectus

415 2080 576 2122 Viskovi,
598 2082 633 2115 in
653 2081 818 2128 oppidulo
843 2083 1100 2130 Subsylvaniae.
1128 2084 1220 2129 Opes
1247 2083 1363 2128 regias
1391 2093 1469 2117 cum
1498 2081 1678 2127 Opolicnsi
1711 2085 1744 2116 et
1778 2080 2037 2116 Ratisboriensi

412 2142 600 2187 provinciis
618 2143 719 2178 fratri
738 2156 801 2180 suo
820 2146 840 2180 J
846 2146 950 2180 oanni
969 2149 1179 2181 testamento
1197 2144 1350 2191 reliquit.
1374 2144 1459 2178 Post
1477 2143 1609 2177 obitum
1628 2143 1757 2183 fratris,
1776 2141 1947 2177 Vladislai
1971 2141 2033 2182 IV,

409 2205 610 2250 propositus
628 2206 674 2240 ad
701 2218 848 2253 regnum
867 2208 1085 2250 candidatus,
1105 2206 1276 2243 concessit
1299 2205 1466 2241 benevole
1499 2205 1651 2246 Joanni;
1670 2203 1892 2250 tranquillius
1910 2203 1946 2238 in
1964 2203 2036 2238 vita

410 2267 548 2312 privata
575 2280 648 2303 suae
667 2271 847 2316 negotium
875 2271 998 2307 salutis
1030 2274 1228 2311 curaturus,
1250 2268 1413 2315 princeps
1444 2267 1607 2303 videlicet
1633 2267 1774 2302 minime
1802 2266 2033 2301 ambitiosus:

411 2328 502 2364 idem
517 2329 662 2376 placidis
681 2332 835 2368 moribus
851 2337 884 2369 et
901 2333 1108 2369 liberalibus
1131 2345 1137 2368 z
1156 2331 1341 2379 prudentia
1360 2329 1406 2365 ad
1424 2330 1599 2376 regendas
1619 2329 1759 2376 quasvis
1776 2332 1901 2375 gentos
1919 2332 2003 2363 nata
2025 2339 2032 2363 :

412 2403 517 2438 opum
535 2403 646 2439 neque
665 2398 784 2436 tenax,
805 2396 864 2430 ubi
879 2408 936 2432 res
954 2396 1158 2444 postularet,
1173 2405 1286 2441 neque
1304 2393 1485 2440 prodigus.
1503 2392 1595 2428 Aula
1610 2392 1677 2426 sibi
1696 2396 1771 2428 erat
1784 2403 1847 2438 pro
1864 2391 2034 2437 dignitate

410 2454 523 2500 regia,
536 2466 647 2502 eaque
661 2456 821 2493 instituta
835 2459 880 2493 ad
894 2460 1177 2506 castigatissimae
1192 2457 1351 2504 exempla
1371 2456 1576 2503 disciplinae.
1589 2455 1673 2491 Pius
1688 2455 1842 2491 coelitum
1861 2454 1982 2496 cultor,
2000 2458 2034 2489 et

411 2514 528 2552 affinis
548 2515 614 2559 sui,
631 2515 732 2553 Beati
751 2517 925 2562 Casimiri,
948 2518 1114 2566 principis
1141 2518 1328 2556 castissimi
1350 2518 1516 2560 imitator,
1547 2518 1659 2566 gloria
1682 2518 1810 2566 dignus
1827 2517 2028 2554 immortali.
