2184 2953
620 295 725 323 LIBER
750 295 936 325 SECUNDUS
960 295 1168 332 (1571-1580).
1690 294 1729 325 79

119 389 236 424 multa.
274 388 314 421 In
344 386 507 432 Belgium
538 388 735 427 revocatus,
757 387 864 422 multo
892 387 1032 422 duriora
1058 387 1149 421 inter
1178 386 1361 421 haereticos
1393 387 1515 422 eodem
1533 387 1569 422 in
1588 388 1728 434 negotio

115 450 279 486 sustinuit
301 462 308 484 :
330 448 408 483 telis
434 459 505 492 non
533 458 614 482 raro
639 448 745 491 jactis
784 449 875 485 inter
906 449 1181 484 concionandum
1209 449 1383 494 appetitus
1416 462 1421 483 :
1453 449 1638 495 aliquando
1667 461 1729 496 per

116 514 236 548 urbem
266 512 561 556 Neomagensem‚
579 514 746 556 tanquam
764 524 855 547 ursae
872 512 976 553 latro,
998 511 1179 551 deductus,
1213 511 1350 557 popello
1380 511 1589 547 Luteranico
1621 512 1730 547 sibilis

116 575 376 620 maledictisque
393 578 624 609 consectante.

162 637 398 681 Brunsbergae
430 635 653 670 seminarium
687 635 877 670 educandis
911 633 1207 678 instruendisque,
1243 634 1300 679 qui
1333 633 1467 674 Suecis,
1506 634 1729 680 finitimisque

116 697 291 744 gentibus,
314 697 357 731 ad
372 696 541 732 Ecclesiae
560 696 734 731 Romanae
752 696 996 731 auctoritatem
1016 695 1234 735 revocandis,
1258 695 1446 730 salutarem
1464 699 1633 730 navarent
1652 708 1730 742 ope-

116 772 202 800 ram,
236 760 303 795 hoc
332 771 422 794 anno
455 758 651 793 institutum
682 770 702 792 a
732 757 903 803 Gregorio
919 756 1023 797 XIII,
1041 761 1250 802 procurante
1269 758 1305 791 in
1324 758 1443 803 primis
1459 759 1499 793 P.
1523 758 1726 793 Possevino.

165 823 349 858 Pestilenti
375 823 409 857 in
441 823 566 858 Suecia
599 826 754 867 tempore
773 822 819 867 (i),
843 819 1018 855 Stanislao
1037 818 1283 854 Varszevickio
1313 823 1347 853 et
1378 819 1519 854 Simone
1538 819 1730 866 XVysockio

115 884 270 920 Araosiae
290 885 383 931 apud
411 884 601 930 Reginam,
620 883 809 917 Laurentio
829 882 995 927 Norvego
1021 880 1263 921 Stokholmiae,
1286 881 1412 915 civium
1440 881 1588 916 salutem
1607 893 1729 927 procu-

114 947 296 988 rantibus;
320 946 533 982 Possevinus
561 957 638 980 cum
665 944 808 990 reliquis
835 943 957 983 Sociis,
983 943 1003 977 J
1009 954 1121 977 oanne
1144 942 1326 988 Ardolpho
1350 945 1384 976 et
1411 942 1558 977 Nicolao
1581 943 1729 978 Milonio

115 1009 158 1044 ad
174 1020 319 1055 parvam
338 1008 501 1048 insulam,
524 1007 732 1054 sylvestrem
751 1006 847 1040 illam
863 1015 1105 1050 saxosamque,
1129 1004 1237 1039 Sociis
1261 1015 1371 1049 nuper
1390 1004 1593 1040 attributam
1612 1007 1727 1052 hospi-

113 1071 218 1112 tibus,
253 1082 290 1105 se
317 1070 473 1105 contulit.
499 1070 565 1104 Hic
588 1069 664 1103 loco
694 1068 848 1108 horrido,
870 1067 905 1101 in
936 1067 1076 1112 tugurio
1109 1070 1269 1111 augusto,
1300 1067 1439 1101 obnoxii
1470 1067 1621 1113 undique
1648 1069 1729 1103 vitae

114 1132 275 1179 periculis
295 1132 399 1174 Socii,
422 1132 713 1166 anachoretarum
744 1130 825 1170 ritu,
847 1129 1109 1164 formidolosum
1128 1128 1336 1174 pestilentiae
1362 1132 1499 1175 tempus
1526 1129 1561 1163 in
1585 1129 1729 1165 medita-

114 1193 208 1229 tione
231 1194 352 1228 mortis
371 1198 405 1229 et
423 1194 515 1228 omni
533 1194 615 1228 vitae
642 1193 831 1238 asperitate
855 1194 1058 1237 exegerunt.
1082 1191 1214 1236 Magna
1242 1190 1290 1224 ibi
1312 1189 1443 1224 circum
1467 1190 1630 1231 solitudo,
1653 1203 1729 1237 per-

116 1256 216 1302 pauci
234 1255 404 1296 rusticuli‚
430 1255 521 1301 iique
540 1255 610 1290 suis
638 1258 803 1301 perpetuo
832 1254 955 1288 intenti
984 1252 1170 1299 operibus;
1192 1251 1227 1286 in
1246 1252 1341 1298 agris
1369 1251 1500 1287 scilicet
1518 1252 1643 1287 insulae
1660 1265 1730 1288 non

113 1319 239 1365 oppido
259 1318 408 1365 siliginis
422 1319 528 1353 etiam
546 1318 732 1357 feracibus,
750 1317 815 1363 ipsi
832 1317 1003 1350 duntaxat
1023 1326 1085 1362 per
1099 1314 1207 1348 otium
1221 1313 1476 1347 conveniebant
1490 1314 1617 1354 vocati,
1635 1314 1729 1349 rudi-

113 1380 308 1426 mentisque
326 1380 521 1426 disciplinae
537 1380 738 1414 christianae
752 1379 1036 1414 instituebantur.
1061 1375 1215 1412 Subinde
1242 1374 1510 1415 Stokholmiam,
1530 1375 1613 1409 dum
1636 1376 1731 1412 abes-

115 1446 168 1477 set
193 1442 287 1484 aula,
305 1446 338 1477 et
365 1442 574 1488 magistratu
598 1445 744 1476 vacante
759 1441 941 1488 pauciores
960 1442 1089 1478 essent,
1108 1437 1166 1483 qui
1185 1437 1424 1476 observarent,
1447 1436 1609 1472 visebant
1623 1437 1727 1478 Socii,

113 1506 309 1553 populoque
337 1506 517 1541 catholicae
553 1505 735 1551 religionis
767 1504 942 1549 dogmata,
972 1514 1014 1537 ex
1045 1501 1254 1536 catechismo
1282 1500 1429 1535 maxime
1460 1501 1556 1535 Petri
1585 1500 1728 1541 Canisii,

112 1579 211 1603 verso
239 1568 275 1602 in
293 1568 463 1603 sueticum
478 1579 520 1603 ex
544 1567 667 1606 latino,
698 1566 949 1612 proponebant.
972 1563 1161 1598 Laurentio
1182 1562 1363 1608 Novergo‚
1381 1562 1554 1597 laboranti
1577 1562 1612 1596 in
1631 1563 1727 1603 urbe,

114 1641 214 1664 suum
246 1641 363 1676 operae
386 1630 535 1676 pretium
566 1641 636 1664 non
663 1627 916 1674 respondebam
940 1625 1003 1660 sub
1036 1625 1119 1671 ipsis
1139 1624 1243 1659 etiam
1275 1623 1485 1670 pestilentiae
1512 1624 1626 1670 plagis
1646 1625 1728 1664 otio,

111 1692 204 1732 vino,
225 1692 434 1738 luxuriaque
452 1692 591 1727 civitate
611 1691 787 1725 diffluente
809 1702 815 1724 :
840 1687 1078 1734 praeeuntibus
1110 1686 1259 1720 maxime
1275 1686 1345 1720 suis
1365 1686 1408 1720 ad
1434 1686 1611 1720 interitum
1631 1686 1730 1720 mini-

112 1753 192 1788 stris
210 1753 424 1789 luteranicis.
436 1754 491 1788 Ad
510 1757 700 1788 extremum
716 1751 940 1790 Possevinus,
954 1749 1035 1794 quia
1053 1747 1140 1782 nihil
1155 1747 1309 1782 melioris
1323 1747 1493 1792 reliquum
1513 1747 1587 1793 spei
1599 1748 1731 1783 videret

111 1814 205 1860 (rege
235 1815 277 1849 de
302 1826 365 1849 sua
391 1815 583 1861 pertinacia
610 1825 829 1860 nequaquam
859 1810 1067 1855 remittente)
1097 1809 1244 1855 placide,
1277 1812 1380 1854 atque
1415 1808 1464 1842 ita
1493 1813 1530 1843 ut
1556 1812 1730 1854 patentem

110 1876 314 1911 commercio
338 1877 429 1911 viam
453 1877 678 1922 relinqueret,
696 1888 771 1910 cum
794 1875 887 1909 bona
907 1872 1022 1918 gratia
1050 1870 1232 1911 dimissus3
1263 1870 1507 1904 comitantibus
1540 1871 1727 1906 Laurentio

110 1938 275 1984 Norvego
291 1942 324 1973 et
340 1938 511 1973 Guiliemo
528 1938 638 1979 Good,
653 1938 813 1973 Sueciam
828 1935 944 1970 valere
961 1933 1081 1979 jubet;
1105 1933 1195 1967 datis
1215 1932 1301 1967 velis
1320 1934 1342 1967 4
1361 1932 1439 1966 idus
1454 1932 1595 1967 sextiles
1619 1932 1722 1968 1580.

158 1999 251 2034 Irriti
270 2000 324 2034 sui
343 2004 488 2034 conatus
508 2011 576 2034 non
595 1999 718 2034 eadem
737 1999 801 2033 fuit
820 1997 974 2032 omnium
992 1995 1163 2030 sententia
1178 1994 1406 2039 interpretum
1430 2007 1435 2028 :
1458 1994 1494 2028 hi
1512 1997 1605 2029 metu
1620 1995 1719 2029 amit-

108 2060 204 2095 tendi
216 2073 278 2107 per
292 2062 398 2103 cives,
416 2062 571 2097 Luthero
599 2061 760 2096 addictos
783 2061 819 2107 (2)
838 2070 959 2105 regem
973 2057 1127 2093 salutare
1151 2056 1318 2101 abjecisse
1333 2055 1529 2097 consilium,
1551 2057 1727 2091 existima-

109 2121 189 2157 bant
207 2135 213 2157 :
232 2123 301 2158 illis
327 2123 415 2158 nihil
434 2124 548 2158 adhuc
568 2136 608 2157 ex
623 2124 740 2158 animo
765 2122 881 2167 egisse
902 2120 995 2153 visus
1019 2131 1024 2152 :
1044 2117 1261 2152 ludificatum
1280 2128 1358 2152 esse
1377 2118 1547 2152 duntaxat
1565 2117 1654 2152 lucri
1673 2119 1725 2152 sui

109 2194 214 2218 causa
231 2196 238 2218 :
264 2199 279 2213 ιι
300 2185 357 2230 qui
376 2189 534 2231 speraret
560 2185 722 2219 videlicet
741 2196 782 2219 ea
804 2183 860 2217 via
884 2183 1127 2227 recuperatum
1146 2179 1187 2212 iri
1204 2178 1343 2213 haerens
1363 2179 1452 2224 apud
1471 2179 1726 2225 Neapolitanos

115 2258 130 2273 κ
153 2256 288 2286 aurum,
308 2247 505 2282 interventu
525 2247 674 2281 maxime
702 2244 849 2281 Romani
880 2241 1060 2278 Pontificis
1085 2244 1119 2275 et
1144 2240 1238 2286 regis
1258 2241 1420 2275 catholici
1439 2253 1444 2275 :
1464 2241 1633 2287 potiorem
1662 2242 1725 2276 sibi

112 2322 126 2336 a
149 2319 223 2344 esse
238 2310 422 2345 amicitiam
441 2311 543 2349 Dani,
557 2309 719 2349 Saxonis,
736 2313 770 2343 et
783 2308 907 2343 civiuni
927 2316 1080 2345 suorum,
1095 2302 1218 2348 quibus
1233 2313 1334 2336 suum
1352 2314 1532 2337 commune
1551 2304 1725 2338 haereseos

112 2384 126 2398 α
149 2371 300 2405 studium
327 2373 549 2418 approbaret,
571 2384 673 2417 quam
701 2370 881 2416 religionis
918 2368 1064 2402 sincera}
1090 2366 1280 2406 ratione1n;
1308 2370 1493 2412 propterea
1519 2367 1723 2403 beneficium

111 2443 126 2457 α
149 2429 237 2475 legis
257 2443 334 2467 eum
353 2433 421 2468 illis
440 2434 476 2468 in
495 2434 598 2467 rebus
618 2432 809 2478 flagitasse,
834 2432 868 2465 in
887 2430 1010 2475 quibus
1038 2427 1122 2462 illud
1142 2428 1246 2462 sciret
1271 2439 1293 2462 a
1316 2428 1485 2463 Pontifice
1507 2431 1719 2475 negandum.

154 2504 200 2543 (1)
217 2507 276 2535 Vid.
293 2516 320 2535 n.
342 2508 388 2536 33⁴
408 2525 437 2528 ἡ
460 2509 497 2545 (P.)
513 2508 622 2539 Causae.
637 2516 685 2536 cui·
699 2506 807 2536 Suceiae
826 2515 873 2534 rex
893 2505 1123 2542 tui-givcrsarctur
1138 2504 1163 2530 in
1181 2504 1298 2531 consilio
1316 2498 1460 2541 religionis
1473 2505 1626 2533 catholicin.

1759 385 1820 412 1579

1812 616 1852 640 41,

1758 655 1900 681 Brunsber-

1757 703 1795 726 ga>
1822 695 1899 721 semi-

1758 734 1859 760 narium

1758 779 1870 819 Rontifi-

1758 822 1834 840 cium.

1813 946 1851 971 42².

1755 987 1871 1014 possevi-

1755 1034 1804 1051 nus
1823 1027 1900 1053 relin-

1756 1067 1814 1099 quit
1842 1067 1901 1093 Suo-

1756 1105 1831 1131 ciam.

1757 1150 1825 1176 Socii
1847 1151 1873 1177 in

1756 1189 1896 1216 diversorio

1756 1238 1802 1262 per
1822 1238 1889 1256 com-

1758 1269 1841 1295 modo.

1756 1315 1841 1342 Labor
1860 1325 1900 1344 eo-

1756 1360 1822 1379 rum.
