2184 2953
639 304 744 332 Llssssn
766 303 953 332 SECUNDUS
976 303 1184 339 (wil—1580).
1728 299 1767 329 53

151 410 166 425 a
184 399 280 430 ratus
294 394 469 440 princeps,
492 404 643 439 suosque
666 393 812 428 subinde
843 393 975 427 aulicos
1003 393 1192 431 contuitus,
1221 403 1282 437 per
1303 392 1421 438 jocum
1443 392 1588 437 quaerit:
1623 409 1638 423 „
1673 395 1766 426 esset

149 469 268 492 eorum
287 456 426 502 aliquis,
447 456 506 501 qui
522 455 599 490 fieri
614 455 719 489 vellet
733 456 865 501 pariter
878 454 1032 501 jesuita?
1054 454 1189 500 Duplex
1198 453 1428 488 Varsevickio
1443 453 1536 499 apud
1546 465 1666 499 regem
1675 458 1766 488 trac-

148 519 292 553 tandum
311 521 386 552 erat
410 517 588 562 negotium
607 530 613 551 :
637 517 785 551 alterum
808 516 960 562 partium
986 516 1083 561 regis
1101 516 1288 561 hispanici,
1315 515 1357 549 de
1377 527 1444 561 quo
1464 515 1550 549 nihil
1572 516 1606 548 111
1638 516 1767 550 nostris

149 579 420 626 provincialibus
438 579 671 613 monumentis
689 592 696 619 ;
713 579 861 613 alterum
876 578 1059 623 religionis
1086 577 1281 612 catholicin.
1310 577 1425 622 Atque
1452 576 1495 611 de
1523 577 1589 611 hoc
1611 577 1764 622 quidem,

149 640 330 676 conciliata
348 640 512 686 principis
531 640 785 680 benevolentia,
807 643 949 674 narrat:
976 654 991 668 ιι
1022 651 1059 674 56
1087 651 1108 673 a
1131 640 1293 674 Romano
1319 639 1490 673 Pontifice
1522 639 1680 679 missum,
1711 640 1767 674 cui

152 717 167 731 a
186 713 282 748 spem
297 701 478 746 religionis
497 702 532 735 in
548 702 708 737 Sueciam
725 702 935 747 recipiendae
950 701 1117 741 facerent,
1135 701 1318 735 celebrata
1332 700 1537 735 clarissimis
1564 701 1761 746 praeconiis,

154 779 168 793 ιι
186 763 359 809 sapientia
378 762 496 808 magni
516 764 625 809 regis,
646 768 680 798 et
694 764 857 798 voluntas
877 763 918 797 ad
938 763 1070 797 bonum
1090 774 1284 809 propensa:
1306 762 1472 796 nimirum
1492 762 1611 798 videre
1637 762 1766 808 princi-

154 841 169 855 α
187 837 278 872 pem,
301 830 470 871 quantum
483 830 517 860 et
535 837 609 860 suae
627 826 824 872 dignitatis,
847 830 882 860 et
896 826 1065 860 commodi
1092 825 1237 871 publici,
1264 830 1298 860 et
1326 826 1550 871 sempiternae
1576 825 1700 859 salutis
1725 837 1767 860 ea

155 903 170 917 κ
189 888 223 922 111
242 899 279 922 re
296 888 340 922 sit
358 888 508 933 positum
527 900 534 929 ;
556 888 660 934 idque
680 888 745 922 sibi
765 888 831 922 Dei
856 887 1076 933 benignitate
1107 887 1225 922 offerri
1259 898 1330 921 non
1361 887 1519 927 obscure,
1546 888 1621 933 jam
1652 898 1767 921 rerum

156 965 170 979 a
189 950 421 996 prosperitate
441 950 634 989 invitantis,
651 950 724 995 jam
744 949 964 984 admonentis
987 950 1147 984 adversis
1164 962 1169 984 z
1189 950 1244 983 cui
1264 950 1294 983 si
1312 961 1445 984 morem
1456 949 1620 995 gesserit,
1642 960 1767 983 consu-

156 1027 170 1040 «
189 1012 294 1047 luerit
312 1012 489 1046 enimvero
508 1023 579 1045 non
594 1011 660 1044 sibi
677 1016 825 1051 tantum,
849 1011 910 1046 sed
928 1016 979 1046 tot
1007 1011 1079 1045 suis
1112 1012 1219 1046 etiam
1243 1011 1378 1045 civibus
1405 1016 1438 1046 et
1466 1011 1664 1056 posteritati
1694 1011 1769 1045 uni-

156 1089 170 1103 s<
189 1084 312 1107 versae.
335 1073 427 1107 Nam
443 1084 546 1118 quam
563 1072 606 1107 ob
625 1084 699 1107 rem
718 1073 858 1118 sapiens
878 1085 947 1108 non
965 1073 1131 1119 probaret
1154 1073 1363 1118 religionem
1391 1073 1598 1107 catholicam
1609 1073 1622 1107 ’.Ζ
1655 1076 1770 1107 utrum

157 1151 170 1164 α
189 1135 255 1170 sibi
271 1135 415 1181 pronius
435 1134 477 1168 ad
496 1134 621 1169 fidem:
644 1135 738 1180 quod
752 1135 887 1169 homuli
906 1135 964 1169 isti
992 1134 1161 1181 perfugae,
1192 1135 1386 1181 proletarii,
1418 1147 1480 1181 per
1509 1135 1625 1169 studia
1654 1147 1771 1170 rerum

158 1213 173 1227 a
190 1208 358 1231 novarum
375 1196 490 1230 laudis
509 1196 648 1230 misera)
667 1201 700 1231 et
719 1197 773 1231 sui
791 1196 909 1232 lucelli
926 1209 1093 1243 aucupes,
1115 1198 1257 1232 structis
1289 1198 1379 1232 clam
1408 1198 1499 1232 inter
1530 1209 1567 1232 se
1599 1197 1768 1236 consiliis,

157 1273 171 1287 α
189 1258 265 1293 heri
284 1257 374 1292 inter
393 1260 574 1297 senatum,
589 1257 821 1292 sermunculis
852 1258 1060 1304 scriptisque
1084 1258 1210 1293 callide
1243 1258 1483 1304 dissiparunt3
1516 1270 1557 1292 an
1586 1258 1679 1304 quod
1710 1270 1772 1304 per

158 1335 173 1349 u
195 1319 384 1366 Apostolos
404 1323 438 1353 et
452 1319 622 1354 Ecclesiae
640 1319 810 1353 Doctores
829 1323 863 1354 et
881 1324 931 1354 tot
946 1320 1103 1355 Concilia
1123 1321 1269 1355 Patrum
1287 1322 1467 1361 traditum,
1490 1322 1525 1355 in
1544 1321 1636 1355 hunc
1664 1332 1772 1366 usquc

158 1397 173 1411 κ
192 1382 282 1417 diem
293 1384 492 1416 constanter
514 1381 717 1426 profiteatur
730 1385 848 1416 tantus
860 1393 921 1427 per
937 1382 1056 1417 orbem
1070 1386 1243 1418 terrarum
1259 1388 1368 1418 coetus
1387 1383 1542 1417 fidelium
1556 1384 1566 1418 ,ἰ
1586 1400 1601 1413 n
1616 1383 1668 1417 Ea
1683 1383 1725 1417 de
1735 1394 1772 1418 rc

157 1444 273 1490 plures
293 1444 373 1478 inde
388 1443 462 1478 dies
480 1443 576 1477 horis
599 1443 722 1483 ternis,
753 1444 926 1478 interdum
954 1445 1145 1490 quaternis,
1180 1445 1322 1480 semotis
1353 1446 1508 1486 arbitris,
1543 1445 1769 1491 disputatum,

157 1518 238 1552 rege
259 1507 397 1542 interim
416 1506 557 1551 ingenio
576 1505 654 1551 plus
674 1517 735 1540 suo
755 1517 858 1551 quam
877 1507 1014 1540 veritati
1034 1507 1223 1552 propositae
1242 1508 1459 1553 indulgente.
1478 1508 1577 1546 Quod
1591 1508 1716 1542 attinet
1728 1507 1774 1542 ad

156 1581 350 1615 supremam
371 1569 406 1602 in
427 1568 586 1602 Ecclesia
600 1572 821 1613 potestatem,
836 1580 904 1602 non
919 1568 977 1603 ille
996 1569 1135 1614 quidem
1155 1570 1294 1604 omnino
1314 1570 1449 1604 inficias
1470 1570 1554 1611 ibat,
1574 1570 1772 1605 Romanum

157 1631 361 1666 Pontificem
392 1642 470 1666 esse
502 1630 630 1665 Christi
662 1630 697 1664 in
728 1630 831 1665 terris
862 1630 1044 1671 vicarium,
1078 1643 1319 1677 summumque
1350 1632 1552 1667 christianae
1581 1633 1772 1678 principem

159 1693 346 1733 Ecclesiae;
375 1692 443 1727 sed
464 1692 673 1726 arctioribus
702 1696 819 1726 tamen
848 1693 1013 1726 censebat
1039 1693 1166 1727 finibus
1186 1698 1393 1739 potestatem
1416 1705 1515 1728 suam
1535 1694 1771 1728 circumscribi

156 1760 328 1801 oportere.
354 1770 369 1783 α
389 1755 598 1790 Auctoritati
618 1758 815 1788 sanctorum
836 1754 1004 1789 Ecclesiae
1024 1755 1167 1789 Patrum
1185 1767 1266 1790 suas
1286 1760 1321 1790 et
1339 1756 1413 1801 ipse
1432 1756 1608 1791 tribuebat
1638 1760 1769 1801 partes,

161 1832 175 1846 -ι
193 1818 391 1852 affirmans:
409 1818 524 1852 facere
543 1828 622 1852 eum
654 1816 912 1862 indignissime,
944 1817 1001 1861 qui
1029 1828 1097 1850 11011
1121 1829 1241 1851 omnes
1268 1818 1420 1863 cujusvis
1452 1822 1556 1853 seotae
1584 1819 1772 1863 magistros

162 1894 176 1907 κ
195 1878 369 1925 ducesque
387 1879 456 1913 illis
474 1879 696 1924 posthabeat.
732 1896 746 1909 „
778 1878 868 1916 Quin
902 1878 1068 1923 reliquias
1096 1879 1200 1913 etiam
1229 1880 1431 1913 Sanctorum
1462 1879 1595 1914 honoro
1623 1885 1656 1914 et
1680 1880 1771 1914 cultu

157 1941 273 1987 aliquo
305 1940 500 1986 dignandas
540 1952 609 1974 non
641 1940 808 1985 negabat.
844 1940 1002 1985 Denique
1032 1940 1203 1975 affirmate
1236 1941 1458 1986 pronuntiat:
1497 1956 1512 1969 α
1543 1941 1704 1976 daturum
1736 1954 1774 1975 se

161 2018 175 2032 ιι
193 2002 331 2048 quidem
347 2014 502 2047 operam,
526 2002 576 2035 uti
594 2002 682 2035 ritus
702 2001 838 2047 pristini
859 2013 901 2035 ex
930 2001 1124 2041 commodo,
1156 2006 1190 2037 et
1217 2003 1317 2047 quasi
1344 2014 1405 2047 per
1429 2003 1658 2042 occasionem,
1690 2003 1775 2037 leni-

160 2079 175 2092 α
192 2068 320 2110 terque,
340 2075 384 2098 ne
411 2063 628 2097 contumacia
650 2062 790 2101 sentiat,
822 2068 1047 2103 revocentur,
1076 2063 1164 2097 scire
1195 2067 1312 2098 tamen
1343 2068 1451 2104 certo,
1473 2064 1708 2109 profecturum
1735 2076 1773 2099 sc

162 2141 176 2154 α
194 2126 282 2160 nihil
299 2129 371 2160 tam
388 2125 459 2165 diu,
481 2125 596 2171 quoad
615 2124 777 2159 Pontifex
792 2124 935 2170 synaxis
951 2124 1015 2158 sub
1031 2128 1176 2170 utraque
1190 2125 1305 2170 specie
1324 2137 1425 2159 usum
1443 2125 1584 2171 populo,
1606 2132 1640 2160 et
1659 2138 1773 2161 sacer-

161 2204 176 2218 ‹⁶
198 2189 336 2224 dotibus
355 2189 508 2235 conjugii
524 2189 661 2222 veniam
677 2188 872 2233 negaverit.
900 2205 915 2217 „
939 2188 1125 2233 Responso
1141 2189 1206 2222 isto
1226 2189 1374 2234 praecisa
1397 2200 1470 2234 spe,
1488 2189 1771 2230 Varszevickius,

159 2255 196 2286 ut
214 2263 256 2285 ne
273 2251 437 2285 diuturna
456 2250 680 2285 commoratio
700 2261 764 2283 sua
784 2249 959 2291 ingratum
975 2260 1010 2283 56
1027 2249 1101 2294 regi
1125 2254 1159 2284 et
1182 2250 1279 2295 genti
1303 2254 1501 2295 suspectum
1524 2251 1658 2291 reddat,
1682 2252 1774 2297 regi-

160 2324 239 2346 nam
255 2312 475 2358 reliquosque
494 2311 684 2346 catholicos
704 2311 852 2351 solatus,
875 2311 918 2344 ad
946 2311 1125 2355 navigium
1157 2322 1194 2345 se
1220 2311 1339 2352 refert,
1369 2324 1445 2346 cum
1467 2312 1599 2357 insigni
1630 2324 1773 2347 munere

161 2374 270 2408 Sociis
288 2373 515 2408 Vilnensibus
535 2372 713 2408 offerendo
730 2385 737 2406 2
759 2372 917 2417 reliquiis
937 2372 1145 2406 Sanctorum
1167 2384 1185 2407 6
1202 2373 1332 2419 templo
1358 2373 1449 2407 divae
1463 2374 1628 2419 Birgittae
1647 2373 1772 2409 Vaste-

161 2435 271 2475 nensi,
293 2447 314 2469 a
334 2436 512 2470 sacerdote
530 2435 664 2480 regina>
682 2434 847 2479 theologo
867 2434 980 2468 aulico
1000 2434 1138 2469 oblatis.
1160 2434 1246 2475 Deo,
1269 2435 1559 2480 quemadmodum
1582 2436 1631 2470 ait
1655 2440 1775 2470 noster

162 2497 365 2539 Sacchinus,
387 2496 620 2532 transferente
634 2497 825 2530 amicorum
844 2508 985 2530 suorum
1005 2508 1085 2529 ossa
1099 2496 1133 2530 in
1154 2508 1195 2530 ea
1209 2496 1298 2536 loca,
1320 2497 1378 2531 ubi
1399 2497 1434 2531 in
1454 2498 1597 2536 honore,
1616 2498 1687 2532 suis
1702 2508 1772 2531 me-

1796 397 1857 422 1574

1793 527 1937 561 Negotium

1794 570 1941 603 legationis.

1796 849 1875 882 Regis
1887 850 1943 875 ani-

1796 897 1852 914 mus
1866 889 1893 914 in
1905 897 1941 914 rc-

1796 930 1920 963 ligionem

1796 969 1904 995 catholi-

1797 1017 1852 1034 cam
1882 1017 1937 1042 pro—

1798 1057 1902 1083 pensus.

1801 2210 1927 2242 Reliquiae

1801 2252 1844 2278 SS.
1856 2260 1868 2277 C
1882 2251 1943 2276 suc*

1799 2291 1943 2316 ciaVilnam

1799 2328 1896 2354 allatae.
