2184 2953
643 280 748 308 LIBER
772 280 907 309 SEXTUS
930 280 1137 316 (1610-1620).
1659 285 1718 316 255

107 374 240 412 natum,
276 372 466 418 propositis
492 373 653 408 remediis
673 374 882 408 salutaribus
905 387 912 415 ;
941 385 1036 420 aeger
1070 373 1250 408 fastidiose
1277 374 1389 420 rejicit
1415 376 1598 418 medicum,
1615 377 1717 413 fasti-
1745 387 1807 412 1619

109 432 237 467 diosius
266 433 484 469 medicinam.
519 435 697 480 Repulsus
728 435 876 470 monitor
906 435 995 470 redit
1013 434 1192 481 postridie,
1214 439 1331 470 monet
1355 436 1459 471 etiam
1481 441 1586 484 atque
1612 439 1717 473 etiam

107 495 337 542 pervicacem,
361 496 465 530 saluti
485 508 557 530 suae
572 501 608 530 ut
627 497 801 538 consulat;
820 501 1039 543 respuentem
1053 497 1200 531 consilia
1219 502 1253 531 et
1271 497 1400 532 monita
1414 499 1535 533 revisit
1552 501 1713 541 tertium3

107 557 273 602 quidquid
293 558 451 603 pereunti
466 558 632 603 prodesse
646 563 795 604 poterat,
813 559 933 593 dolens
948 559 1186 604 miseransque
1205 558 1411 593 medicinam
1425 560 1531 594 animi
1548 573 1658 607 aegro,
1675 573 1715 597 ac

106 630 194 664 pene
203 619 278 664 jam
294 619 514 659 moribundo,
532 619 632 654 dictis
648 631 749 665 quam
764 620 977 655 suavissimis
991 621 1164 666 propinat.
1183 620 1255 659 Ille.
1272 625 1309 655 ut
1323 633 1464 656 aversus
1480 622 1525 656 ad
1539 628 1714 670 contemp-

106 684 178 715 tum
193 681 383 716 sacerdotis
396 681 550 727 jacebat,
569 685 699 716 retorto
727 682 836 723 vultu,
858 682 966 716 oculis
993 683 1135 717 Patrem
1154 683 1299 718 intuitus
1315 684 1506 718 minacibus
1531 697 1537 718 :
1560 685 1642 730 quin
1662 690 1712 727 tu,

106 742 228 788 inquit,
251 743 295 777 ad
315 754 437 777 corvos
457 742 532 777 abis
557 755 632 777 cum
651 747 723 784 tua,
745 755 847 789 quam
874 744 1014 783 suades,
1036 744 1264 786 confessione,
1293 746 1455 792 bipedum
1478 747 1687 792 nequissime
1706 760 1713 787 ;

107 815 176 838 non
195 804 420 845 committam,
443 808 479 838 ut
506 804 609 839 hodie
637 809 673 838 tu
701 805 742 839 de
770 817 824 839 ine
850 805 941 851 apud
961 805 1098 840 sodales
1124 809 1202 841 tuos
1227 807 1430 853 triumphes.
1455 808 1625 853 Suprema
1642 809 1719 845 haec

106 865 264 900 scelerati
282 878 348 901 vox
370 867 509 912 juvenis
528 866 591 900 fuit
613 879 619 900 z
644 878 723 900 mox
749 866 953 901 ardentibus
972 867 1092 908 oculis,
1115 868 1310 903 truculento
1332 869 1442 910 vultu,
1466 881 1622 916 spumam
1646 883 1718 917 prae

105 927 157 962 ira
183 928 355 974 bilemque
383 928 564 968 mandens,
602 928 753 962 animani
786 928 949 962 evomuit.

155 990 219 1023 His
251 988 353 1028 adde,
375 989 466 1028 licet,
489 988 664 1034 flagitium
686 989 840 1023 mulieris
860 994 894 1024 et
912 990 1117 1035 supplicium
1141 1003 1146 1025 ;
1169 991 1289 1037 excipe
1307 995 1423 1026 tamen
1442 997 1600 1033 mortem,
1622 1005 1714 1029 eam·
1743 975 1872 1044 Vargjviae

106 1062 170 1096 que
188 1050 375 1085 violentam
402 1062 443 1084 ac
463 1051 722 1095 sanguinariam
738 1064 744 1091 ;
767 1052 827 1085 sod
846 1051 1035 1086 feliciorem
1059 1052 1165 1086 multo
1181 1064 1266 1094 eam,
1286 1065 1387 1099 quam
1406 1054 1498 1089 illius
1517 1055 1712 1091 Vendensis
1742 1054 1875 1117 ᾓῇ-ξέξῑξξῖω

104 1112 189 1146 asoti
204 1112 320 1146 fuerit.
336 1112 528 1158 Pepererat
543 1112 687 1157 innupta
698 1111 731 1146 in
748 1124 830 1158 agro
847 1113 1025 1148 Varsaviae
1041 1114 1250 1154 suburbano,
1268 1126 1334 1160 quo
1350 1127 1399 1155 se,
1416 1116 1559 1161 periculi
1575 1119 1713 1153 conscia
1741 1101 1868 1160 poenitiaii-

102 1174 260 1219 proximi,
283 1174 371 1208 clam
391 1175 609 1215 contulerat;
632 1175 700 1214 hic,
723 1180 815 1209 metu
836 1176 1005 1221 prodendi
1024 1177 1162 1222 fiagitii,
1184 1179 1303 1212 foetum
1321 1179 1444 1214 salices
1459 1180 1549 1215 inter
1572 1193 1711 1228 vepres·
1740 1169 1783 1196 tia.

103 1246 168 1281 que
182 1236 351 1277 destituit,
369 1236 470 1270 morti
503 1236 603 1271 facile
627 1236 814 1270 obnoxium
834 1249 840 1270 2
859 1237 975 1283 itaque
1003 1238 1067 1272 sibi
1083 1239 1327 1285 defunctajam
1343 1241 1495 1286 periculo
1514 1242 1707 1285 videbatur,

103 1297 348 1343 gaudebatque
364 1298 398 1331 in
418 1298 494 1331 sinu
516 1309 657 1332 reversa
676 1299 828 1332 domum.
851 1299 897 1332 At
915 1311 1085 1345 nusquam
1104 1306 1188 1335 tutae
1216 1302 1338 1337 sceleri
1358 1306 1438 1336 sunt
1458 1302 1600 1339 latebrae
1620 1318 1626 1339 ;
1649 1317 1713 1341 nec

102 1358 218 1404 ignem
237 1359 366 1399 tunica,
389 1358 481 1404 quod
497 1359 706 1393 Plutarchus
726 1359 829 1393 etiam
849 1365 977 1401 monet,
1000 1372 1063 1395 nec
1081 1366 1181 1408 turpe
1200 1363 1363 1398 delictum
1382 1368 1537 1411 tempore
1557 1367 1714 1403 occulta-

102 1420 205 1454 veris.
229 1420 314 1454 Cum
333 1420 535 1466 imprudens
554 1420 697 1454 foemina
717 1432 786 1454 rem
828 1433 923 1455 suam
944 1422 977 1455 in
1010 1426 1083 1456 tuto
1110 1424 1154 1469 (in
1185 1424 1254 1459 illis
1286 1425 1417 1461 scilicet
1446 1427 1619 1474 vepribus)
1638 1440 1713 1464 esse

102 1487 212 1529 putat,
235 1494 313 1518 ecce
328 1483 390 1518 tibi
410 1495 519 1529 vagus
536 1484 633 1518 mirae
648 1484 901 1529 magnitudinis
920 1486 1017 1520 canis
1034 1486 1120 1520 rictu
1135 1486 1344 1522 infantulum
1363 1500 1406 1522 ex
1425 1500 1508 1535 agro
1527 1490 1562 1524 in
1578 1491 1710 1533 urbem,
1742 1517 1881 1543 Peccatum

102 1549 263 1590 rectaque
283 1544 420 1579 domum
436 1545 539 1579 affert
555 1546 599 1579 ad
619 1557 840 1591 puerperam,
862 1547 1034 1581 sarcinam
1048 1547 1194 1582 illaesam
1209 1549 1351 1594 deponit
1364 1554 1445 1584 ante
1459 1552 1579 1586 matris
1594 1553 1712 1597 pedes,
1743 1556 1807 1621 griso
1833 1564 1888 1589 1¹10·

1763 1598 1830 1621 itum

103 1606 300 1641 domesticis
315 1607 442 1641 circum
458 1607 711 1653 spectantibus.
731 1607 855 1641 Mirari
872 1620 991 1643 omnes
1004 1621 1010 1642 :
1022 1609 1109 1654 ipsa,
1128 1610 1251 1655 fiagitii
1266 1612 1417 1652 conscia,
1429 1613 1553 1648 mulier
1567 1614 1711 1659 pallere,
1744 1634 1826 1659 modo.

104 1672 137 1703 et
155 1681 192 1703 se
217 1681 386 1715 suumque
406 1669 535 1703 crimen
555 1668 714 1714 prodere.
742 1669 868 1703 Vincta
887 1674 948 1710 est,
968 1670 1171 1717 addictaque
1191 1673 1390 1718 suspendio.
1414 1675 1652 1721 Praeparanda
1671 1678 1715 1711 ad

104 1731 308 1777 supplicium
340 1742 432 1764 curae
463 1731 643 1765 Sociorum
671 1731 944 1766 commendatur.
976 1732 1144 1779 Respexit
1175 1734 1337 1769 miseram
1368 1736 1564 1771 misericors
1591 1738 1713 1773 Deus:

103 1791 151 1826 ita
176 1792 251 1826 haec
283 1792 491 1826 sententiam
519 1792 653 1831 mortis,
684 1792 733 1826 ita
760 1796 905 1826 mortem
939 1794 1073 1840 excepit
1111 1795 1266 1837 foemina,
1302 1800 1339 1831 ut
1369 1809 1442 1832 suae
1470 1798 1579 1832 tristis
1604 1810 1717 1834 scenae

103 1857 313 1898 spectatores
344 1853 379 1887 in
408 1852 676 1888 admirationem
710 1865 873 1899 magnam
913 1855 1120 1890 traduxerit.
1163 1857 1242 1902 Ipsa
1286 1870 1385 1892 suum
1425 1859 1561 1904 publice
1596 1860 1717 1896 dolens

101 1914 288 1949 damnabat
306 1914 425 1949 scelus
449 1927 454 1948 :
474 1915 546 1960 ipsa
566 1927 638 1949 suae
664 1914 830 1949 laudabat
850 1915 1023 1951 decretum
1058 1918 1164 1952 necis.
1188 1919 1387 1965 Deprecans
1411 1921 1588 1961 mortales,
1611 1933 1715 1956 orans

103 1976 225 2017 Deum,
266 1988 308 2012 ne
335 1981 480 2023 peccata
512 1989 576 2011 sua
608 1977 752 2012 aeteriiis
793 1981 961 2012 mactaret
996 1979 1188 2025 suppliciis,
1227 1982 1351 2016 tortori
1384 1983 1536 2018 cervices
1564 1984 1717 2020 subdidit

104 2050 232 2084 magno
253 2039 382 2073 animo.
1792 2078 1824 2104 43

156 2100 321 2135 Panormi
344 2100 430 2135 XVI
446 2100 616 2135 kalendas
645 2101 820 2147 quintiles,
843 2101 896 2135 vir
917 2101 950 2134 in
971 2100 1092 2146 primis
1112 2101 1154 2136 de
1176 2102 1332 2137 Lituanis
1353 2105 1480 2140 nostris
1498 2106 1585 2142 bene
1613 2110 1715 2144 meri·
1745 2118 1774 2143 P.
1789 2117 1850 2143 Car-

107 2164 176 2202 tus,
198 2162 239 2196 P.
261 2162 281 2196 J
287 2173 418 2196 cannes
434 2162 636 2196 Carminata
655 2163 747 2197 curis
762 2163 1009 2208 laboribusque
1024 2162 1105 2196 vitae
1117 2163 1272 2198 mortalis
1287 2164 1468 2200 defunctus
1482 2172 1546 2202 est.
1566 2169 1632 2204 Hic
1647 2175 1711 2212 est,
1743 2158 1855 2226 Ξὲῗῗᾶῗῃ

106 2233 127 2256 a
145 2234 211 2268 quo
231 2223 365 2257 dimissi
396 2224 500 2258 etiam
521 2236 563 2259 ex
590 2225 764 2259 Societate
784 2225 936 2259 salutare
955 2224 1089 2269 possint
1108 2228 1227 2269 petere
1245 2227 1451 2272 exemplum.
1475 2229 1620 2266 Juvenis
1640 2233 1711 2274 ille,
1784 2222 1798 2233 Β
1860 2221 1865 2227 ’

107 2285 294 2331 mobilique
328 2297 390 2331 per
409 2290 547 2320 aetatem
568 2287 721 2331 ingenio,
754 2298 830 2321 cum
850 2286 940 2319 inter
955 2286 1142 2320 Societatis
1170 2287 1300 2322 tirones
1322 2288 1435 2324 adhuc
1451 2298 1662 2335 versaretur,
1679 2295 1714 2329 in
1745 2288 1849 2314 Dimissi

108 2357 168 2381 suo
185 2348 302 2382 nescio
319 2347 401 2393 quid
420 2352 589 2393 pertaesus
609 2349 690 2383 vitae
707 2349 879 2389 instituto,
909 2348 1059 2381 obtentis
1086 2349 1201 2382 causis
1229 2349 1275 2383 ad
1292 2352 1442 2396 speciem
1465 2353 1578 2397 justis,
1597 2356 1714 2391 dimis-
1741 2327 1885 2393 xilfflllpm

108 2407 237 2442 sionem
267 2409 527 2455 impetraverat.
550 2409 679 2444 Errore
702 2421 780 2444 mox
799 2409 1029 2455 deprehenso,
1051 2410 1136 2444 sacti
1150 2412 1336 2456 poenitens,
1368 2418 1403 2448 ut
1421 2426 1520 2451 suum
1551 2419 1710 2454 restitue·
1740 2405 1811 2432 ‘¹⁰¹⁰'

107 2473 202 2504 retur
215 2470 249 2504 in
265 2470 391 2513 locum,
413 2471 572 2517 precibus
591 2471 663 2516 egit
693 2471 914 2518 supplicibus.
938 2471 1126 2517 Receptus,
1148 2483 1225 2507 eam
1251 2474 1415 2511 continuo
1445 2477 1626 2523 ingressus
1659 2486 1712 2516 est
