2184 2953
245 378 309 407 1656

244 419 328 446 Plecti
333 419 390 445 vult

244 469 260 486 a
271 458 388 490 famulis,

246 499 337 524 eosque

244 535 278 562 ad
290 536 315 561 id
325 543 364 561 co-

245 580 286 613 git
299 577 382 604 donis.

244 619 341 645 Mirum

244 659 353 693 pietatis

244 699 390 725 inventum.

244 737 389 764 Severitate

243 786 298 809 sua,
328 778 354 804 vi

242 817 337 843 aliena.

243 857 339 884 Merita
361 857 389 884 in

242 897 387 925 Ecclesiam

244 1038 356 1067 Condita

243 1081 351 1114 templa,

243 1120 369 1154 collegia,

243 1159 378 1187 Sodalitia.

240 1546 313 1575 Libri
326 1546 356 1573 de

240 1588 318 1615 rebus

239 1629 335 1656 divinis

241 1668 342 1702 scripti.

240 1808 335 1834 Merita
359 1807 386 1834 in

239 1847 353 1881 patrIam
360 1869 364 1874 .

416 280 476 312 380
803 280 1078 313 LITUANICARUM
1100 283 1311 314 SOCIETATIS
1333 285 1417 315 JESU
1440 285 1688 315 HISTORFARUM

417 379 555 422 tergum
573 375 700 423 ipsum,
717 375 827 423 virgis
841 377 1024 420 urendum,
1042 379 1260 425 proderetur.
1284 381 1323 415 In
1338 381 1429 416 hanc
1448 381 1631 417 conclusus
1650 392 1776 428 parvos
1795 381 1899 416 etiam
1921 381 1957 415 in
1977 381 2033 416 via

417 438 605 485 propositae
623 438 689 473 sibi
708 438 789 473 vitae
810 451 956 492 ‚errores
987 441 1194 487 castigabat.
1217 443 1427 490 Exemplum
1452 445 1590 479 virtutis
1618 456 1700 479 sane
1723 444 1900 490 religiosis
1927 445 2031 480 etiam

417 500 615 535 hominibus
633 500 850 536 admirabile.
869 502 899 536 A
918 502 1074 548 profanis
1090 504 1240 550 negotiis
1254 505 1443 541 revocabat
1458 517 1494 541 se
1509 506 1553 541 ad
1571 518 1692 552 preces
1720 509 1753 541 et
1772 517 1835 541 sua
1854 518 1930 541 cum
1957 507 2031 541 Deo

418 564 603 611 colloquia,
630 576 772 611 suaque,
787 565 957 601 dictorum
976 570 1010 601 et
1027 566 1197 602 factorum
1217 569 1630 606 examina..Hortabatur
1648 582 1742 617 saepe
1760 571 1909 606 aulicam
1937 583 2034 606 suam

418 627 582 662 familiam
609 628 653 662 ad
681 628 912 663 reverentiam
944 629 1095 664 numinis
1127 630 1233 665 divini
1253 635 1287 666 et
1321 631 1439 678 legum
1458 633 1729 668 christianarum
1749 633 2032 676 observantiam

417 690 547 725 nemini
569 691 604 725 in
624 703 665 726 ea
682 691 779 726 locus
797 691 861 726 fuit
888 704 957 726 non
977 693 1106 739 optime
1124 697 1272 729 morato.
1302 694 1357 729 Ad
1384 707 1485 730 usum
1504 699 1802 732 sacramentorum
1821 697 2037 743 frequentem

417 753 489 787 suis
507 753 581 800 ipse
596 754 763 800 exemplis
779 754 986 790 domesticos
1006 755 1189 797 invitabat,
1211 755 1333 791 solitus
1353 761 1436 803 quot
1450 758 1679 793 hebdomadis
1708 758 1877 805 festisque
1897 758 2031 801 diebus,

417 815 566 851 maxime
581 816 703 851 Beatae
722 817 894 862 Virginis,
915 818 961 852 ad
976 829 1109 852 sacram
1128 830 1285 854 mensam
1299 819 1489 862 accedere;
1511 825 1729 867 praeparatus
1739 821 1813 867 jam
1833 821 1944 868 pridie
1972 833 2035 868 per

415 877 661 924 homologeses
681 882 715 913 et
727 878 878 925 jejunia.
912 880 1080 915 Sanctam
1107 881 1304 916 Romanam
1329 882 1523 918 Ecclesiam
1544 883 1648 918 coluit
1667 883 1717 918 uti
1741 888 1901 919 matrem.
1936 884 2034 918 Com-

415 940 517 987 plura
534 941 611 976 loca
630 952 731 976 sacra
745 941 869 988 amplis
884 943 1022 977 ornavit
1038 943 1149 978 donis.
1173 943 1322 978 Domum
1336 948 1369 979 et
1387 945 1555 992 templum
1574 946 1711 992 magnis
1731 946 1898 993 impensis
1918 946 2034 982 Socie-

415 1004 480 1038 tati
499 1003 652 1038 condidit
667 1003 799 1045 Pinsci‚
816 1004 1079 1052 liberaliterque
1093 1006 1244 1052 providit
1264 1007 1421 1053 Collegio
1437 1012 1471 1043 et
1486 1008 1614 1044 scholis
1637 1009 1683 1055 (1).

465 1066 583 1113 Olycae
602 1066 762 1101 fundavit
798 1066 1025 1113 Collegiatam
1062 1069 1307 1104 canonicorum
1339 1069 1546 1110 Ecclesiam,
1585 1071 1693 1105 sacris
1729 1071 1841 1117 signis
1877 1070 2037 1117 vasisque

414 1129 593 1174 argenteis
608 1133 642 1164 et
660 1130 777 1164 aureis
798 1129 988 1165 decoravit.
1012 1131 1145 1166 Eodem
1160 1143 1285 1177 corpus
1300 1131 1401 1167 Beati
1416 1132 1622 1179 Augemmi,
1640 1133 1705 1168 sibi
1724 1145 1741 1167 a
1760 1133 1922 1168 Romano
1943 1134 2036 1168 Pon-

412 1191 505 1227 tifice
524 1203 649 1227 munus
669 1192 838 1234 oblatum,
856 1204 986 1239 magna
1006 1193 1208 1229 celebritate
1227 1206 1320 1229 anno
1344 1195 1435 1230 1627
1455 1194 1584 1230 intulit.
1605 1195 1786 1230 Paroecias
1802 1196 2040 1231 Casimiroviae

414 1257 448 1289 et
466 1253 672 1295 Nalibociis,
689 1255 820 1301 templa
838 1255 1062 1296 Rumsisciis‚
1087 1256 1228 1296 Veloni,
1247 1260 1280 1291 et
1298 1256 1383 1291 alibi
1399 1257 1521 1303 opibus
1540 1257 1611 1292 suis
1639 1256 1696 1292 rel
1715 1258 1825 1293 erexit
1844 1258 1899 1293 vel
1925 1258 2034 1293 auxit.

412 1316 467 1351 Ad
487 1317 695 1364 Olycensem
714 1318 938 1363 collegiatam
961 1318 1111 1353 instituit
1130 1319 1375 1361 sodalitatem;
1407 1332 1484 1366 qua]
1512 1324 1595 1365 quot
1627 1320 1734 1355 sextis
1761 1320 1857 1355 feriis
1884 1320 2038 1355 divinum

412 1379 533 1414 altaris
553 1384 809 1415 sacramentum
825 1380 949 1416 ritibus
974 1381 1105 1415 coleret
1126 1381 1327 1427 przecspuis,
1350 1393 1497 1429 quaeque
1514 1382 1639 1416 iisdem
1658 1381 1780 1417 diebus
1800 1382 2038 1418 mendicorum

412 1445 545 1477 turmas
565 1443 610 1478 ad
635 1455 792 1478 mensam
812 1443 993 1490 colligeret
1012 1448 1045 1479 et
1072 1444 1207 1490 stipem.
1231 1445 1312 1479 Non
1333 1444 1433 1480 donis
1453 1449 1587 1480 tantum
1607 1444 1670 1480 sed
1698 1445 1819 1480 officiis
1847 1445 1950 1480 etiam
1975 1458 2037 1492 pu-

413 1504 513 1540 blicis
532 1506 574 1540 de
594 1505 722 1541 Christi
748 1506 910 1542 Ecclesia
928 1507 1017 1542 bene
1036 1507 1162 1542 mereri
1190 1507 1334 1542 studuit.
1370 1507 1581 1542 Defensabat
1604 1507 1789 1554 religiosas
1816 1508 1968 1543 familias
1989 1509 2032 1544 ab

415 1567 600 1602 hrereticis.
622 1568 797 1602 Invitabat
807 1568 853 1602 ad
866 1568 971 1603 fidem
989 1569 1154 1604 tuendam
1170 1573 1204 1604 et
1218 1570 1383 1615 pietatem
1397 1570 1534 1616 scriptis
1550 1570 1655 1605 etiam
1674 1570 1877 1605 catholicos.
1900 1571 2035 1612 Libros,

414 1640 500 1674 quos
515 1641 584 1663 non
601 1629 675 1664 sine
690 1630 867 1676 praecipuo
882 1631 1021 1676 pietatis
1037 1643 1141 1666 sensu
1155 1631 1335 1677 legas‚suo
1351 1631 1441 1665 intcr
1460 1635 1511 1666 tot
1521 1631 1609 1667 alias
1624 1644 1725 1667 curas
1740 1632 1861 1667 labore
1872 1633 2032 1679 scriptos,

415 1690 538 1726 edidit:
558 1691 773 1727 delaudibus
788 1693 951 1739 Deiparae
961 1693 1139 1739 Virginis:
1158 1694 1210 1729 De
1221 1694 1431 1728 cruciatibus
1440 1695 1571 1741 spineae
1582 1694 1710 1729 Christi
1725 1706 1886 1730 coronze:
1905 1695 2034 1741 Elegia

414 1753 594 1788 duodecim
616 1754 781 1788 virtutum
800 1754 874 1789 sine
892 1755 972 1790 labe
991 1759 1168 1802 conceptae
1183 1755 1357 1802 Deiparae.
1377 1756 1547 1794 Quartum
1566 1768 1665 1803 opus,
1688 1768 1804 1792 rerum
1823 1768 1885 1791 suo
1905 1757 2034 1792 saeculo

412 1815 447 1849 in
465 1816 608 1862 Europa
623 1820 810 1862 gestarum,
833 1817 973 1863 reliquit
987 1818 1240 1863 imperfectum.
1258 1819 1359 1853 Anno
1378 1818 1483 1859 1024,
1499 1819 1572 1865 Jam
1597 1818 1827 1854 cancellarius
1842 1819 2031 1860 Lituaniae,

412 1878 596 1913 comitatus
616 1879 751 1924 regium
782 1879 989 1926 principem,
1024 1880 1203 1915 Vladislao
1228 1881 1290 1922 IV,
1321 1880 1495 1927 principes
1528 1881 1640 1916 Itali-ae
1667 1882 1794 1916 visenti
1821 1882 2033 1928 provincias,

412 1941 579 1987 magister
605 1941 668 1976 fuit
697 1954 844 1984 morum,
866 1943 948 1984 dux,
980 1946 1014 1978 et
1044 1943 1265 1989 negotiorum
1296 1947 1507 1978 transactor.
1532 1943 1674 1985 Caunae,
1705 1948 1738 1980 et
1757 1944 1920 1987 fortasse,
1943 1945 2034 1991 quod

415 2004 657 2046 constituerat,
680 2004 811 2045 Pinsci,
829 2005 1023 2048 Tucholiae‚
1046 1998 1150 2052 atque
1169 2006 1247 2041 aliis
1267 2006 1372 2041 etiam
1390 2006 1663 2053 provincialibus
1684 2007 1720 2042 in
1740 2007 1890 2054 oppidis,
1911 2007 2036 2054 quibus

416 2070 492 2101 erat
509 2067 707 2113 praesectus,
724 2066 899 2102 tabularia
913 2068 1054 2114 publica
1072 2068 1231 2104 munivit.
1249 2069 1371 2103 Trium
1391 2068 1550 2103 Poloniee
1568 2081 1705 2116 regum,
1729 2070 1945 2116 Sigismundi
1966 2070 2032 2112 III,

416 2128 587 2163 Vladislai
607 2129 667 2170 IV,
699 2132 733 2164 et
751 2129 771 2164 J
776 2130 900 2164 oannis
927 2130 1086 2166 Casimiri
1113 2130 1323 2166 turbulentis
1343 2131 1377 2165 in
1397 2131 1512 2178 patria
1530 2133 1758 2178 temporibus,
1789 2133 1937 2168 militum
1957 2143 2036 2167 cen—

415 2191 524 2225 turias
544 2203 613 2225 aare
632 2203 694 2226 suo
713 2191 758 2226 ad
777 2203 994 2227 communem
1020 2193 1186 2228 tuendam
1203 2206 1275 2229 rem
1295 2194 1538 2229 contrahebat.
1561 2195 1690 2230 Earum
1710 2207 1779 2230 una
1810 2194 1855 2230 ad
1882 2195 2036 2229 interne-

413 2252 548 2287 cionem
563 2265 654 2288 cacsa
673 2254 707 2288 in
723 2254 857 2300 praelio.
878 2256 1029 2301 Ignarus
1048 2256 1129 2302 quid
1157 2260 1319 2302 ageretur
1334 2255 1428 2297 belli,
1451 2256 1691 2303 sollicitusque
1707 2257 1750 2292 de
1764 2257 1902 2292 fortuna
1920 2257 2035 2304 reipu-

412 2314 513 2349 blicae
531 2316 703 2362 princeps,
734 2328 807 2351 rem
834 2318 996 2363 patriam,
1027 2318 1081 2353 cui
1101 2318 1328 2353 defendendae
1348 2318 1383 2352 in
1411 2319 1517 2353 armis
1535 2319 1609 2365 ipse
1636 2318 1762 2355 adesse
1791 2331 1860 2355 non
1878 2323 2028 2366 poterat,

412 2377 596 2424 impeditus
627 2378 827 2414 valetudine
845 2380 881 2414 in
911 2380 995 2415 villa
1021 2391 1084 2415 sua
1104 2381 1285 2416 Pinscensi
1303 2380 1568 2427 Albrychtovia‚
1586 2382 1746 2428 precibus
1765 2382 1923 2429 adjutum
1942 2382 2025 2417 ibat.

411 2440 477 2475 Hic
496 2440 696 2487 aliquando,
719 2441 814 2476 solus
832 2442 867 2476 in
889 2442 1058 2485 conclavi,
1090 2443 1163 2478 Deo
1190 2443 1340 2490 patriam
1369 2444 1629 2488 commendans,
1652 2445 1734 2481 dum
1761 2449 1849 2487 orat,
1880 2445 1961 2481 dum
1992 2449 2029 2481 et

450 2509 488 2547 (1)
511 2510 669 2547 Approlmla
685 2512 810 2541 fundatio
827 2520 876 2548 por
894 2513 1004 2541 comitia
1022 2514 1101 2551 regni
1114 2512 1211 2542 Coust.
1233 2513 1322 2549 1635,
1343 2514 1392 2542 sol.
1414 2514 1464 2543 27.
