2184 2953
277 394 340 420 1619

323 440 355 466 39

276 482 402 508 Pultoviae

274 523 370 548 sanctae

272 562 365 594 reliqui
370 570 389 587 ae

272 608 329 626 cum
343 600 390 626 tri-

272 638 369 672 umpho

272 679 392 712 exceptae.

335 995 367 1021 40

272 1036 355 1062 Vilnae
379 1036 417 1062 in-

273 1080 314 1104 ter
325 1078 392 1103 Aca-

271 1115 386 1142 demicos

271 1158 299 1183 et
326 1162 418 1190 pueros

270 1194 364 1221 scholae

272 1235 409 1263 Luterani·

271 1285 306 1303 cae
317 1285 415 1311 pugna.

324 2039 353 2064 41

272 2077 415 2104 Vendensis

267 2118 373 2152 juvenis
402 2126 416 2144 e

272 2160 401 2187 Societatc

268 2202 372 2228 dimissi

267 2249 344 2267 mors.

445 294 505 325 254
836 298 1107 328 LITUANICARUM
1131 300 1341 329 SOCIETATIS
1362 300 1447 330 JESU
1472 300 1723 328 fflSTORlARUM

447 386 587 422 saverit.
611 388 895 425 Pultoviensibus
927 392 1017 426 inter
1039 392 1117 426 haec
1147 392 1238 427 alius
1269 393 1374 427 etiam
1401 392 1567 438 triumphi
1596 391 1714 427 oblata
1738 391 1885 426 occasio.
1914 392 2066 427 Jacuere

445 447 559 482 adhuc
578 449 654 484 sine
681 450 813 486 honore
831 452 917 486 alibi
936 453 1126 488 Beatorum
1145 455 1341 501 Martyrum
1362 454 1516 500 Pelagiae
1535 458 1569 489 et
1588 453 1759 499 Eugeniae
1784 464 1884 487 sacra
1903 464 2061 499 corpora.

445 509 531 544 Haec
561 523 622 557 per
655 513 846 548 Henricum
878 515 1057 556 Firleium,
1088 527 1150 550 seu
1178 516 1421 551 Polocensium
1459 517 1574 551 adhuc
1608 516 1824 562 episcopum,
1854 516 1940 555 sive,
1975 515 2067 561 quod

441 570 581 607 aliunde
608 572 767 620 colligas,
784 576 860 621 jam
887 577 1144 612 Gnesnensium
1175 578 1488 624 archiepiscopum,
1530 579 1565 612 in
1597 577 1708 612 aedem
1737 577 1922 612 Societatis
1952 576 2063 612 illata.

446 633 528 668 Non
545 635 634 670 alias
646 640 743 671 tanta
769 638 845 672 visa
872 638 1045 674 Pultoviae
1061 639 1268 674 celebritas:
1292 640 1389 674 multi
1410 640 1655 680 Sodalitatum,
1674 651 1717 674 ex
1740 639 1819 674 aliis
1835 639 1971 685 oppidis
1986 651 2067 674 con-

443 700 646 740 tractarum,
665 700 762 734 multi
794 701 1038 747 religiosorum
1057 702 1240 741 Ordinum,
1262 706 1295 737 et
1310 715 1493 749 procerum
1511 707 1620 738 coetus
1637 707 1738 737 erant
1757 716 1764 744 ;
1782 702 1816 736 in
1836 707 1919 737 ante
1947 713 2068 737 omnes

450 771 512 794 rex
559 761 634 806 ipse
683 762 942 808 Sigismundus‚
990 768 1024 798 et
1059 776 1122 799 sua
1158 765 1256 810 regia
1295 766 1422 810 conjux
1467 765 1672 800 Constantia
1711 764 1906 804 Austriacm
1944 764 2069 798 omnis-

444 832 509 867 que
524 821 605 857 aula
632 834 708 858 sua.
732 824 796 859 His
823 825 1082 866 comitantibus,
1113 831 1188 861 tota
1215 827 1299 861 urbe
1326 827 1550 867 carminibus,
1578 827 1722 866 musica,
1753 830 1786 861 et
1804 826 1939 860 tonitru
1962 825 2070 860 conti-

440 885 537 918 nenti
571 886 810 920 machinarum
839 898 881 921 ex
908 888 1080 922 moenibus
1112 893 1337 934 personante,
1376 901 1476 924 sacra
1503 890 1652 935 pignora
1679 889 1724 923 ad
1766 900 1863 923 aram
1881 888 1949 922 sibi
1980 898 2069 934 prae—

442 950 598 991 paratam
617 947 812 993 deportata.

494 1009 580 1043 Haec
620 1009 760 1044 omnino
787 1011 867 1056 pie:
911 1011 995 1046 alibi
1022 1012 1067 1046 ab
1085 1012 1164 1047 aliis
1183 1013 1322 1048 interim
1349 1013 1522 1059 flagitiose
1546 1017 1625 1047 sunt
1643 1016 1732 1047 acta.
1758 1012 1874 1046 Vilnae
1908 1023 1926 1046 e
1950 1011 2071 1047 schola

445 1070 680 1106 Lutheranica
708 1073 912 1119 Marcipori,
940 1074 1067 1120 petulci
1080 1075 1241 1121 juvenes,
1264 1080 1301 1109 ut
1328 1087 1349 1109 a
1376 1076 1448 1109 suis
1477 1080 1576 1110 erant
1591 1075 1739 1109 instituti
1755 1074 2071 1120 praenionstratori-

441 1132 517 1173 bus,
540 1133 717 1180 probrosis
744 1146 838 1181 saepe
870 1136 1026 1177 vocibus,
1049 1148 1143 1182 saepe
1169 1137 1327 1183 conjectu
1355 1137 1459 1172 etiam
1485 1137 1641 1183 lapidum
1672 1136 1895 1171 academicos
1930 1140 2070 1171 nostros

445 1195 688 1237 incessebant;
720 1197 905 1232 inferiores
928 1197 978 1232 illi
1005 1198 1113 1232 multo
1141 1203 1175 1233 et
1206 1199 1388 1234 nobilitate
1416 1200 1556 1245 generis
1589 1203 1623 1234 et
1655 1210 1811 1233 numero.
1841 1197 1897 1232 Illi
1924 1198 2070 1233 istorum

445 1259 619 1304 aspernati
634 1271 760 1300 mores,
782 1260 826 1294 ad
847 1260 944 1294 aliud
964 1272 1076 1306 genus
1099 1261 1313 1301 certaminis,
1333 1262 1376 1296 ad
1395 1261 1668 1296 controversiam
1689 1272 1812 1306 nempe
1832 1261 1874 1295 de
1898 1260 2070 1306 religione

444 1332 538 1362 vera,
557 1321 744 1366 aliquando
765 1326 1012 1368 provocarunt.
1036 1322 1234 1357 Constituto
1254 1323 1309 1357 die
1328 1324 1491 1369 utrinque
1507 1323 1551 1358 ad
1566 1323 1815 1370 disputandum
1835 1323 2065 1357 conveniunt:

442 1382 504 1417 sed
524 1383 763 1424 Lutheranici‚
786 1384 886 1430 quasi
910 1385 954 1418 ad
978 1384 1150 1430 praelium,
1172 1386 1312 1420 armati.
1335 1386 1416 1420 Non
1435 1386 1484 1419 ita
1503 1386 1706 1420 convenisse
1739 1385 1830 1419 inter
1857 1396 1907 1426 se,
1930 1390 1966 1419 ut
1990 1384 2068 1419 telis

442 1444 573 1479 scilicet
592 1445 633 1480 de
651 1446 828 1491 proposito
850 1446 1053 1485 decernant,
1072 1458 1150 1481 cum
1169 1447 1381 1482 adversariis
1401 1447 1623 1493 expostulant
1638 1447 1830 1481 academici
1848 1459 1854 1480 :
1881 1458 2067 1492 argumen-

440 1507 485 1540 tis
500 1517 630 1547 secum,
652 1506 779 1552 siquid
803 1507 945 1547 scirent,
968 1506 1214 1553 disputatores,
1237 1521 1306 1543 non
1329 1509 1479 1544 verubus
1506 1509 1582 1543 istis
1614 1507 1856 1548 mirmillones,
1887 1508 2068 1543 sententiis

443 1580 511 1602 non
545 1568 724 1606 coestibus,
748 1568 967 1604 decertarent
990 1581 996 1603 :
1023 1570 1174 1605 inermes
1206 1582 1243 1605 se
1271 1571 1496 1612 convenisse;
1528 1571 1571 1604 ab
1603 1571 1687 1616 ipsis
1718 1570 1822 1604 armis
1850 1569 2068 1605 scholasticis

441 1636 597 1680 paratos.
626 1633 755 1667 Contra
774 1633 1017 1668 inhorrescere
1036 1633 1101 1672 illi,
1123 1633 1271 1679 telisque
1287 1633 1359 1667 suis
1379 1638 1412 1667 et
1432 1643 1576 1666 numero
1594 1632 1686 1672 freti,
1706 1631 1900 1666 maledictis
1922 1631 2067 1666 aemulos

441 1695 617 1730 modestos
645 1694 821 1729 lacessere
843 1695 1005 1741 :jactare
1023 1695 1133 1741 proba
1162 1695 1196 1729 in
1226 1695 1415 1729 Ecclesiam
1444 1694 1666 1733 catholicam,
1689 1693 1723 1727 in
1750 1693 1948 1727 Romanum
1976 1693 2068 1727 Pon-

440 1758 582 1793 tificem.
607 1757 780 1803 Utrinque
807 1757 887 1791 hinc
919 1757 1041 1791 animis
1068 1757 1373 1797 incalescentibus,
1396 1768 1417 1791 a
1444 1756 1572 1802 jurgiis
1604 1755 1807 1790 cooriuntur
1833 1755 1867 1789 in
1897 1766 2064 1801 pugnam.

440 1820 647 1867 Superiores
662 1820 799 1866 quidem
814 1820 924 1854 nostri
944 1831 1051 1854 causa
1069 1823 1102 1853 et
1121 1819 1377 1853 accurrentium
1401 1818 1572 1853 sodalium
1611 1828 1755 1851 numero
1775 1817 1901 1851 cedunt
1920 1817 2068 1852 modesti

440 1882 657 1918 furentibus:
688 1882 851 1917 cedentes
886 1881 1061 1928 lapidibus
1089 1882 1288 1922 caeduntur;
1319 1886 1389 1916 tres
1418 1881 1554 1915 cmteris
1587 1879 1730 1925 gravius
1750 1879 1988 1914 vulnerantur.
2020 1879 2068 1914 Hi

443 1944 591 1979 maxime
611 1944 743 1984 afflicti,
772 1944 860 1978 miro
887 1944 990 1990 plane
1023 1944 1125 1978 modo
1153 1943 1424 1983 convaluerunt3
1448 1947 1484 1977 ut
1515 1945 1715 1988 appareret,
1744 1941 1873 1976 bonam
1894 1941 2063 1988 juvenum

444 2011 595 2042 mentem
614 2006 768 2041 valuisse
792 2005 886 2052 apud
906 2006 1016 2040 Deum
1036 2006 1077 2040 ad
1101 2006 1361 2040 excusationem
1381 2005 1636 2051 imprudentiae.

492 2068 546 2102 Ad
566 2067 760 2113 tragoedias
780 2067 1011 2102 lutheranicae
1035 2067 1254 2102 Vilnensiuni
1285 2067 1415 2101 scholae
1441 2078 1577 2112 appone
1608 2066 1780 2101 infelicem
1821 2064 2019 2099 scholastici
2047 2077 2066 2100 e

444 2130 628 2177 gymnasio
650 2130 829 2165 Vendensi
852 2129 1086 2164 adolescentis
1114 2131 1243 2165 exitum
1263 2143 1268 2164 :
1296 2141 1375 2164 nam
1396 2129 1424 2163 is
1452 2140 1587 2175 quoque
1619 2130 1710 2164 inter
1728 2129 1932 2163 lutheranos
1959 2127 2067 2162 liben-

444 2193 513 2227 tius
532 2204 634 2237 quam
655 2192 743 2226 inter
762 2192 952 2226 catholicos
972 2193 1192 2231 versabatur,
1214 2192 1341 2237 smpius
1364 2191 1421 2225 ille
1450 2191 1544 2225 visus
1564 2192 1596 2225 in
1624 2192 1713 2226 fanis
1732 2191 1870 2226 illorum
1889 2196 1922 2224 et
1940 2190 2064 2235 ganeis

443 2266 546 2301 quam
574 2255 606 2288 in
636 2254 773 2299 templis
799 2254 930 2287 nostris
957 2258 991 2287 et
1018 2254 1165 2288 coetibus
1191 2254 1359 2299 juvenum
1392 2253 1639 2287 modestorum.
1663 2253 1692 2287 E
1720 2252 1908 2292 Societate‚
1931 2252 1965 2286 in
1997 2264 2066 2298 qua

443 2320 610 2361 exegerat
643 2326 755 2349 annos
786 2315 930 2360 aliquot,
953 2315 1128 2354 dimissus,
1151 2315 1298 2355 vend-ae,
1334 2319 1516 2360 parentum
1547 2314 1765 2360 disciplinam
1792 2314 1937 2354 veritus,
1972 2326 2064 2348 com-

443 2389 546 2413 mune
574 2377 726 2411 licentiae
754 2388 826 2411 suae
847 2380 882 2411 et
909 2377 1065 2411 lasciviae
1092 2377 1302 2411 domicilium
1330 2376 1533 2417 collocavit;
1566 2376 1620 2410 hic
1639 2376 1732 2422 juris
1760 2376 1812 2409 sui
1840 2387 1881 2409 ac
1900 2375 2063 2422 mancipii

444 2440 619 2479 homulus,
642 2439 723 2474 dum
755 2439 936 2479 lustratur,
971 2445 1016 2478 et,
1049 2439 1214 2485 quidquid
1246 2438 1342 2477 libet,
1377 2439 1516 2483 impune
1549 2438 1643 2477 facit,
1678 2441 1822 2483 repente
1853 2448 1996 2482 gravem
2028 2438 2062 2471 in

445 2503 601 2537 morbum
640 2502 770 2536 incidit.
812 2502 865 2535 Ad
906 2501 1097 2547 periculum
1132 2499 1281 2535 accurrit
1315 2511 1333 2535 e
1364 2500 1518 2546 Collegit>
1551 2499 1714 2535 sacerdos
1750 2511 1755 2533 ι
1796 2503 1912 2534 monet
1955 2499 2062 2534 obsti-
