<?xml version="1.0" encoding="UTF-8"?>
<!DOCTYPE html PUBLIC "-//W3C//DTD XHTML 1.0 Transitional//EN"
    "http://www.w3.org/TR/xhtml1/DTD/xhtml1-transitional.dtd">
<html xmlns="http://www.w3.org/1999/xhtml" xml:lang="en" lang="en">
 <head>
  <title>
</title>
<meta http-equiv="Content-Type" content="text/html;charset=utf-8" />
  <meta name='ocr-system' content='tesseract 3.04.00' />
  <meta name='ocr-capabilities' content='ocr_page ocr_carea ocr_par ocr_line ocrx_word'/>
</head>
<body>
  <div class='ocr_page' id='page_1' title='image "./lituanicarumsoci00rost_0165.png"; bbox 0 0 2184 2953; ppageno 0'>
   <div class='ocr_carea' id='block_1_1' title="bbox 646 291 1731 330">
    <p class='ocr_par' dir='ltr' id='par_1_1' title="bbox 646 291 1731 330">
     <span class='ocr_line' id='line_1_1' title="bbox 646 291 1731 330; baseline 0.005 -12"><span class='ocrx_word' id='word_1_1' title='bbox 646 291 750 319; x_wconf 81' lang='lat' dir='ltr'>LIBER</span> <span class='ocrx_word' id='word_1_2' title='bbox 774 292 927 321; x_wconf 81' lang='lat' dir='ltr'>TERTIUS</span> <span class='ocrx_word' id='word_1_3' title='bbox 949 294 1157 330; x_wconf 52' lang='lat' dir='ltr'>M580-1590t</span> <span class='ocrx_word' id='word_1_4' title='bbox 1677 293 1731 324; x_wconf 89' lang='grc'>141</span> 
     </span>
    </p>
   </div>
   <div class='ocr_carea' id='block_1_2' title="bbox 119 383 1738 2537">
    <p class='ocr_par' dir='ltr' id='par_1_2' title="bbox 122 383 1729 480">
     <span class='ocr_line' id='line_1_2' title="bbox 122 383 1729 430; baseline 0.002 -12"><span class='ocrx_word' id='word_1_5' title='bbox 122 383 291 418; x_wconf 87' lang='lat' dir='ltr'>Rubenus</span> <span class='ocrx_word' id='word_1_6' title='bbox 322 385 512 423; x_wconf 84' lang='lat' dir='ltr'>amoveret,</span> <span class='ocrx_word' id='word_1_7' title='bbox 546 386 690 428; x_wconf 81' lang='lat' dir='ltr'>rogatus</span> <span class='ocrx_word' id='word_1_8' title='bbox 714 394 735 417; x_wconf 92' lang='lat' dir='ltr'>a</span> <span class='ocrx_word' id='word_1_9' title='bbox 761 387 895 424; x_wconf 87' lang='lat' dir='ltr'>senatu,</span> <span class='ocrx_word' id='word_1_10' title='bbox 925 383 1017 418; x_wconf 89' lang='lat' dir='ltr'>dicta</span> <span class='ocrx_word' id='word_1_11' title='bbox 1050 395 1110 418; x_wconf 86' lang='lat' dir='ltr'>sua</span> <span class='ocrx_word' id='word_1_12' title='bbox 1144 384 1359 425; x_wconf 82' lang='lat' dir='ltr'>testimonio,</span> <span class='ocrx_word' id='word_1_13' title='bbox 1402 386 1493 430; x_wconf 86' lang='lat' dir='ltr'>quod</span> <span class='ocrx_word' id='word_1_14' title='bbox 1530 387 1729 428; x_wconf 77' lang='lat' dir='ltr'>recitamus,</span> 
     </span>
     <span class='ocr_line' id='line_1_3' title="bbox 123 445 350 480; baseline -0.004 0"><span class='ocrx_word' id='word_1_15' title='bbox 123 445 350 480; x_wconf 84' lang='lat' dir='ltr'>confirmavit.</span> 
     </span>
    </p>

    <p class='ocr_par' dir='ltr' id='par_1_3' title="bbox 170 507 1452 554">
     <span class='ocr_line' id='line_1_4' title="bbox 170 507 1452 554; baseline 0.003 -13"><span class='ocrx_word' id='word_1_16' title='bbox 170 507 374 542; x_wconf 89' lang='lat' dir='ltr'>Leonardus</span> <span class='ocrx_word' id='word_1_17' title='bbox 389 507 558 542; x_wconf 83' lang='lat' dir='ltr'>Rubenus</span> <span class='ocrx_word' id='word_1_18' title='bbox 575 508 832 549; x_wconf 87' lang='lat' dir='ltr'>Essendiensis,</span> <span class='ocrx_word' id='word_1_19' title='bbox 859 508 1006 554; x_wconf 79' lang='lat' dir='ltr'>Collegii</span> <span class='ocrx_word' id='word_1_20' title='bbox 1021 508 1203 544; x_wconf 83' lang='lat' dir='ltr'>Societatis</span> <span class='ocrx_word' id='word_1_21' title='bbox 1222 513 1336 544; x_wconf 87' lang='lat' dir='ltr'>rector</span> <span class='ocrx_word' id='word_1_22' title='bbox 1355 509 1396 544; x_wconf 89' lang='lat' dir='ltr'>L.</span> <span class='ocrx_word' id='word_1_23' title='bbox 1415 509 1452 545; x_wconf 86' lang='lat' dir='ltr'>S.</span> 
     </span>
    </p>

    <p class='ocr_par' dir='ltr' id='par_1_4' title="bbox 119 569 1733 1049">
     <span class='ocr_line' id='line_1_5' title="bbox 174 569 1733 617; baseline 0.004 -15"><span class='ocrx_word' id='word_1_24' title='bbox 174 584 188 598; x_wconf 70' lang='lat' dir='ltr'><strong><em>a</em></strong></span> <span class='ocrx_word' id='word_1_25' title='bbox 210 569 340 603; x_wconf 89' lang='lat' dir='ltr'>Notum</span> <span class='ocrx_word' id='word_1_26' title='bbox 371 569 415 603; x_wconf 88' lang='lat' dir='ltr'>sit</span> <span class='ocrx_word' id='word_1_27' title='bbox 445 569 617 609; x_wconf 88' lang='lat' dir='ltr'>omnibus,</span> <span class='ocrx_word' id='word_1_28' title='bbox 649 582 794 614; x_wconf 82' lang='lat' dir='ltr'>quorum</span> <span class='ocrx_word' id='word_1_29' title='bbox 821 570 977 611; x_wconf 90' lang='lat' dir='ltr'>interest,</span> <span class='ocrx_word' id='word_1_30' title='bbox 1001 571 1090 615; x_wconf 86' lang='lat' dir='ltr'>quod</span> <span class='ocrx_word' id='word_1_31' title='bbox 1124 570 1260 605; x_wconf 76' lang='lat' dir='ltr'>honesti</span> <span class='ocrx_word' id='word_1_32' title='bbox 1292 571 1421 605; x_wconf 88' lang='lat' dir='ltr'>tribuni</span> <span class='ocrx_word' id='word_1_33' title='bbox 1445 571 1555 617; x_wconf 86' lang='lat' dir='ltr'>plebis</span> <span class='ocrx_word' id='word_1_34' title='bbox 1580 573 1733 609; x_wconf 87' lang='lat' dir='ltr'>civitatis</span> 
     </span>
     <span class='ocr_line' id='line_1_6' title="bbox 122 632 1732 681; baseline 0.002 -14"><span class='ocrx_word' id='word_1_35' title='bbox 122 632 288 679; x_wconf 82' lang='lat' dir='ltr'>Rigensis</span> <span class='ocrx_word' id='word_1_36' title='bbox 304 643 367 666; x_wconf 91' lang='lat' dir='ltr'>nos</span> <span class='ocrx_word' id='word_1_37' title='bbox 386 632 429 667; x_wconf 82' lang='lat'>31</span> <span class='ocrx_word' id='word_1_38' title='bbox 442 632 596 678; x_wconf 86' lang='lat' dir='ltr'>januarii</span> <span class='ocrx_word' id='word_1_39' title='bbox 612 634 693 666; x_wconf 85' lang='lat' dir='ltr'>anni</span> <span class='ocrx_word' id='word_1_40' title='bbox 721 634 811 669; x_wconf 74' lang='lat'>1586</span> <span class='ocrx_word' id='word_1_41' title='bbox 830 645 905 667; x_wconf 89' lang='lat' dir='ltr'>cum</span> <span class='ocrx_word' id='word_1_42' title='bbox 925 633 1070 667; x_wconf 86' lang='lat' dir='ltr'>notariis</span> <span class='ocrx_word' id='word_1_43' title='bbox 1089 644 1129 667; x_wconf 88' lang='lat' dir='ltr'>ac</span> <span class='ocrx_word' id='word_1_44' title='bbox 1147 634 1294 668; x_wconf 84' lang='lat' dir='ltr'>testibus</span> <span class='ocrx_word' id='word_1_45' title='bbox 1324 635 1560 676; x_wconf 73' lang='lat' dir='ltr'>convenerint,</span> <span class='ocrx_word' id='word_1_46' title='bbox 1582 646 1622 669; x_wconf 87' lang='lat' dir='ltr'>ac</span> <span class='ocrx_word' id='word_1_47' title='bbox 1641 648 1732 681; x_wconf 78' lang='lat' dir='ltr'>quae-</span> 
     </span>
     <span class='ocr_line' id='line_1_7' title="bbox 120 694 1732 740; baseline 0.002 -12"><span class='ocrx_word' id='word_1_48' title='bbox 120 694 252 734; x_wconf 86' lang='lat' dir='ltr'>sierint,</span> <span class='ocrx_word' id='word_1_49' title='bbox 278 697 394 728; x_wconf 90' lang='lat' dir='ltr'>utrum</span> <span class='ocrx_word' id='word_1_50' title='bbox 422 694 484 728; x_wconf 88' lang='lat' dir='ltr'>sub</span> <span class='ocrx_word' id='word_1_51' title='bbox 517 694 632 739; x_wconf 73' lang='lat' dir='ltr'>sigillo</span> <span class='ocrx_word' id='word_1_52' title='bbox 649 694 797 729; x_wconf 76' lang='lat' dir='ltr'>civitatis</span> <span class='ocrx_word' id='word_1_53' title='bbox 822 695 921 729; x_wconf 88' lang='lat' dir='ltr'>nobis</span> <span class='ocrx_word' id='word_1_54' title='bbox 945 699 1098 735; x_wconf 87' lang='lat' dir='ltr'>senatus,</span> <span class='ocrx_word' id='word_1_55' title='bbox 1120 699 1181 729; x_wconf 88' lang='lat' dir='ltr'>aut</span> <span class='ocrx_word' id='word_1_56' title='bbox 1199 696 1338 740; x_wconf 89' lang='lat' dir='ltr'>quidam</span> <span class='ocrx_word' id='word_1_57' title='bbox 1358 696 1400 730; x_wconf 91' lang='lat' dir='ltr'>de</span> <span class='ocrx_word' id='word_1_58' title='bbox 1428 700 1551 731; x_wconf 85' lang='lat' dir='ltr'>senatu</span> <span class='ocrx_word' id='word_1_59' title='bbox 1570 697 1732 732; x_wconf 89' lang='lat' dir='ltr'>vendide-</span> 
     </span>
     <span class='ocr_line' id='line_1_8' title="bbox 120 755 1730 804; baseline 0.002 -14"><span class='ocrx_word' id='word_1_60' title='bbox 120 756 200 796; x_wconf 88' lang='lat' dir='ltr'>rint,</span> <span class='ocrx_word' id='word_1_61' title='bbox 221 758 281 790; x_wconf 86' lang='lat' dir='ltr'>aut</span> <span class='ocrx_word' id='word_1_62' title='bbox 299 755 468 790; x_wconf 75' lang='lat' dir='ltr'>cesserint</span> <span class='ocrx_word' id='word_1_63' title='bbox 492 755 533 790; x_wconf 89' lang='lat' dir='ltr'>de</span> <span class='ocrx_word' id='word_1_64' title='bbox 551 757 817 791; x_wconf 83' lang='lat' dir='ltr'>armamentario</span> <span class='ocrx_word' id='word_1_65' title='bbox 846 757 993 791; x_wconf 83' lang='lat' dir='ltr'>civitatis</span> <span class='ocrx_word' id='word_1_66' title='bbox 1013 757 1046 790; x_wconf 90' lang='lat' dir='ltr'>in</span> <span class='ocrx_word' id='word_1_67' title='bbox 1062 758 1261 791; x_wconf 86' lang='lat' dir='ltr'>coemeterio</span> <span class='ocrx_word' id='word_1_68' title='bbox 1278 758 1313 792; x_wconf 78' lang='lat' dir='ltr'>S.</span> <span class='ocrx_word' id='word_1_69' title='bbox 1336 757 1471 792; x_wconf 82' lang='lat' dir='ltr'>Jacobi.</span> <span class='ocrx_word' id='word_1_70' title='bbox 1490 758 1730 804; x_wconf 82' lang='lat' dir='ltr'>Responsum:</span> 
     </span>
     <span class='ocr_line' id='line_1_9' title="bbox 119 818 1733 866; baseline 0.001 -13"><span class='ocrx_word' id='word_1_71' title='bbox 119 830 294 864; x_wconf 84' lang='lat' dir='ltr'>nunquam</span> <span class='ocrx_word' id='word_1_72' title='bbox 321 822 479 852; x_wconf 83' lang='lat' dir='ltr'>senatum</span> <span class='ocrx_word' id='word_1_73' title='bbox 510 818 687 852; x_wconf 75' lang='lat' dir='ltr'>nobiscum</span> <span class='ocrx_word' id='word_1_74' title='bbox 719 819 760 853; x_wconf 92' lang='lat' dir='ltr'>de</span> <span class='ocrx_word' id='word_1_75' title='bbox 786 831 827 853; x_wconf 89' lang='lat' dir='ltr'>eo</span> <span class='ocrx_word' id='word_1_76' title='bbox 862 819 1002 865; x_wconf 72' lang='lat' dir='ltr'>negotio</span> <span class='ocrx_word' id='word_1_77' title='bbox 1034 823 1223 859; x_wconf 86' lang='lat' dir='ltr'>tractasse;</span> <span class='ocrx_word' id='word_1_78' title='bbox 1246 819 1353 854; x_wconf 89' lang='lat' dir='ltr'>multo</span> <span class='ocrx_word' id='word_1_79' title='bbox 1384 820 1498 854; x_wconf 88' lang='lat' dir='ltr'>minus</span> <span class='ocrx_word' id='word_1_80' title='bbox 1529 832 1733 866; x_wconf 78' lang='lat' dir='ltr'>quemquam</span> 
     </span>
     <span class='ocr_line' id='line_1_10' title="bbox 119 879 1729 927; baseline 0.001 -13"><span class='ocrx_word' id='word_1_81' title='bbox 119 880 255 914; x_wconf 89' lang='lat' dir='ltr'>illorum</span> <span class='ocrx_word' id='word_1_82' title='bbox 275 879 375 913; x_wconf 89' lang='lat' dir='ltr'>nobis</span> <span class='ocrx_word' id='word_1_83' title='bbox 390 879 524 913; x_wconf 90' lang='lat' dir='ltr'>litteras</span> <span class='ocrx_word' id='word_1_84' title='bbox 544 884 604 914; x_wconf 87' lang='lat' dir='ltr'>aut</span> <span class='ocrx_word' id='word_1_85' title='bbox 622 880 843 921; x_wconf 67' lang='lat' dir='ltr'>venditionis,</span> <span class='ocrx_word' id='word_1_86' title='bbox 866 885 926 914; x_wconf 83' lang='lat' dir='ltr'>aut</span> <span class='ocrx_word' id='word_1_87' title='bbox 940 881 1119 921; x_wconf 81' lang='lat' dir='ltr'>cessionis,</span> <span class='ocrx_word' id='word_1_88' title='bbox 1142 881 1330 927; x_wconf 64' lang='lat' dir='ltr'>praeteritae</span> <span class='ocrx_word' id='word_1_89' title='bbox 1345 886 1405 916; x_wconf 85' lang='lat' dir='ltr'>aut</span> <span class='ocrx_word' id='word_1_90' title='bbox 1419 883 1558 922; x_wconf 67' lang='lat' dir='ltr'>litturae,</span> <span class='ocrx_word' id='word_1_91' title='bbox 1580 882 1729 917; x_wconf 75' lang='lat' dir='ltr'>dedisse.</span> 
     </span>
     <span class='ocr_line' id='line_1_11' title="bbox 120 940 1731 989; baseline 0.001 -13"><span class='ocrx_word' id='word_1_92' title='bbox 120 942 224 987; x_wconf 83' lang='lat' dir='ltr'>Cujus</span> <span class='ocrx_word' id='word_1_93' title='bbox 240 940 326 975; x_wconf 89' lang='lat' dir='ltr'>fides</span> <span class='ocrx_word' id='word_1_94' title='bbox 346 953 421 975; x_wconf 82' lang='lat' dir='ltr'>cuni</span> <span class='ocrx_word' id='word_1_95' title='bbox 438 946 567 985; x_wconf 54' lang='lat' dir='ltr'>praeter</span> <span class='ocrx_word' id='word_1_96' title='bbox 587 953 725 975; x_wconf 84' lang='lat' dir='ltr'>manum</span> <span class='ocrx_word' id='word_1_97' title='bbox 743 942 867 976; x_wconf 85' lang='lat' dir='ltr'>notarii</span> <span class='ocrx_word' id='word_1_98' title='bbox 895 954 915 976; x_wconf 81' lang='lat' dir='ltr'>a</span> <span class='ocrx_word' id='word_1_99' title='bbox 943 954 996 977; x_wconf 87' lang='lat' dir='ltr'>me</span> <span class='ocrx_word' id='word_1_100' title='bbox 1024 943 1125 977; x_wconf 82' lang='lat' dir='ltr'>etiam</span> <span class='ocrx_word' id='word_1_101' title='bbox 1146 943 1293 988; x_wconf 75' lang='lat' dir='ltr'>Collegii</span> <span class='ocrx_word' id='word_1_102' title='bbox 1313 943 1451 978; x_wconf 86' lang='lat' dir='ltr'>nomine</span> <span class='ocrx_word' id='word_1_103' title='bbox 1470 944 1578 989; x_wconf 85' lang='lat' dir='ltr'>petita</span> <span class='ocrx_word' id='word_1_104' title='bbox 1596 944 1731 984; x_wconf 85' lang='lat' dir='ltr'>fuisset,</span> 
     </span>
     <span class='ocr_line' id='line_1_12' title="bbox 120 1003 1365 1049; baseline -0.001 -12"><span class='ocrx_word' id='word_1_105' title='bbox 120 1015 193 1038; x_wconf 86' lang='lat' dir='ltr'>eam</span> <span class='ocrx_word' id='word_1_106' title='bbox 209 1003 463 1048; x_wconf 80' lang='lat' dir='ltr'>subscriptione</span> <span class='ocrx_word' id='word_1_107' title='bbox 478 1014 600 1037; x_wconf 85' lang='lat' dir='ltr'>manus</span> <span class='ocrx_word' id='word_1_108' title='bbox 622 1004 773 1048; x_wconf 60' lang='lat' dir='ltr'>propria}</span> <span class='ocrx_word' id='word_1_109' title='bbox 792 1008 826 1037; x_wconf 70' lang='lat' dir='ltr'>et</span> <span class='ocrx_word' id='word_1_110' title='bbox 846 1004 960 1049; x_wconf 75' lang='lat' dir='ltr'>sigillo</span> <span class='ocrx_word' id='word_1_111' title='bbox 977 1004 1124 1049; x_wconf 73' lang='lat' dir='ltr'>Collegii</span> <span class='ocrx_word' id='word_1_112' title='bbox 1139 1004 1318 1039; x_wconf 87' lang='lat' dir='ltr'>confirmo.</span> <span class='ocrx_word' id='word_1_113' title='bbox 1351 1023 1365 1036; x_wconf 60' lang='grc' dir='ltr'>,η</span> 
     </span>
    </p>

    <p class='ocr_par' dir='ltr' id='par_1_5' title="bbox 119 1064 1738 2537">
     <span class='ocr_line' id='line_1_13' title="bbox 167 1064 1733 1112; baseline 0.002 -13"><span class='ocrx_word' id='word_1_114' title='bbox 167 1065 289 1110; x_wconf 80' lang='lat' dir='ltr'>Neque</span> <span class='ocrx_word' id='word_1_115' title='bbox 321 1065 370 1098; x_wconf 90' lang='lat' dir='ltr'>sic</span> <span class='ocrx_word' id='word_1_116' title='bbox 404 1064 560 1098; x_wconf 78' lang='lat' dir='ltr'>homines</span> <span class='ocrx_word' id='word_1_117' title='bbox 589 1064 777 1099; x_wconf 70' lang='lat' dir='ltr'>turbulenti</span> <span class='ocrx_word' id='word_1_118' title='bbox 805 1072 941 1100; x_wconf 74' lang='lat' dir='ltr'>cessant</span> <span class='ocrx_word' id='word_1_119' title='bbox 960 1079 966 1106; x_wconf 80' lang='grc'>;</span> <span class='ocrx_word' id='word_1_120' title='bbox 988 1067 1143 1112; x_wconf 59' lang='lat' dir='ltr'>(jusdem</span> <span class='ocrx_word' id='word_1_121' title='bbox 1159 1066 1313 1100; x_wconf 85' lang='lat' dir='ltr'>criminis</span> <span class='ocrx_word' id='word_1_122' title='bbox 1339 1067 1488 1107; x_wconf 85' lang='lat' dir='ltr'>nomine,</span> <span class='ocrx_word' id='word_1_123' title='bbox 1510 1078 1577 1112; x_wconf 82' lang='lat' dir='ltr'>quo</span> <span class='ocrx_word' id='word_1_124' title='bbox 1593 1079 1733 1102; x_wconf 83' lang='lat' dir='ltr'>accusa-</span> 
     </span>
     <span class='ocr_line' id='line_1_14' title="bbox 119 1126 1735 1173; baseline 0.002 -12"><span class='ocrx_word' id='word_1_125' title='bbox 119 1128 219 1161; x_wconf 90' lang='lat' dir='ltr'>batur</span> <span class='ocrx_word' id='word_1_126' title='bbox 239 1126 432 1172; x_wconf 79' lang='lat' dir='ltr'>Collegium</span> <span class='ocrx_word' id='word_1_127' title='bbox 447 1154 454 1165; x_wconf 91' lang='lat'>‚</span> <span class='ocrx_word' id='word_1_128' title='bbox 494 1126 695 1161; x_wconf 81' lang='lat' dir='ltr'>Fridericus</span> <span class='ocrx_word' id='word_1_129' title='bbox 723 1127 827 1161; x_wconf 89' lang='lat' dir='ltr'>etiam</span> <span class='ocrx_word' id='word_1_130' title='bbox 847 1128 1030 1169; x_wconf 87' lang='lat' dir='ltr'>Hudenus,</span> <span class='ocrx_word' id='word_1_131' title='bbox 1047 1128 1137 1173; x_wconf 82' lang='lat' dir='ltr'>juris</span> <span class='ocrx_word' id='word_1_132' title='bbox 1172 1128 1207 1161; x_wconf 88' lang='lat' dir='ltr'>in</span> <span class='ocrx_word' id='word_1_133' title='bbox 1240 1128 1380 1163; x_wconf 82' lang='lat' dir='ltr'>civitate</span> <span class='ocrx_word' id='word_1_134' title='bbox 1399 1128 1591 1169; x_wconf 81' lang='lat' dir='ltr'>consultus,</span> <span class='ocrx_word' id='word_1_135' title='bbox 1620 1141 1735 1165; x_wconf 84' lang='lat' dir='ltr'>arces-</span> 
     </span>
     <span class='ocr_line' id='line_1_15' title="bbox 119 1188 1735 1236; baseline 0.002 -13"><span class='ocrx_word' id='word_1_136' title='bbox 119 1189 205 1224; x_wconf 87' lang='lat' dir='ltr'>situr</span> <span class='ocrx_word' id='word_1_137' title='bbox 224 1201 230 1223; x_wconf 90' lang='lat'><strong>:</strong></span> <span class='ocrx_word' id='word_1_138' title='bbox 251 1200 329 1223; x_wconf 89' lang='lat' dir='ltr'>nam</span> <span class='ocrx_word' id='word_1_139' title='bbox 344 1193 377 1223; x_wconf 88' lang='lat' dir='ltr'>et</span> <span class='ocrx_word' id='word_1_140' title='bbox 396 1188 454 1223; x_wconf 90' lang='lat' dir='ltr'>ille</span> <span class='ocrx_word' id='word_1_141' title='bbox 481 1190 556 1235; x_wconf 83' lang='lat' dir='ltr'>ejus</span> <span class='ocrx_word' id='word_1_142' title='bbox 575 1189 745 1234; x_wconf 76' lang='lat' dir='ltr'>compacti</span> <span class='ocrx_word' id='word_1_143' title='bbox 771 1189 907 1224; x_wconf 76' lang='lat' dir='ltr'>litteras</span> <span class='ocrx_word' id='word_1_144' title='bbox 926 1190 1055 1235; x_wconf 75' lang='lat' dir='ltr'>legisse</span> <span class='ocrx_word' id='word_1_145' title='bbox 1080 1191 1267 1225; x_wconf 76' lang='lat' dir='ltr'>terebatur.</span> <span class='ocrx_word' id='word_1_146' title='bbox 1295 1190 1361 1224; x_wconf 89' lang='lat' dir='ltr'>Hic</span> <span class='ocrx_word' id='word_1_147' title='bbox 1376 1202 1512 1236; x_wconf 89' lang='lat' dir='ltr'>quoque</span> <span class='ocrx_word' id='word_1_148' title='bbox 1534 1195 1735 1227; x_wconf 80' lang='lat' dir='ltr'>constanter</span> 
     </span>
     <span class='ocr_line' id='line_1_16' title="bbox 119 1250 1735 1299; baseline 0.002 -14"><span class='ocrx_word' id='word_1_149' title='bbox 119 1254 236 1296; x_wconf 81' lang='lat' dir='ltr'>negat,</span> <span class='ocrx_word' id='word_1_150' title='bbox 254 1254 327 1285; x_wconf 91' lang='lat' dir='ltr'>tum</span> <span class='ocrx_word' id='word_1_151' title='bbox 344 1251 379 1284; x_wconf 94' lang='lat' dir='ltr'>in</span> <span class='ocrx_word' id='word_1_152' title='bbox 403 1250 530 1296; x_wconf 86' lang='lat' dir='ltr'>templo</span> <span class='ocrx_word' id='word_1_153' title='bbox 546 1251 587 1284; x_wconf 91' lang='lat' dir='ltr'>D.</span> <span class='ocrx_word' id='word_1_154' title='bbox 611 1251 631 1284; x_wconf 83' lang='lat' dir='ltr'>J</span> <span class='ocrx_word' id='word_1_155' title='bbox 636 1251 732 1285; x_wconf 80' lang='lat' dir='ltr'>acobi</span> <span class='ocrx_word' id='word_1_156' title='bbox 750 1262 866 1285; x_wconf 90' lang='lat' dir='ltr'>coram</span> <span class='ocrx_word' id='word_1_157' title='bbox 896 1252 1036 1297; x_wconf 74' lang='lat' dir='ltr'>populo,</span> <span class='ocrx_word' id='word_1_158' title='bbox 1068 1256 1140 1286; x_wconf 87' lang='lat' dir='ltr'>tum</span> <span class='ocrx_word' id='word_1_159' title='bbox 1167 1252 1264 1292; x_wconf 84' lang='lat' dir='ltr'>alibi,</span> <span class='ocrx_word' id='word_1_160' title='bbox 1291 1251 1524 1298; x_wconf 75' lang='lat' dir='ltr'>praesentibus</span> <span class='ocrx_word' id='word_1_161' title='bbox 1544 1252 1619 1287; x_wconf 80' lang='lat' dir='ltr'>fisci</span> <span class='ocrx_word' id='word_1_162' title='bbox 1646 1254 1735 1299; x_wconf 77' lang='lat' dir='ltr'>regii</span> 
     </span>
     <span class='ocr_line' id='line_1_17' title="bbox 119 1312 1734 1361; baseline 0.002 -15"><span class='ocrx_word' id='word_1_163' title='bbox 119 1313 282 1358; x_wconf 71' lang='lat' dir='ltr'>praefecto</span> <span class='ocrx_word' id='word_1_164' title='bbox 302 1312 506 1347; x_wconf 82' lang='lat' dir='ltr'>Baltassare</span> <span class='ocrx_word' id='word_1_165' title='bbox 538 1312 656 1347; x_wconf 82' lang='lat' dir='ltr'>Suelio</span> <span class='ocrx_word' id='word_1_166' title='bbox 672 1317 705 1347; x_wconf 89' lang='grc'>61</span> <span class='ocrx_word' id='word_1_167' title='bbox 725 1313 834 1347; x_wconf 73' lang='lat' dir='ltr'>Crisio.</span> <span class='ocrx_word' id='word_1_168' title='bbox 859 1314 899 1347; x_wconf 91' lang='lat' dir='ltr'>In</span> <span class='ocrx_word' id='word_1_169' title='bbox 927 1314 1091 1359; x_wconf 74' lang='lat' dir='ltr'>praetorio</span> <span class='ocrx_word' id='word_1_170' title='bbox 1121 1314 1268 1359; x_wconf 83' lang='lat' dir='ltr'>denique</span> <span class='ocrx_word' id='word_1_171' title='bbox 1288 1314 1476 1360; x_wconf 86' lang='lat' dir='ltr'>professus,</span> <span class='ocrx_word' id='word_1_172' title='bbox 1508 1326 1545 1349; x_wconf 89' lang='lat' dir='ltr'>se</span> <span class='ocrx_word' id='word_1_173' title='bbox 1564 1327 1734 1361; x_wconf 82' lang='lat' dir='ltr'>nusquam</span> 
     </span>
     <span class='ocr_line' id='line_1_18' title="bbox 119 1373 1732 1422; baseline 0.002 -14"><span class='ocrx_word' id='word_1_174' title='bbox 119 1385 177 1408; x_wconf 89' lang='lat' dir='ltr'>eas</span> <span class='ocrx_word' id='word_1_175' title='bbox 214 1373 341 1408; x_wconf 76' lang='lat' dir='ltr'>vidisse</span> <span class='ocrx_word' id='word_1_176' title='bbox 373 1373 531 1415; x_wconf 90' lang='lat' dir='ltr'>litteras;</span> <span class='ocrx_word' id='word_1_177' title='bbox 562 1374 665 1420; x_wconf 89' lang='lat' dir='ltr'>idque</span> <span class='ocrx_word' id='word_1_178' title='bbox 692 1375 937 1420; x_wconf 73' lang='lat' dir='ltr'>jurejurando,</span> <span class='ocrx_word' id='word_1_179' title='bbox 959 1376 988 1410; x_wconf 91' lang='lat' dir='ltr'>si</span> <span class='ocrx_word' id='word_1_180' title='bbox 1014 1376 1152 1421; x_wconf 81' lang='lat' dir='ltr'>judices</span> <span class='ocrx_word' id='word_1_181' title='bbox 1192 1375 1411 1422; x_wconf 80' lang='lat' dir='ltr'>postularint,</span> <span class='ocrx_word' id='word_1_182' title='bbox 1444 1376 1732 1418; x_wconf 46' lang='lat' dir='ltr'>confirmaturum</span> 
     </span>
     <span class='ocr_line' id='line_1_19' title="bbox 121 1435 1736 1483; baseline 0.002 -13"><span class='ocrx_word' id='word_1_183' title='bbox 121 1435 260 1470; x_wconf 79' lang='lat' dir='ltr'>Simone</span> <span class='ocrx_word' id='word_1_184' title='bbox 288 1435 398 1470; x_wconf 87' lang='lat' dir='ltr'>nihilo</span> <span class='ocrx_word' id='word_1_185' title='bbox 435 1436 548 1470; x_wconf 87' lang='lat' dir='ltr'>minus</span> <span class='ocrx_word' id='word_1_186' title='bbox 576 1437 804 1482; x_wconf 74' lang='lat' dir='ltr'>pertinaciter</span> <span class='ocrx_word' id='word_1_187' title='bbox 834 1441 1072 1477; x_wconf 75' lang='lat' dir='ltr'>asseverante,</span> <span class='ocrx_word' id='word_1_188' title='bbox 1094 1438 1242 1483; x_wconf 86' lang='lat' dir='ltr'>scriptas</span> <span class='ocrx_word' id='word_1_189' title='bbox 1270 1449 1345 1472; x_wconf 80' lang='lat' dir='ltr'>esse</span> <span class='ocrx_word' id='word_1_190' title='bbox 1372 1449 1476 1472; x_wconf 89' lang='lat' dir='ltr'>manu</span> <span class='ocrx_word' id='word_1_191' title='bbox 1501 1450 1562 1473; x_wconf 86' lang='lat' dir='ltr'>sua</span> <span class='ocrx_word' id='word_1_192' title='bbox 1592 1443 1736 1474; x_wconf 87' lang='lat' dir='ltr'>senatus</span> 
     </span>
     <span class='ocr_line' id='line_1_20' title="bbox 119 1497 1733 1545; baseline 0.003 -15"><span class='ocrx_word' id='word_1_193' title='bbox 119 1497 257 1531; x_wconf 87' lang='lat' dir='ltr'>nomine</span> <span class='ocrx_word' id='word_1_194' title='bbox 282 1497 430 1538; x_wconf 84' lang='lat' dir='ltr'>litteras,</span> <span class='ocrx_word' id='word_1_195' title='bbox 453 1498 576 1543; x_wconf 86' lang='lat' dir='ltr'>quibus</span> <span class='ocrx_word' id='word_1_196' title='bbox 604 1499 912 1533; x_wconf 74' lang='lat' dir='ltr'>armamentarium</span> <span class='ocrx_word' id='word_1_197' title='bbox 941 1499 1159 1545; x_wconf 85' lang='lat' dir='ltr'>proderetur.</span> <span class='ocrx_word' id='word_1_198' title='bbox 1184 1500 1273 1534; x_wconf 86' lang='lat' dir='ltr'>Rem</span> <span class='ocrx_word' id='word_1_199' title='bbox 1301 1500 1359 1534; x_wconf 87' lang='lat' dir='ltr'>diu</span> <span class='ocrx_word' id='word_1_200' title='bbox 1386 1511 1448 1545; x_wconf 87' lang='lat' dir='ltr'>per</span> <span class='ocrx_word' id='word_1_201' title='bbox 1471 1500 1615 1535; x_wconf 73' lang='lat' dir='ltr'>consilia</span> <span class='ocrx_word' id='word_1_202' title='bbox 1638 1513 1733 1535; x_wconf 88' lang='lat' dir='ltr'>scru-</span> 
     </span>
     <span class='ocr_line' id='line_1_21' title="bbox 120 1558 1735 1608; baseline 0.002 -16"><span class='ocrx_word' id='word_1_203' title='bbox 120 1559 179 1593; x_wconf 88' lang='lat' dir='ltr'>tati</span> <span class='ocrx_word' id='word_1_204' title='bbox 192 1558 321 1593; x_wconf 81' lang='lat' dir='ltr'>frustra</span> <span class='ocrx_word' id='word_1_205' title='bbox 336 1559 509 1599; x_wconf 89' lang='lat' dir='ltr'>consules,</span> <span class='ocrx_word' id='word_1_206' title='bbox 523 1560 624 1594; x_wconf 88' lang='lat' dir='ltr'>nonis</span> <span class='ocrx_word' id='word_1_207' title='bbox 639 1560 824 1594; x_wconf 76' lang='lat' dir='ltr'>februariis</span> <span class='ocrx_word' id='word_1_208' title='bbox 840 1561 1022 1595; x_wconf 78' lang='lat' dir='ltr'>occludere</span> <span class='ocrx_word' id='word_1_209' title='bbox 1037 1564 1156 1606; x_wconf 86' lang='lat' dir='ltr'>portas</span> <span class='ocrx_word' id='word_1_210' title='bbox 1165 1561 1309 1607; x_wconf 84' lang='lat' dir='ltr'>jubent;</span> <span class='ocrx_word' id='word_1_211' title='bbox 1328 1573 1448 1595; x_wconf 87' lang='lat' dir='ltr'>rursus</span> <span class='ocrx_word' id='word_1_212' title='bbox 1464 1562 1590 1608; x_wconf 87' lang='lat' dir='ltr'>trepidi</span> <span class='ocrx_word' id='word_1_213' title='bbox 1609 1567 1735 1598; x_wconf 85' lang='lat' dir='ltr'>coeunt</span> 
     </span>
     <span class='ocr_line' id='line_1_22' title="bbox 120 1623 1734 1671; baseline 0 -13"><span class='ocrx_word' id='word_1_214' title='bbox 120 1625 155 1658; x_wconf 94' lang='lat' dir='ltr'>in</span> <span class='ocrx_word' id='word_1_215' title='bbox 174 1625 387 1670; x_wconf 55' lang='lat' dir='ltr'>praetorium,</span> <span class='ocrx_word' id='word_1_216' title='bbox 409 1625 536 1671; x_wconf 87' lang='lat' dir='ltr'>populo</span> <span class='ocrx_word' id='word_1_217' title='bbox 555 1626 759 1671; x_wconf 65' lang='lat' dir='ltr'>flagitante3</span> <span class='ocrx_word' id='word_1_218' title='bbox 782 1636 902 1659; x_wconf 80' lang='lat' dir='ltr'>rursus</span> <span class='ocrx_word' id='word_1_219' title='bbox 931 1624 1086 1670; x_wconf 64' lang='lat' dir='ltr'>ejusdem</span> <span class='ocrx_word' id='word_1_220' title='bbox 1114 1623 1298 1658; x_wconf 69' lang='lat' dir='ltr'>delationis</span> <span class='ocrx_word' id='word_1_221' title='bbox 1318 1635 1475 1658; x_wconf 80' lang='lat' dir='ltr'>examen.</span> <span class='ocrx_word' id='word_1_222' title='bbox 1494 1624 1515 1658; x_wconf 87' lang='lat' dir='ltr'><strong>J</strong></span> <span class='ocrx_word' id='word_1_223' title='bbox 1520 1635 1633 1665; x_wconf 86' lang='lat' dir='ltr'>ussus,</span> <span class='ocrx_word' id='word_1_224' title='bbox 1655 1636 1734 1670; x_wconf 79' lang='lat' dir='ltr'>quae</span> 
     </span>
     <span class='ocr_line' id='line_1_23' title="bbox 121 1685 1735 1733; baseline 0.001 -13"><span class='ocrx_word' id='word_1_225' title='bbox 121 1687 236 1728; x_wconf 87' lang='lat' dir='ltr'>sciret,</span> <span class='ocrx_word' id='word_1_226' title='bbox 268 1698 414 1733; x_wconf 74' lang='lat' dir='ltr'>quaeque</span> <span class='ocrx_word' id='word_1_227' title='bbox 434 1687 658 1722; x_wconf 79' lang='lat' dir='ltr'>confirmaret</span> <span class='ocrx_word' id='word_1_228' title='bbox 677 1690 908 1725; x_wconf 70' lang='lat' dir='ltr'>sacramento,</span> <span class='ocrx_word' id='word_1_229' title='bbox 931 1686 1052 1720; x_wconf 88' lang='lat' dir='ltr'>ordine</span> <span class='ocrx_word' id='word_1_230' title='bbox 1080 1685 1274 1720; x_wconf 84' lang='lat' dir='ltr'>edisserere</span> <span class='ocrx_word' id='word_1_231' title='bbox 1307 1685 1492 1724; x_wconf 72' lang='lat' dir='ltr'>Hudenus,</span> <span class='ocrx_word' id='word_1_232' title='bbox 1526 1687 1642 1720; x_wconf 92' lang='lat' dir='ltr'>animo</span> <span class='ocrx_word' id='word_1_233' title='bbox 1662 1698 1735 1722; x_wconf 87' lang='lat' dir='ltr'>ver-</span> 
     </span>
     <span class='ocr_line' id='line_1_24' title="bbox 120 1747 1730 1794; baseline 0.001 -12"><span class='ocrx_word' id='word_1_234' title='bbox 120 1748 240 1794; x_wconf 82' lang='lat' dir='ltr'>bisque</span> <span class='ocrx_word' id='word_1_235' title='bbox 272 1748 473 1782; x_wconf 73' lang='lat' dir='ltr'>inconstans</span> <span class='ocrx_word' id='word_1_236' title='bbox 491 1748 676 1782; x_wconf 82' lang='lat' dir='ltr'>titubabat.</span> <span class='ocrx_word' id='word_1_237' title='bbox 707 1749 826 1793; x_wconf 88' lang='lat' dir='ltr'>[taque</span> <span class='ocrx_word' id='word_1_238' title='bbox 859 1747 944 1781; x_wconf 90' lang='lat' dir='ltr'>nihil</span> <span class='ocrx_word' id='word_1_239' title='bbox 968 1747 1053 1781; x_wconf 85' lang='lat' dir='ltr'>certi</span> <span class='ocrx_word' id='word_1_240' title='bbox 1083 1759 1125 1781; x_wconf 83' lang='lat' dir='ltr'>ex</span> <span class='ocrx_word' id='word_1_241' title='bbox 1144 1747 1415 1792; x_wconf 68' lang='lat' dir='ltr'>prievaricatore</span> <span class='ocrx_word' id='word_1_242' title='bbox 1447 1747 1583 1794; x_wconf 85' lang='lat' dir='ltr'>exculpi</span> <span class='ocrx_word' id='word_1_243' title='bbox 1608 1749 1730 1794; x_wconf 91' lang='lat' dir='ltr'>potuit.</span> 
     </span>
     <span class='ocr_line' id='line_1_25' title="bbox 122 1809 1735 1855; baseline -0.001 -10"><span class='ocrx_word' id='word_1_244' title='bbox 122 1810 253 1845; x_wconf 85' lang='lat' dir='ltr'>Gisium</span> <span class='ocrx_word' id='word_1_245' title='bbox 272 1810 417 1849; x_wconf 84' lang='lat' dir='ltr'>interea,</span> <span class='ocrx_word' id='word_1_246' title='bbox 440 1810 554 1844; x_wconf 86' lang='lat' dir='ltr'>scelus</span> <span class='ocrx_word' id='word_1_247' title='bbox 580 1810 817 1850; x_wconf 79' lang='lat' dir='ltr'>anhelantem,</span> <span class='ocrx_word' id='word_1_248' title='bbox 840 1821 959 1844; x_wconf 89' lang='lat' dir='ltr'>omnes</span> <span class='ocrx_word' id='word_1_249' title='bbox 978 1809 1077 1843; x_wconf 72' lang='lat' dir='ltr'>suria}</span> <span class='ocrx_word' id='word_1_250' title='bbox 1099 1809 1280 1854; x_wconf 76' lang='lat' dir='ltr'>exagitant</span> <span class='ocrx_word' id='word_1_251' title='bbox 1298 1822 1304 1843; x_wconf 79' lang='lat' dir='ltr'><em>z</em></span> <span class='ocrx_word' id='word_1_252' title='bbox 1323 1821 1567 1855; x_wconf 80' lang='lat' dir='ltr'>expressurum</span> <span class='ocrx_word' id='word_1_253' title='bbox 1584 1821 1620 1844; x_wconf 88' lang='lat' dir='ltr'>se</span> <span class='ocrx_word' id='word_1_254' title='bbox 1640 1810 1735 1845; x_wconf 91' lang='lat' dir='ltr'>deni-</span> 
     </span>
     <span class='ocr_line' id='line_1_26' title="bbox 122 1871 1736 1918; baseline 0.001 -12"><span class='ocrx_word' id='word_1_255' title='bbox 122 1884 186 1918; x_wconf 92' lang='lat' dir='ltr'>que</span> <span class='ocrx_word' id='word_1_256' title='bbox 204 1883 340 1906; x_wconf 88' lang='lat' dir='ltr'>omnem</span> <span class='ocrx_word' id='word_1_257' title='bbox 358 1872 495 1906; x_wconf 89' lang='lat' dir='ltr'>omnino</span> <span class='ocrx_word' id='word_1_258' title='bbox 511 1872 694 1906; x_wconf 73' lang='lat' dir='ltr'>veritatem</span> <span class='ocrx_word' id='word_1_259' title='bbox 708 1873 860 1918; x_wconf 76' lang='lat' dir='ltr'>juratus,</span> <span class='ocrx_word' id='word_1_260' title='bbox 885 1884 961 1905; x_wconf 90' lang='lat' dir='ltr'>cum</span> <span class='ocrx_word' id='word_1_261' title='bbox 981 1883 1043 1905; x_wconf 91' lang='lat' dir='ltr'>suo</span> <span class='ocrx_word' id='word_1_262' title='bbox 1063 1871 1223 1905; x_wconf 88' lang='lat' dir='ltr'>calonum</span> <span class='ocrx_word' id='word_1_263' title='bbox 1238 1882 1347 1917; x_wconf 75' lang='lat' dir='ltr'>grege</span> <span class='ocrx_word' id='word_1_264' title='bbox 1366 1871 1544 1906; x_wconf 86' lang='lat' dir='ltr'>contendit</span> <span class='ocrx_word' id='word_1_265' title='bbox 1563 1872 1603 1905; x_wconf 90' lang='lat' dir='ltr'>ad</span> <span class='ocrx_word' id='word_1_266' title='bbox 1624 1872 1736 1907; x_wconf 89' lang='lat' dir='ltr'>Colle-</span> 
     </span>
     <span class='ocr_line' id='line_1_27' title="bbox 122 1932 1736 1979; baseline 0 -11"><span class='ocrx_word' id='word_1_267' title='bbox 122 1934 226 1979; x_wconf 79' lang='lat' dir='ltr'>gium.</span> <span class='ocrx_word' id='word_1_268' title='bbox 262 1933 480 1979; x_wconf 80' lang='lat' dir='ltr'>Nihilporro</span> <span class='ocrx_word' id='word_1_269' title='bbox 496 1934 656 1968; x_wconf 88' lang='lat' dir='ltr'>convitiis</span> <span class='ocrx_word' id='word_1_270' title='bbox 675 1934 730 1968; x_wconf 77' lang='lat' dir='ltr'>hic</span> <span class='ocrx_word' id='word_1_271' title='bbox 759 1934 931 1978; x_wconf 89' lang='lat' dir='ltr'>minisque</span> <span class='ocrx_word' id='word_1_272' title='bbox 951 1933 1161 1967; x_wconf 88' lang='lat' dir='ltr'>intentatum</span> <span class='ocrx_word' id='word_1_273' title='bbox 1182 1932 1333 1978; x_wconf 87' lang='lat' dir='ltr'>reliquit,</span> <span class='ocrx_word' id='word_1_274' title='bbox 1356 1937 1491 1966; x_wconf 80' lang='lat' dir='ltr'>rectore</span> <span class='ocrx_word' id='word_1_275' title='bbox 1506 1936 1641 1968; x_wconf 84' lang='lat' dir='ltr'>atroces</span> <span class='ocrx_word' id='word_1_276' title='bbox 1658 1934 1736 1969; x_wconf 89' lang='lat' dir='ltr'>illas</span> 
     </span>
     <span class='ocr_line' id='line_1_28' title="bbox 123 1993 1738 2042; baseline 0 -13"><span class='ocrx_word' id='word_1_277' title='bbox 123 1995 329 2042; x_wconf 52' lang='lat' dir='ltr'>quaestiones</span> <span class='ocrx_word' id='word_1_278' title='bbox 348 1999 548 2030; x_wconf 87' lang='lat' dir='ltr'>constanter</span> <span class='ocrx_word' id='word_1_279' title='bbox 567 1996 777 2041; x_wconf 72' lang='lat' dir='ltr'>perferente.</span> <span class='ocrx_word' id='word_1_280' title='bbox 803 1996 842 2029; x_wconf 85' lang='lat' dir='ltr'>In</span> <span class='ocrx_word' id='word_1_281' title='bbox 861 1994 1025 2040; x_wconf 62' lang='lat' dir='ltr'>praetorio</span> <span class='ocrx_word' id='word_1_282' title='bbox 1056 1994 1193 2028; x_wconf 87' lang='lat' dir='ltr'>interim</span> <span class='ocrx_word' id='word_1_283' title='bbox 1212 1997 1306 2028; x_wconf 87' lang='lat' dir='ltr'>totus</span> <span class='ocrx_word' id='word_1_284' title='bbox 1337 1993 1410 2028; x_wconf 85' lang='lat' dir='ltr'>sere</span> <span class='ocrx_word' id='word_1_285' title='bbox 1438 1993 1512 2028; x_wconf 89' lang='lat' dir='ltr'>dies</span> <span class='ocrx_word' id='word_1_286' title='bbox 1527 1994 1738 2040; x_wconf 90' lang='lat' dir='ltr'>disquisitio-</span> 
     </span>
     <span class='ocr_line' id='line_1_29' title="bbox 122 2055 1736 2103; baseline 0 -12"><span class='ocrx_word' id='word_1_287' title='bbox 122 2058 222 2092; x_wconf 86' lang='lat' dir='ltr'>nibus</span> <span class='ocrx_word' id='word_1_288' title='bbox 236 2068 352 2092; x_wconf 58' lang='lat' dir='ltr'>causae</span> <span class='ocrx_word' id='word_1_289' title='bbox 371 2057 576 2092; x_wconf 78' lang='lat' dir='ltr'>extrahitur.</span> <span class='ocrx_word' id='word_1_290' title='bbox 596 2058 663 2092; x_wconf 89' lang='lat' dir='ltr'>Diu</span> <span class='ocrx_word' id='word_1_291' title='bbox 696 2058 805 2103; x_wconf 87' lang='lat' dir='ltr'>impos</span> <span class='ocrx_word' id='word_1_292' title='bbox 825 2057 929 2092; x_wconf 84' lang='lat' dir='ltr'>animi</span> <span class='ocrx_word' id='word_1_293' title='bbox 951 2056 1122 2091; x_wconf 88' lang='lat' dir='ltr'>Hudenus</span> <span class='ocrx_word' id='word_1_294' title='bbox 1142 2055 1279 2101; x_wconf 80' lang='lat' dir='ltr'>frigidis</span> <span class='ocrx_word' id='word_1_295' title='bbox 1295 2059 1328 2089; x_wconf 90' lang='lat' dir='ltr'>et</span> <span class='ocrx_word' id='word_1_296' title='bbox 1345 2055 1623 2091; x_wconf 87' lang='lat' dir='ltr'>inconstantibus</span> <span class='ocrx_word' id='word_1_297' title='bbox 1642 2068 1736 2092; x_wconf 87' lang='lat' dir='ltr'>men-</span> 
     </span>
     <span class='ocr_line' id='line_1_30' title="bbox 123 2117 1734 2165; baseline 0.001 -12"><span class='ocrx_word' id='word_1_298' title='bbox 123 2120 230 2155; x_wconf 85' lang='lat' dir='ltr'>daciis</span> <span class='ocrx_word' id='word_1_299' title='bbox 257 2130 399 2154; x_wconf 88' lang='lat' dir='ltr'>causam</span> <span class='ocrx_word' id='word_1_300' title='bbox 434 2118 616 2165; x_wconf 77' lang='lat' dir='ltr'>ancipitem</span> <span class='ocrx_word' id='word_1_301' title='bbox 642 2120 857 2157; x_wconf 78' lang='lat' dir='ltr'>sustinebat,</span> <span class='ocrx_word' id='word_1_302' title='bbox 888 2122 979 2153; x_wconf 87' lang='lat' dir='ltr'>metu</span> <span class='ocrx_word' id='word_1_303' title='bbox 1009 2118 1112 2152; x_wconf 89' lang='lat' dir='ltr'>simul</span> <span class='ocrx_word' id='word_1_304' title='bbox 1143 2129 1183 2152; x_wconf 90' lang='lat' dir='ltr'>ac</span> <span class='ocrx_word' id='word_1_305' title='bbox 1215 2117 1347 2163; x_wconf 84' lang='lat' dir='ltr'>pudore</span> <span class='ocrx_word' id='word_1_306' title='bbox 1378 2118 1532 2152; x_wconf 89' lang='lat' dir='ltr'>animum</span> <span class='ocrx_word' id='word_1_307' title='bbox 1558 2123 1734 2154; x_wconf 85' lang='lat' dir='ltr'>versante.</span> 
     </span>
     <span class='ocr_line' id='line_1_31' title="bbox 124 2179 1738 2227; baseline -0.001 -11"><span class='ocrx_word' id='word_1_308' title='bbox 124 2182 331 2216; x_wconf 86' lang='lat' dir='ltr'>Confirmata</span> <span class='ocrx_word' id='word_1_309' title='bbox 360 2181 509 2227; x_wconf 89' lang='lat' dir='ltr'>denique</span> <span class='ocrx_word' id='word_1_310' title='bbox 528 2181 688 2221; x_wconf 84' lang='lat' dir='ltr'>audacia,</span> <span class='ocrx_word' id='word_1_311' title='bbox 712 2193 748 2215; x_wconf 90' lang='lat' dir='ltr'>se</span> <span class='ocrx_word' id='word_1_312' title='bbox 781 2192 917 2227; x_wconf 86' lang='lat' dir='ltr'>quoque</span> <span class='ocrx_word' id='word_1_313' title='bbox 946 2192 1005 2215; x_wconf 87' lang='lat' dir='ltr'>eas</span> <span class='ocrx_word' id='word_1_314' title='bbox 1029 2179 1157 2214; x_wconf 83' lang='lat' dir='ltr'>vidisse</span> <span class='ocrx_word' id='word_1_315' title='bbox 1183 2179 1319 2214; x_wconf 89' lang='lat' dir='ltr'>litteras</span> <span class='ocrx_word' id='word_1_316' title='bbox 1338 2180 1550 2225; x_wconf 87' lang='lat' dir='ltr'>pronuntiat.</span> <span class='ocrx_word' id='word_1_317' title='bbox 1575 2180 1614 2215; x_wconf 94' lang='lat' dir='ltr'>Id</span> <span class='ocrx_word' id='word_1_318' title='bbox 1641 2181 1738 2216; x_wconf 86' lang='lat' dir='ltr'>testi-</span> 
     </span>
     <span class='ocr_line' id='line_1_32' title="bbox 124 2242 1733 2289; baseline -0.001 -11"><span class='ocrx_word' id='word_1_319' title='bbox 124 2245 227 2279; x_wconf 88' lang='lat' dir='ltr'>monii</span> <span class='ocrx_word' id='word_1_320' title='bbox 255 2243 372 2278; x_wconf 83' lang='lat' dir='ltr'>Gisius</span> <span class='ocrx_word' id='word_1_321' title='bbox 391 2255 467 2277; x_wconf 89' lang='lat' dir='ltr'>cum</span> <span class='ocrx_word' id='word_1_322' title='bbox 488 2243 560 2277; x_wconf 85' lang='lat' dir='ltr'>suis</span> <span class='ocrx_word' id='word_1_323' title='bbox 579 2243 704 2288; x_wconf 87' lang='lat' dir='ltr'>plausu</span> <span class='ocrx_word' id='word_1_324' title='bbox 733 2247 766 2277; x_wconf 87' lang='grc'>61</span> <span class='ocrx_word' id='word_1_325' title='bbox 785 2243 973 2289; x_wconf 85' lang='lat' dir='ltr'>triumphis</span> <span class='ocrx_word' id='word_1_326' title='bbox 992 2242 1120 2288; x_wconf 81' lang='lat' dir='ltr'>excipit</span> <span class='ocrx_word' id='word_1_327' title='bbox 1150 2242 1321 2276; x_wconf 89' lang='lat' dir='ltr'>omnibus.</span> <span class='ocrx_word' id='word_1_328' title='bbox 1344 2242 1566 2277; x_wconf 84' lang='lat' dir='ltr'>Succlamant</span> <span class='ocrx_word' id='word_1_329' title='bbox 1586 2243 1704 2277; x_wconf 66' lang='lat' dir='ltr'>caeteri</span> <span class='ocrx_word' id='word_1_330' title='bbox 1727 2255 1733 2277; x_wconf 91' lang='lat'>:</span> 
     </span>
     <span class='ocr_line' id='line_1_33' title="bbox 126 2303 1738 2349; baseline -0.001 -9"><span class='ocrx_word' id='word_1_331' title='bbox 126 2320 141 2334; x_wconf 68' lang='grc' dir='ltr'>α</span> <span class='ocrx_word' id='word_1_332' title='bbox 160 2306 361 2340; x_wconf 83' lang='lat' dir='ltr'>Diseussam</span> <span class='ocrx_word' id='word_1_333' title='bbox 376 2305 514 2340; x_wconf 84' lang='lat' dir='ltr'>tandem</span> <span class='ocrx_word' id='word_1_334' title='bbox 534 2316 671 2339; x_wconf 87' lang='lat' dir='ltr'>omnem</span> <span class='ocrx_word' id='word_1_335' title='bbox 690 2305 847 2340; x_wconf 74' lang='lat' dir='ltr'>obscurae</span> <span class='ocrx_word' id='word_1_336' title='bbox 875 2305 988 2339; x_wconf 83' lang='lat' dir='ltr'>adhuc</span> <span class='ocrx_word' id='word_1_337' title='bbox 1007 2304 1056 2338; x_wconf 89' lang='lat' dir='ltr'>rei</span> <span class='ocrx_word' id='word_1_338' title='bbox 1075 2303 1259 2348; x_wconf 76' lang='lat' dir='ltr'>caliginem</span> <span class='ocrx_word' id='word_1_339' title='bbox 1277 2316 1283 2337; x_wconf 88' lang='lat'>:</span> <span class='ocrx_word' id='word_1_340' title='bbox 1302 2303 1388 2337; x_wconf 89' lang='lat' dir='ltr'>nihil</span> <span class='ocrx_word' id='word_1_341' title='bbox 1402 2304 1475 2349; x_wconf 84' lang='lat' dir='ltr'>jam</span> <span class='ocrx_word' id='word_1_342' title='bbox 1489 2304 1738 2338; x_wconf 68' lang='lat' dir='ltr'>controversiae</span> 
     </span>
     <span class='ocr_line' id='line_1_34' title="bbox 128 2365 1737 2413; baseline -0.001 -12"><span class='ocrx_word' id='word_1_343' title='bbox 128 2382 143 2396; x_wconf 64' lang='lat' dir='ltr'>&lt;a</span> <span class='ocrx_word' id='word_1_344' title='bbox 164 2367 451 2413; x_wconf 80' lang='lat' dir='ltr'>disceptatoribus</span> <span class='ocrx_word' id='word_1_345' title='bbox 471 2379 654 2413; x_wconf 82' lang='lat' dir='ltr'>superesse</span> <span class='ocrx_word' id='word_1_346' title='bbox 673 2380 679 2401; x_wconf 88' lang='lat'><strong>:</strong></span> <span class='ocrx_word' id='word_1_347' title='bbox 699 2368 732 2401; x_wconf 87' lang='lat' dir='ltr'>in</span> <span class='ocrx_word' id='word_1_348' title='bbox 767 2368 924 2401; x_wconf 67' lang='lat' dir='ltr'>confosso</span> <span class='ocrx_word' id='word_1_349' title='bbox 949 2377 1025 2401; x_wconf 85' lang='lat' dir='ltr'>esse</span> <span class='ocrx_word' id='word_1_350' title='bbox 1044 2365 1269 2399; x_wconf 82' lang='lat' dir='ltr'>collusionem</span> <span class='ocrx_word' id='word_1_351' title='bbox 1297 2369 1438 2400; x_wconf 89' lang='lat' dir='ltr'>senatus</span> <span class='ocrx_word' id='word_1_352' title='bbox 1463 2377 1539 2400; x_wconf 87' lang='lat' dir='ltr'>cum</span> <span class='ocrx_word' id='word_1_353' title='bbox 1570 2366 1737 2401; x_wconf 64' lang='grc' dir='ltr'>ι1651111160</span> 
     </span>
     <span class='ocr_line' id='line_1_35' title="bbox 130 2427 1738 2475; baseline -0.001 -12"><span class='ocrx_word' id='word_1_354' title='bbox 130 2444 144 2458; x_wconf 67' lang='grc' dir='ltr'>κ</span> <span class='ocrx_word' id='word_1_355' title='bbox 166 2429 335 2475; x_wconf 80' lang='lat' dir='ltr'>Collegio.</span> <span class='ocrx_word' id='word_1_356' title='bbox 370 2446 384 2460; x_wconf 68' lang='lat' dir='ltr'><em>n</em></span> <span class='ocrx_word' id='word_1_357' title='bbox 424 2430 546 2474; x_wconf 82' lang='lat' dir='ltr'>Neque</span> <span class='ocrx_word' id='word_1_358' title='bbox 583 2429 722 2475; x_wconf 89' lang='lat' dir='ltr'>obloqui</span> <span class='ocrx_word' id='word_1_359' title='bbox 753 2434 888 2467; x_wconf 77' lang='lat' dir='ltr'>contra,</span> <span class='ocrx_word' id='word_1_360' title='bbox 918 2429 1139 2473; x_wconf 86' lang='lat' dir='ltr'>obstrepente</span> <span class='ocrx_word' id='word_1_361' title='bbox 1158 2429 1401 2461; x_wconf 84' lang='lat' dir='ltr'>accusatorum</span> <span class='ocrx_word' id='word_1_362' title='bbox 1432 2427 1548 2467; x_wconf 87' lang='lat' dir='ltr'>turba,</span> <span class='ocrx_word' id='word_1_363' title='bbox 1578 2427 1738 2473; x_wconf 87' lang='lat' dir='ltr'>cuiquam</span> 
     </span>
     <span class='ocr_line' id='line_1_36' title="bbox 124 2489 1738 2537; baseline -0.002 -12"><span class='ocrx_word' id='word_1_364' title='bbox 124 2491 233 2526; x_wconf 85' lang='lat' dir='ltr'>licuit.</span> <span class='ocrx_word' id='word_1_365' title='bbox 256 2492 410 2526; x_wconf 90' lang='lat' dir='ltr'>Mittitur</span> <span class='ocrx_word' id='word_1_366' title='bbox 439 2491 602 2525; x_wconf 89' lang='lat' dir='ltr'>continuo</span> <span class='ocrx_word' id='word_1_367' title='bbox 623 2502 641 2525; x_wconf 91' lang='lat' dir='ltr'>e</span> <span class='ocrx_word' id='word_1_368' title='bbox 660 2492 823 2537; x_wconf 66' lang='lat' dir='ltr'>praetmio</span> <span class='ocrx_word' id='word_1_369' title='bbox 852 2490 1001 2530; x_wconf 78' lang='lat' dir='ltr'>cohors;</span> <span class='ocrx_word' id='word_1_370' title='bbox 1036 2501 1112 2534; x_wconf 61' lang='lat' dir='ltr'>quse</span> <span class='ocrx_word' id='word_1_371' title='bbox 1142 2489 1175 2523; x_wconf 87' lang='grc'>111</span> <span class='ocrx_word' id='word_1_372' title='bbox 1212 2489 1342 2534; x_wconf 74' lang='lat' dir='ltr'>vigiliis</span> <span class='ocrx_word' id='word_1_373' title='bbox 1379 2489 1585 2535; x_wconf 81' lang='lat' dir='ltr'>Collegium,</span> <span class='ocrx_word' id='word_1_374' title='bbox 1616 2489 1648 2522; x_wconf 90' lang='lat' dir='ltr'>in</span> <span class='ocrx_word' id='word_1_375' title='bbox 1668 2489 1738 2534; x_wconf 91' lang='lat' dir='ltr'>pri-</span> 
     </span>
    </p>
   </div>
   <div class='ocr_carea' id='block_1_3' title="bbox 1759 381 1823 408">
    <p class='ocr_par' dir='ltr' id='par_1_6' title="bbox 1759 381 1823 408">
     <span class='ocr_line' id='line_1_37' title="bbox 1759 381 1823 408; baseline 0 0"><span class='ocrx_word' id='word_1_376' title='bbox 1759 381 1823 408; x_wconf 84' lang='lat'>1586</span> 
     </span>
    </p>
   </div>
  </div>
 </body>
</html>
