<?xml version="1.0" encoding="UTF-8"?>
<!DOCTYPE html PUBLIC "-//W3C//DTD XHTML 1.0 Transitional//EN"
    "http://www.w3.org/TR/xhtml1/DTD/xhtml1-transitional.dtd">
<html xmlns="http://www.w3.org/1999/xhtml" xml:lang="en" lang="en">
 <head>
  <title>
</title>
<meta http-equiv="Content-Type" content="text/html;charset=utf-8" />
  <meta name='ocr-system' content='tesseract 3.04.00' />
  <meta name='ocr-capabilities' content='ocr_page ocr_carea ocr_par ocr_line ocrx_word'/>
</head>
<body>
  <div class='ocr_page' id='page_1' title='image "./lituanicarumsoci00rost_0039.png"; bbox 0 0 2184 2953; ppageno 0'>
   <div class='ocr_carea' id='block_1_1' title="bbox 659 294 1727 333">
    <p class='ocr_par' dir='ltr' id='par_1_1' title="bbox 659 294 1727 333">
     <span class='ocr_line' id='line_1_1' title="bbox 659 294 1727 333; baseline 0.005 -11"><span class='ocrx_word' id='word_1_1' title='bbox 659 294 764 323; x_wconf 85' lang='lat' dir='ltr'>LIBER</span> <span class='ocrx_word' id='word_1_2' title='bbox 791 295 924 324; x_wconf 68' lang='lat' dir='ltr'>PRIMUS</span> <span class='ocrx_word' id='word_1_3' title='bbox 946 297 1153 333; x_wconf 81' lang='lat'>(1564-1570).</span> <span class='ocrx_word' id='word_1_4' title='bbox 1695 298 1727 327; x_wconf 68' lang='lat'>1&#39;</span> 
     </span>
    </p>
   </div>
   <div class='ocr_carea' id='block_1_2' title="bbox 1715 310 1732 328">
    <p class='ocr_par' dir='ltr' id='par_1_2' title="bbox 1715 310 1732 328">
     <span class='ocr_line' id='line_1_2' title="bbox 1715 310 1732 328; baseline 0 -3"><span class='ocrx_word' id='word_1_5' title='bbox 1715 310 1732 328; x_wconf 65' lang='lat' dir='ltr'>d</span> 
     </span>
    </p>
   </div>
   <div class='ocr_carea' id='block_1_3' title="bbox 120 385 1744 1423">
    <p class='ocr_par' dir='ltr' id='par_1_3' title="bbox 120 385 1744 1423">
     <span class='ocr_line' id='line_1_3' title="bbox 120 385 1728 432; baseline 0.002 -11"><span class='ocrx_word' id='word_1_6' title='bbox 120 389 242 427; x_wconf 88' lang='lat' dir='ltr'>tutam,</span> <span class='ocrx_word' id='word_1_7' title='bbox 264 385 423 420; x_wconf 89' lang='lat' dir='ltr'>omnibus</span> <span class='ocrx_word' id='word_1_8' title='bbox 447 389 539 420; x_wconf 85' lang='lat' dir='ltr'>certe</span> <span class='ocrx_word' id='word_1_9' title='bbox 562 385 693 426; x_wconf 88' lang='lat' dir='ltr'>utilem,</span> <span class='ocrx_word' id='word_1_10' title='bbox 715 386 901 432; x_wconf 73' lang='lat' dir='ltr'>transigat.</span> <span class='ocrx_word' id='word_1_11' title='bbox 926 402 941 416; x_wconf 68' lang='grc' dir='ltr'><em>α</em></span> <span class='ocrx_word' id='word_1_12' title='bbox 964 387 1117 422; x_wconf 87' lang='lat' dir='ltr'>Consilia</span> <span class='ocrx_word' id='word_1_13' title='bbox 1136 387 1192 422; x_wconf 90' lang='lat' dir='ltr'>hic</span> <span class='ocrx_word' id='word_1_14' title='bbox 1219 399 1283 422; x_wconf 88' lang='lat' dir='ltr'>sua</span> <span class='ocrx_word' id='word_1_15' title='bbox 1309 400 1385 423; x_wconf 89' lang='lat' dir='ltr'>esse</span> <span class='ocrx_word' id='word_1_16' title='bbox 1411 400 1506 429; x_wconf 86' lang='lat' dir='ltr'>sana,</span> <span class='ocrx_word' id='word_1_17' title='bbox 1537 389 1728 424; x_wconf 88' lang='lat' dir='ltr'>christiano</span> 
     </span>
     <span class='ocr_line' id='line_1_4' title="bbox 169 447 1732 498; baseline 0.004 -17"><span class='ocrx_word' id='word_1_18' title='bbox 169 447 295 494; x_wconf 89' lang='lat' dir='ltr'>populo</span> <span class='ocrx_word' id='word_1_19' title='bbox 314 447 463 482; x_wconf 80' lang='lat' dir='ltr'>maxime</span> <span class='ocrx_word' id='word_1_20' title='bbox 481 449 661 494; x_wconf 89' lang='lat' dir='ltr'>cupientis,</span> <span class='ocrx_word' id='word_1_21' title='bbox 691 461 758 483; x_wconf 92' lang='lat' dir='ltr'>non</span> <span class='ocrx_word' id='word_1_22' title='bbox 777 449 946 491; x_wconf 89' lang='lat' dir='ltr'>fraudem,</span> <span class='ocrx_word' id='word_1_23' title='bbox 978 462 1047 485; x_wconf 93' lang='lat' dir='ltr'>non</span> <span class='ocrx_word' id='word_1_24' title='bbox 1068 450 1151 492; x_wconf 86' lang='lat' dir='ltr'>vim,</span> <span class='ocrx_word' id='word_1_25' title='bbox 1173 463 1240 485; x_wconf 89' lang='lat' dir='ltr'>non</span> <span class='ocrx_word' id='word_1_26' title='bbox 1260 452 1438 497; x_wconf 88' lang='lat' dir='ltr'>impetum.</span> <span class='ocrx_word' id='word_1_27' title='bbox 1461 453 1643 498; x_wconf 82' lang='lat' dir='ltr'>[ntegrum</span> <span class='ocrx_word' id='word_1_28' title='bbox 1661 453 1732 487; x_wconf 89' lang='lat' dir='ltr'>cui-</span> 
     </span>
     <span class='ocr_line' id='line_1_5' title="bbox 169 510 1728 559; baseline 0.003 -15"><span class='ocrx_word' id='word_1_29' title='bbox 169 521 246 556; x_wconf 99' lang='lat' dir='ltr'>que,</span> <span class='ocrx_word' id='word_1_30' title='bbox 278 521 354 556; x_wconf 85' lang='lat' dir='ltr'>quae</span> <span class='ocrx_word' id='word_1_31' title='bbox 372 510 487 545; x_wconf 86' lang='lat' dir='ltr'>animo</span> <span class='ocrx_word' id='word_1_32' title='bbox 507 511 675 546; x_wconf 89' lang='lat' dir='ltr'>darentur</span> <span class='ocrx_word' id='word_1_33' title='bbox 701 512 881 553; x_wconf 80' lang='lat' dir='ltr'>benevolo,</span> <span class='ocrx_word' id='word_1_34' title='bbox 912 512 1092 546; x_wconf 71' lang='lat' dir='ltr'>admittere</span> <span class='ocrx_word' id='word_1_35' title='bbox 1117 524 1160 547; x_wconf 84' lang='lat' dir='ltr'>an</span> <span class='ocrx_word' id='word_1_36' title='bbox 1191 525 1368 559; x_wconf 77' lang='lat' dir='ltr'>respuere.</span> <span class='ocrx_word' id='word_1_37' title='bbox 1392 514 1514 559; x_wconf 87' lang='lat' dir='ltr'>Neque</span> <span class='ocrx_word' id='word_1_38' title='bbox 1542 518 1728 555; x_wconf 83' lang='lat' dir='ltr'>oratorem,</span> 
     </span>
     <span class='ocr_line' id='line_1_6' title="bbox 171 569 1729 618; baseline 0.004 -16"><span class='ocrx_word' id='word_1_39' title='bbox 171 569 229 615; x_wconf 91' lang='lat' dir='ltr'>qui</span> <span class='ocrx_word' id='word_1_40' title='bbox 248 580 318 603; x_wconf 91' lang='lat' dir='ltr'>non</span> <span class='ocrx_word' id='word_1_41' title='bbox 336 569 458 604; x_wconf 93' lang='lat' dir='ltr'>Luteri</span> <span class='ocrx_word' id='word_1_42' title='bbox 476 570 669 605; x_wconf 80' lang='lat' dir='ltr'>doctrinam</span> <span class='ocrx_word' id='word_1_43' title='bbox 687 571 818 614; x_wconf 90' lang='lat' dir='ltr'>laudet,</span> <span class='ocrx_word' id='word_1_44' title='bbox 837 585 916 608; x_wconf 89' lang='lat' dir='ltr'>eum</span> <span class='ocrx_word' id='word_1_45' title='bbox 934 574 1098 608; x_wconf 87' lang='lat' dir='ltr'>continuo</span> <span class='ocrx_word' id='word_1_46' title='bbox 1114 573 1331 607; x_wconf 88' lang='lat' dir='ltr'>obruendum</span> <span class='ocrx_word' id='word_1_47' title='bbox 1350 584 1428 608; x_wconf 89' lang='lat' dir='ltr'>esse</span> <span class='ocrx_word' id='word_1_48' title='bbox 1446 573 1619 618; x_wconf 74' lang='lat' dir='ltr'>lapidibus</span> <span class='ocrx_word' id='word_1_49' title='bbox 1634 587 1641 614; x_wconf 82' lang='lat'><em>;</em></span> <span class='ocrx_word' id='word_1_50' title='bbox 1663 574 1729 608; x_wconf 90' lang='lat' dir='ltr'>nisi</span> 
     </span>
     <span class='ocr_line' id='line_1_7' title="bbox 170 631 1734 680; baseline 0.003 -15"><span class='ocrx_word' id='word_1_51' title='bbox 170 631 258 666; x_wconf 90' lang='lat' dir='ltr'>forte</span> <span class='ocrx_word' id='word_1_52' title='bbox 279 631 325 665; x_wconf 86' lang='lat' dir='ltr'>ita</span> <span class='ocrx_word' id='word_1_53' title='bbox 345 631 505 666; x_wconf 91' lang='lat' dir='ltr'>monitori</span> <span class='ocrx_word' id='word_1_54' title='bbox 524 633 635 678; x_wconf 86' lang='lat' dir='ltr'>pietas</span> <span class='ocrx_word' id='word_1_55' title='bbox 666 646 729 669; x_wconf 90' lang='lat' dir='ltr'>sua</span> <span class='ocrx_word' id='word_1_56' title='bbox 746 635 870 677; x_wconf 82' lang='lat' dir='ltr'>fraudi,</span> <span class='ocrx_word' id='word_1_57' title='bbox 893 636 1024 670; x_wconf 89' lang='lat' dir='ltr'>amanti</span> <span class='ocrx_word' id='word_1_58' title='bbox 1044 635 1193 670; x_wconf 89' lang='lat' dir='ltr'>salutem</span> <span class='ocrx_word' id='word_1_59' title='bbox 1211 635 1328 680; x_wconf 90' lang='lat' dir='ltr'>populi</span> <span class='ocrx_word' id='word_1_60' title='bbox 1347 646 1564 670; x_wconf 90' lang='lat' dir='ltr'>communem</span> <span class='ocrx_word' id='word_1_61' title='bbox 1583 636 1734 670; x_wconf 88' lang='lat' dir='ltr'>studium</span> 
     </span>
     <span class='ocr_line' id='line_1_8' title="bbox 172 694 1728 743; baseline 0.003 -16"><span class='ocrx_word' id='word_1_62' title='bbox 172 705 283 734; x_wconf 91' lang='lat' dir='ltr'>suum,</span> <span class='ocrx_word' id='word_1_63' title='bbox 314 704 423 739; x_wconf 46' lang='lat' dir='ltr'>noxae,</span> <span class='ocrx_word' id='word_1_64' title='bbox 444 694 500 735; x_wconf 84' lang='lat' dir='ltr'>sit,</span> <span class='ocrx_word' id='word_1_65' title='bbox 531 699 679 740; x_wconf 87' lang='lat' dir='ltr'>oportet.</span> <span class='ocrx_word' id='word_1_66' title='bbox 703 714 718 727; x_wconf 75' lang='lat' dir='ltr'>n</span> <span class='ocrx_word' id='word_1_67' title='bbox 751 697 912 731; x_wconf 89' lang='lat' dir='ltr'>Monuit:</span> <span class='ocrx_word' id='word_1_68' title='bbox 936 697 1111 732; x_wconf 87' lang='lat' dir='ltr'>silentium</span> <span class='ocrx_word' id='word_1_69' title='bbox 1141 696 1217 732; x_wconf 90' lang='lat' dir='ltr'>fieri</span> <span class='ocrx_word' id='word_1_70' title='bbox 1240 697 1368 742; x_wconf 83' lang='lat' dir='ltr'>jussit:</span> <span class='ocrx_word' id='word_1_71' title='bbox 1392 697 1548 743; x_wconf 89' lang='lat' dir='ltr'>repetitis</span> <span class='ocrx_word' id='word_1_72' title='bbox 1581 697 1728 743; x_wconf 87' lang='lat' dir='ltr'>denique</span> 
     </span>
     <span class='ocr_line' id='line_1_9' title="bbox 123 755 1730 804; baseline 0.002 -14"><span class='ocrx_word' id='word_1_73' title='bbox 123 755 288 790; x_wconf 87' lang='lat' dir='ltr'>orationis</span> <span class='ocrx_word' id='word_1_74' title='bbox 326 755 498 790; x_wconf 78' lang='lat' dir='ltr'>intercisae</span> <span class='ocrx_word' id='word_1_75' title='bbox 533 759 763 802; x_wconf 73' lang='lat' dir='ltr'>argumentis,</span> <span class='ocrx_word' id='word_1_76' title='bbox 795 759 980 804; x_wconf 83' lang='lat' dir='ltr'>peroravit.</span> <span class='ocrx_word' id='word_1_77' title='bbox 1017 759 1101 794; x_wconf 91' lang='lat' dir='ltr'>Inde</span> <span class='ocrx_word' id='word_1_78' title='bbox 1134 770 1195 804; x_wconf 88' lang='lat' dir='ltr'>per</span> <span class='ocrx_word' id='word_1_79' title='bbox 1233 770 1295 793; x_wconf 90' lang='lat' dir='ltr'>ora</span> <span class='ocrx_word' id='word_1_80' title='bbox 1325 759 1556 794; x_wconf 79' lang='lat' dir='ltr'>frendentium</span> <span class='ocrx_word' id='word_1_81' title='bbox 1591 759 1730 794; x_wconf 75' lang='lat' dir='ltr'>incessit</span> 
     </span>
     <span class='ocr_line' id='line_1_10' title="bbox 125 817 1733 866; baseline 0.003 -16"><span class='ocrx_word' id='word_1_82' title='bbox 125 817 246 863; x_wconf 81' lang='lat' dir='ltr'>plenus</span> <span class='ocrx_word' id='word_1_83' title='bbox 269 817 396 858; x_wconf 85' lang='lat' dir='ltr'>animi;</span> <span class='ocrx_word' id='word_1_84' title='bbox 419 822 455 852; x_wconf 92' lang='lat' dir='ltr'>ut</span> <span class='ocrx_word' id='word_1_85' title='bbox 479 824 674 864; x_wconf 78' lang='lat' dir='ltr'>appareret,</span> <span class='ocrx_word' id='word_1_86' title='bbox 698 820 809 854; x_wconf 88' lang='lat' dir='ltr'>virum</span> <span class='ocrx_word' id='word_1_87' title='bbox 834 832 922 862; x_wconf 89' lang='lat' dir='ltr'>esse,</span> <span class='ocrx_word' id='word_1_88' title='bbox 942 821 999 866; x_wconf 90' lang='lat' dir='ltr'>qui</span> <span class='ocrx_word' id='word_1_89' title='bbox 1022 820 1201 866; x_wconf 78' lang='lat' dir='ltr'>religionis</span> <span class='ocrx_word' id='word_1_90' title='bbox 1224 832 1297 855; x_wconf 80' lang='lat' dir='ltr'>suae</span> <span class='ocrx_word' id='word_1_91' title='bbox 1324 832 1429 855; x_wconf 86' lang='lat' dir='ltr'>causa</span> <span class='ocrx_word' id='word_1_92' title='bbox 1448 821 1558 855; x_wconf 87' lang='lat' dir='ltr'>minas</span> <span class='ocrx_word' id='word_1_93' title='bbox 1582 821 1733 855; x_wconf 89' lang='lat' dir='ltr'>hostium</span> 
     </span>
     <span class='ocr_line' id='line_1_11' title="bbox 125 878 1735 928; baseline 0.002 -16"><span class='ocrx_word' id='word_1_94' title='bbox 125 878 226 913; x_wconf 89' lang='lat' dir='ltr'>facile</span> <span class='ocrx_word' id='word_1_95' title='bbox 253 883 489 914; x_wconf 87' lang='lat' dir='ltr'>contemneret</span> <span class='ocrx_word' id='word_1_96' title='bbox 517 884 550 914; x_wconf 91' lang='lat' dir='ltr'>et</span> <span class='ocrx_word' id='word_1_97' title='bbox 577 881 741 926; x_wconf 89' lang='lat' dir='ltr'>pericula.</span> <span class='ocrx_word' id='word_1_98' title='bbox 765 882 886 928; x_wconf 91' lang='lat' dir='ltr'>Cupidi</span> <span class='ocrx_word' id='word_1_99' title='bbox 914 883 1076 928; x_wconf 85' lang='lat' dir='ltr'>deinceps</span> <span class='ocrx_word' id='word_1_100' title='bbox 1096 882 1347 928; x_wconf 82' lang='lat' dir='ltr'>profundendae</span> <span class='ocrx_word' id='word_1_101' title='bbox 1372 882 1477 917; x_wconf 89' lang='lat' dir='ltr'>etiam</span> <span class='ocrx_word' id='word_1_102' title='bbox 1496 882 1531 916; x_wconf 92' lang='lat' dir='ltr'>in</span> <span class='ocrx_word' id='word_1_103' title='bbox 1549 882 1611 916; x_wconf 89' lang='lat' dir='ltr'>tali</span> <span class='ocrx_word' id='word_1_104' title='bbox 1629 894 1735 917; x_wconf 88' lang='lat' dir='ltr'>causa</span> 
     </span>
     <span class='ocr_line' id='line_1_12' title="bbox 126 940 1736 990; baseline 0.002 -16"><span class='ocrx_word' id='word_1_105' title='bbox 126 940 205 975; x_wconf 79' lang='lat' dir='ltr'>vitae</span> <span class='ocrx_word' id='word_1_106' title='bbox 229 940 383 975; x_wconf 79' lang='lat' dir='ltr'>Joannes</span> <span class='ocrx_word' id='word_1_107' title='bbox 411 946 444 975; x_wconf 93' lang='lat' dir='ltr'>et</span> <span class='ocrx_word' id='word_1_108' title='bbox 475 942 613 983; x_wconf 85' lang='lat' dir='ltr'>Petrus,</span> <span class='ocrx_word' id='word_1_109' title='bbox 636 946 681 983; x_wconf 88' lang='lat' dir='ltr'>et,</span> <span class='ocrx_word' id='word_1_110' title='bbox 703 944 759 989; x_wconf 89' lang='lat' dir='ltr'>qui</span> <span class='ocrx_word' id='word_1_111' title='bbox 790 944 913 978; x_wconf 83' lang='lat' dir='ltr'>similia</span> <span class='ocrx_word' id='word_1_112' title='bbox 931 948 1009 990; x_wconf 90' lang='lat' dir='ltr'>post</span> <span class='ocrx_word' id='word_1_113' title='bbox 1028 948 1189 990; x_wconf 82' lang='lat' dir='ltr'>expertus</span> <span class='ocrx_word' id='word_1_114' title='bbox 1209 948 1313 985; x_wconf 83' lang='lat' dir='ltr'>esset,</span> <span class='ocrx_word' id='word_1_115' title='bbox 1337 945 1379 979; x_wconf 90' lang='grc' dir='ltr'>Ρ.</span> <span class='ocrx_word' id='word_1_116' title='bbox 1399 944 1554 978; x_wconf 57' lang='lat' dir='ltr'>&lt;Ioannes</span> <span class='ocrx_word' id='word_1_117' title='bbox 1587 943 1736 978; x_wconf 85' lang='lat' dir='ltr'>Ascher-</span> 
     </span>
     <span class='ocr_line' id='line_1_13' title="bbox 127 1002 1737 1052; baseline 0.001 -16"><span class='ocrx_word' id='word_1_118' title='bbox 127 1013 285 1042; x_wconf 83' lang='lat' dir='ltr'>mannus,</span> <span class='ocrx_word' id='word_1_119' title='bbox 304 1002 476 1047; x_wconf 76' lang='lat' dir='ltr'>rogabant</span> <span class='ocrx_word' id='word_1_120' title='bbox 494 1015 593 1037; x_wconf 89' lang='lat' dir='ltr'>suum</span> <span class='ocrx_word' id='word_1_121' title='bbox 609 1004 827 1039; x_wconf 80' lang='lat' dir='ltr'>Cardinalem</span> <span class='ocrx_word' id='word_1_122' title='bbox 854 1006 1066 1052; x_wconf 89' lang='lat' dir='ltr'>episcopum,</span> <span class='ocrx_word' id='word_1_123' title='bbox 1087 1005 1276 1051; x_wconf 85' lang='lat' dir='ltr'>Elbingam</span> <span class='ocrx_word' id='word_1_124' title='bbox 1295 1010 1331 1039; x_wconf 81' lang='lat' dir='ltr'>ut</span> <span class='ocrx_word' id='word_1_125' title='bbox 1346 1017 1382 1039; x_wconf 89' lang='lat' dir='ltr'>se</span> <span class='ocrx_word' id='word_1_126' title='bbox 1409 1006 1452 1039; x_wconf 88' lang='lat' dir='ltr'>ad</span> <span class='ocrx_word' id='word_1_127' title='bbox 1469 1005 1737 1051; x_wconf 77' lang='lat' dir='ltr'>promovendam</span> 
     </span>
     <span class='ocr_line' id='line_1_14' title="bbox 127 1063 1739 1113; baseline 0.002 -16"><span class='ocrx_word' id='word_1_128' title='bbox 127 1063 161 1097; x_wconf 92' lang='lat' dir='ltr'>in</span> <span class='ocrx_word' id='word_1_129' title='bbox 189 1064 328 1098; x_wconf 86' lang='lat' dir='ltr'>civitate</span> <span class='ocrx_word' id='word_1_130' title='bbox 351 1064 555 1110; x_wconf 73' lang='lat' dir='ltr'>religionem</span> <span class='ocrx_word' id='word_1_131' title='bbox 583 1066 781 1101; x_wconf 75' lang='lat' dir='ltr'>missitaret.</span> <span class='ocrx_word' id='word_1_132' title='bbox 810 1067 879 1102; x_wconf 86' lang='lat' dir='ltr'>Sed</span> <span class='ocrx_word' id='word_1_133' title='bbox 904 1067 1078 1102; x_wconf 79' lang='lat' dir='ltr'>alacribus</span> <span class='ocrx_word' id='word_1_134' title='bbox 1105 1067 1306 1113; x_wconf 75' lang='lat' dir='ltr'>praestanda</span> <span class='ocrx_word' id='word_1_135' title='bbox 1332 1067 1479 1113; x_wconf 89' lang='lat' dir='ltr'>primum</span> <span class='ocrx_word' id='word_1_136' title='bbox 1504 1071 1579 1101; x_wconf 85' lang='lat' dir='ltr'>erat</span> <span class='ocrx_word' id='word_1_137' title='bbox 1602 1067 1739 1102; x_wconf 88' lang='lat' dir='ltr'>decreto</span> 
     </span>
     <span class='ocr_line' id='line_1_15' title="bbox 127 1126 1737 1175; baseline 0.002 -16"><span class='ocrx_word' id='word_1_138' title='bbox 127 1126 222 1171; x_wconf 87' lang='lat' dir='ltr'>regio</span> <span class='ocrx_word' id='word_1_139' title='bbox 245 1126 425 1165; x_wconf 85' lang='lat' dir='ltr'>securitas,</span> <span class='ocrx_word' id='word_1_140' title='bbox 447 1126 549 1172; x_wconf 86' lang='lat' dir='ltr'>idque</span> <span class='ocrx_word' id='word_1_141' title='bbox 572 1127 762 1163; x_wconf 88' lang='lat' dir='ltr'>obtentum.</span> <span class='ocrx_word' id='word_1_142' title='bbox 786 1129 871 1163; x_wconf 84' lang='lat' dir='ltr'>Lata</span> <span class='ocrx_word' id='word_1_143' title='bbox 890 1129 926 1163; x_wconf 88' lang='lat' dir='ltr'>in</span> <span class='ocrx_word' id='word_1_144' title='bbox 950 1129 1182 1175; x_wconf 84' lang='lat' dir='ltr'>Elbingenses</span> <span class='ocrx_word' id='word_1_145' title='bbox 1205 1129 1378 1164; x_wconf 83' lang='lat' dir='ltr'>sententia</span> <span class='ocrx_word' id='word_1_146' title='bbox 1397 1141 1402 1162; x_wconf 92' lang='lat'>:</span> <span class='ocrx_word' id='word_1_147' title='bbox 1426 1129 1592 1174; x_wconf 66' lang='lat' dir='ltr'>irrogatoe</span> <span class='ocrx_word' id='word_1_148' title='bbox 1615 1129 1650 1162; x_wconf 92' lang='lat' dir='ltr'>in</span> <span class='ocrx_word' id='word_1_149' title='bbox 1678 1140 1737 1163; x_wconf 89' lang='lat' dir='ltr'>eos</span> 
     </span>
     <span class='ocr_line' id='line_1_16' title="bbox 127 1188 1738 1237; baseline 0.001 -14"><span class='ocrx_word' id='word_1_150' title='bbox 127 1200 251 1234; x_wconf 79' lang='lat' dir='ltr'>poenae,</span> <span class='ocrx_word' id='word_1_151' title='bbox 274 1188 343 1234; x_wconf 90' lang='lat' dir='ltr'>qui,</span> <span class='ocrx_word' id='word_1_152' title='bbox 366 1200 386 1222; x_wconf 82' lang='lat' dir='ltr'>a</span> <span class='ocrx_word' id='word_1_153' title='bbox 406 1188 547 1223; x_wconf 88' lang='lat' dir='ltr'>Varmio</span> <span class='ocrx_word' id='word_1_154' title='bbox 567 1190 689 1224; x_wconf 88' lang='lat' dir='ltr'>missos</span> <span class='ocrx_word' id='word_1_155' title='bbox 720 1191 892 1236; x_wconf 82' lang='lat' dir='ltr'>episcopo,</span> <span class='ocrx_word' id='word_1_156' title='bbox 916 1191 1116 1225; x_wconf 77' lang='lat' dir='ltr'>christianae</span> <span class='ocrx_word' id='word_1_157' title='bbox 1137 1191 1316 1237; x_wconf 79' lang='lat' dir='ltr'>religionis</span> <span class='ocrx_word' id='word_1_158' title='bbox 1335 1191 1518 1236; x_wconf 83' lang='lat' dir='ltr'>magistros</span> <span class='ocrx_word' id='word_1_159' title='bbox 1536 1191 1738 1225; x_wconf 89' lang='lat' dir='ltr'>conturbas-</span> 
     </span>
     <span class='ocr_line' id='line_1_17' title="bbox 129 1250 1742 1299; baseline 0.002 -15"><span class='ocrx_word' id='word_1_160' title='bbox 129 1253 217 1286; x_wconf 89' lang='lat' dir='ltr'>sent.</span> <span class='ocrx_word' id='word_1_161' title='bbox 237 1250 290 1284; x_wconf 88' lang='lat' dir='ltr'>Ita</span> <span class='ocrx_word' id='word_1_162' title='bbox 307 1250 519 1289; x_wconf 82' lang='lat' dir='ltr'>communiti,</span> <span class='ocrx_word' id='word_1_163' title='bbox 541 1252 759 1297; x_wconf 82' lang='lat' dir='ltr'>tranquillius</span> <span class='ocrx_word' id='word_1_164' title='bbox 779 1252 902 1287; x_wconf 86' lang='lat' dir='ltr'>deinde</span> <span class='ocrx_word' id='word_1_165' title='bbox 924 1253 1015 1288; x_wconf 85' lang='lat' dir='ltr'>Socii</span> <span class='ocrx_word' id='word_1_166' title='bbox 1036 1253 1127 1287; x_wconf 87' lang='lat' dir='ltr'>inter</span> <span class='ocrx_word' id='word_1_167' title='bbox 1151 1253 1384 1299; x_wconf 86' lang='lat' dir='ltr'>Elbingenses</span> <span class='ocrx_word' id='word_1_168' title='bbox 1404 1253 1620 1294; x_wconf 85' lang='lat' dir='ltr'>habitarunt,</span> <span class='ocrx_word' id='word_1_169' title='bbox 1640 1253 1742 1287; x_wconf 84' lang='lat' dir='ltr'>collo-</span> 
     </span>
     <span class='ocr_line' id='line_1_18' title="bbox 129 1312 1743 1361; baseline 0.002 -15"><span class='ocrx_word' id='word_1_170' title='bbox 129 1312 192 1346; x_wconf 86' lang='lat' dir='ltr'>cati</span> <span class='ocrx_word' id='word_1_171' title='bbox 221 1312 264 1346; x_wconf 89' lang='lat' dir='ltr'>ad</span> <span class='ocrx_word' id='word_1_172' title='bbox 285 1312 394 1347; x_wconf 69' lang='lat' dir='ltr'>aedem</span> <span class='ocrx_word' id='word_1_173' title='bbox 414 1312 593 1347; x_wconf 87' lang='lat' dir='ltr'>curialem.</span> <span class='ocrx_word' id='word_1_174' title='bbox 625 1313 760 1358; x_wconf 80' lang='lat' dir='ltr'>Agrum</span> <span class='ocrx_word' id='word_1_175' title='bbox 789 1314 845 1348; x_wconf 87' lang='lat' dir='ltr'>hic</span> <span class='ocrx_word' id='word_1_176' title='bbox 872 1315 1021 1359; x_wconf 89' lang='lat' dir='ltr'>operarii</span> <span class='ocrx_word' id='word_1_177' title='bbox 1039 1315 1132 1349; x_wconf 84' lang='lat' dir='ltr'>nacti</span> <span class='ocrx_word' id='word_1_178' title='bbox 1159 1327 1243 1349; x_wconf 90' lang='lat' dir='ltr'>sane</span> <span class='ocrx_word' id='word_1_179' title='bbox 1270 1315 1483 1361; x_wconf 86' lang='lat' dir='ltr'>malignum;</span> <span class='ocrx_word' id='word_1_180' title='bbox 1506 1316 1651 1350; x_wconf 90' lang='lat' dir='ltr'>multum</span> <span class='ocrx_word' id='word_1_181' title='bbox 1678 1315 1743 1349; x_wconf 90' lang='lat' dir='ltr'>hoc</span> 
     </span>
     <span class='ocr_line' id='line_1_19' title="bbox 130 1373 1744 1423; baseline 0.003 -16"><span class='ocrx_word' id='word_1_182' title='bbox 130 1385 221 1408; x_wconf 86' lang='lat' dir='ltr'>anno</span> <span class='ocrx_word' id='word_1_183' title='bbox 240 1373 400 1420; x_wconf 70' lang='lat' dir='ltr'>Elbingae</span> <span class='ocrx_word' id='word_1_184' title='bbox 418 1374 604 1421; x_wconf 86' lang='lat' dir='ltr'>profecisse</span> <span class='ocrx_word' id='word_1_185' title='bbox 623 1375 687 1409; x_wconf 82' lang='lat' dir='ltr'>visi</span> <span class='ocrx_word' id='word_1_186' title='bbox 705 1375 826 1410; x_wconf 88' lang='lat' dir='ltr'>labore</span> <span class='ocrx_word' id='word_1_187' title='bbox 842 1377 1024 1421; x_wconf 80' lang='lat' dir='ltr'>pertinaci,</span> <span class='ocrx_word' id='word_1_188' title='bbox 1043 1377 1133 1422; x_wconf 88' lang='lat' dir='ltr'>quod</span> <span class='ocrx_word' id='word_1_189' title='bbox 1148 1377 1190 1412; x_wconf 93' lang='lat' dir='ltr'>de</span> <span class='ocrx_word' id='word_1_190' title='bbox 1209 1381 1283 1411; x_wconf 87' lang='lat' dir='ltr'>tota</span> <span class='ocrx_word' id='word_1_191' title='bbox 1303 1378 1442 1412; x_wconf 89' lang='lat' dir='ltr'>civitate</span> <span class='ocrx_word' id='word_1_192' title='bbox 1460 1378 1606 1423; x_wconf 85' lang='lat' dir='ltr'>triginta</span> <span class='ocrx_word' id='word_1_193' title='bbox 1624 1378 1744 1412; x_wconf 90' lang='lat' dir='ltr'>homu-</span> 
     </span>
    </p>
   </div>
   <div class='ocr_carea' id='block_1_4' title="bbox 130 1434 1744 1544">
    <p class='ocr_par' dir='ltr' id='par_1_4' title="bbox 130 1434 1744 1544">
     <span class='ocr_line' id='line_1_20' title="bbox 130 1434 1744 1485; baseline 0.003 -16"><span class='ocrx_word' id='word_1_194' title='bbox 130 1434 194 1475; x_wconf 86' lang='lat' dir='ltr'>los,</span> <span class='ocrx_word' id='word_1_195' title='bbox 215 1447 342 1481; x_wconf 88' lang='lat' dir='ltr'>eosque</span> <span class='ocrx_word' id='word_1_196' title='bbox 361 1436 435 1482; x_wconf 90' lang='lat' dir='ltr'>ipso</span> <span class='ocrx_word' id='word_1_197' title='bbox 455 1436 563 1471; x_wconf 89' lang='lat' dir='ltr'>natali</span> <span class='ocrx_word' id='word_1_198' title='bbox 582 1436 773 1471; x_wconf 84' lang='lat' dir='ltr'>Salvatoris</span> <span class='ocrx_word' id='word_1_199' title='bbox 794 1437 863 1478; x_wconf 83' lang='lat' dir='ltr'>die,</span> <span class='ocrx_word' id='word_1_200' title='bbox 882 1438 925 1472; x_wconf 87' lang='lat' dir='ltr'>ad</span> <span class='ocrx_word' id='word_1_201' title='bbox 945 1449 1101 1473; x_wconf 88' lang='lat' dir='ltr'>mensam</span> <span class='ocrx_word' id='word_1_202' title='bbox 1122 1439 1275 1473; x_wconf 88' lang='lat' dir='ltr'>divinam</span> <span class='ocrx_word' id='word_1_203' title='bbox 1293 1439 1527 1485; x_wconf 78' lang='lat' dir='ltr'>collegissent.</span> <span class='ocrx_word' id='word_1_204' title='bbox 1552 1439 1649 1474; x_wconf 86' lang='lat' dir='ltr'>Adeo</span> <span class='ocrx_word' id='word_1_205' title='bbox 1670 1451 1744 1474; x_wconf 92' lang='lat' dir='ltr'>cor-</span> 
     </span>
     <span class='ocr_line' id='line_1_21' title="bbox 131 1497 877 1544; baseline 0.004 -14"><span class='ocrx_word' id='word_1_206' title='bbox 131 1500 232 1542; x_wconf 87' lang='lat' dir='ltr'>rupta</span> <span class='ocrx_word' id='word_1_207' title='bbox 251 1497 373 1532; x_wconf 86' lang='lat' dir='ltr'>civitas</span> <span class='ocrx_word' id='word_1_208' title='bbox 391 1498 634 1533; x_wconf 57' lang='lat' dir='ltr'>haereticorum</span> <span class='ocrx_word' id='word_1_209' title='bbox 653 1499 877 1544; x_wconf 77' lang='lat' dir='ltr'>magisteriis.</span> 
     </span>
    </p>
   </div>
   <div class='ocr_carea' id='block_1_5' title="bbox 125 463 141 722">
    <p class='ocr_par' dir='ltr' id='par_1_5' title="bbox 125 463 141 722">
     <span class='ocr_line' id='line_1_22' title="bbox 125 463 141 722; textangle 90"><span class='ocrx_word' id='word_1_210' title='bbox 126 708 141 722; x_wconf 68' lang='lat' dir='ltr'>R</span> <span class='ocrx_word' id='word_1_211' title='bbox 126 645 141 660; x_wconf 61' lang='lat' dir='ltr'><strong>R</strong></span> <span class='ocrx_word' id='word_1_212' title='bbox 126 583 140 598; x_wconf 71' lang='lat' dir='ltr'><strong>R</strong></span> <span class='ocrx_word' id='word_1_213' title='bbox 125 525 139 539; x_wconf 62' lang='lat' dir='ltr'>R</span> <span class='ocrx_word' id='word_1_214' title='bbox 125 463 139 477; x_wconf 70' lang='lat'>3:</span> 
     </span>
    </p>
   </div>
   <div class='ocr_carea' id='block_1_6' title="bbox 134 1584 1756 2374">
    <p class='ocr_par' dir='ltr' id='par_1_6' title="bbox 134 1584 1756 2374">
     <span class='ocr_line' id='line_1_23' title="bbox 181 1584 1744 1631; baseline 0.003 -13"><span class='ocrx_word' id='word_1_215' title='bbox 181 1584 332 1619; x_wconf 84' lang='lat' dir='ltr'>Facilior</span> <span class='ocrx_word' id='word_1_216' title='bbox 358 1584 465 1619; x_wconf 87' lang='lat' dir='ltr'>multo</span> <span class='ocrx_word' id='word_1_217' title='bbox 496 1584 596 1619; x_wconf 88' lang='lat' dir='ltr'>labor</span> <span class='ocrx_word' id='word_1_218' title='bbox 626 1585 825 1631; x_wconf 88' lang='lat' dir='ltr'>fructusque</span> <span class='ocrx_word' id='word_1_219' title='bbox 852 1586 991 1620; x_wconf 86' lang='lat' dir='ltr'>uberior</span> <span class='ocrx_word' id='word_1_220' title='bbox 1025 1585 1220 1627; x_wconf 75' lang='lat' dir='ltr'>Pultoviae,</span> <span class='ocrx_word' id='word_1_221' title='bbox 1242 1587 1431 1622; x_wconf 82' lang='lat' dir='ltr'>incivitate</span> <span class='ocrx_word' id='word_1_222' title='bbox 1468 1588 1628 1622; x_wconf 85' lang='lat' dir='ltr'>nimirum</span> <span class='ocrx_word' id='word_1_223' title='bbox 1657 1589 1744 1623; x_wconf 87' lang='lat' dir='ltr'>bene</span> 
     </span>
     <span class='ocr_line' id='line_1_24' title="bbox 135 1647 1744 1695; baseline 0.004 -17"><span class='ocrx_word' id='word_1_224' title='bbox 135 1649 279 1686; x_wconf 86' lang='lat' dir='ltr'>morata,</span> <span class='ocrx_word' id='word_1_225' title='bbox 301 1657 431 1691; x_wconf 89' lang='lat' dir='ltr'>suoque</span> <span class='ocrx_word' id='word_1_226' title='bbox 451 1647 611 1681; x_wconf 80' lang='lat' dir='ltr'>Pontifici</span> <span class='ocrx_word' id='word_1_227' title='bbox 627 1647 850 1692; x_wconf 86' lang='lat' dir='ltr'>obsequente.</span> <span class='ocrx_word' id='word_1_228' title='bbox 874 1647 1019 1693; x_wconf 89' lang='lat' dir='ltr'>Templo</span> <span class='ocrx_word' id='word_1_229' title='bbox 1038 1647 1094 1682; x_wconf 92' lang='lat' dir='ltr'>hic</span> <span class='ocrx_word' id='word_1_230' title='bbox 1108 1648 1313 1683; x_wconf 67' lang='lat' dir='ltr'>{edificando</span> <span class='ocrx_word' id='word_1_231' title='bbox 1341 1650 1430 1695; x_wconf 84' lang='lat' dir='ltr'>lapis</span> <span class='ocrx_word' id='word_1_232' title='bbox 1456 1650 1637 1695; x_wconf 85' lang='lat' dir='ltr'>angularis</span> <span class='ocrx_word' id='word_1_233' title='bbox 1663 1651 1744 1684; x_wconf 64' lang='lat' dir='ltr'>l2¹¹¹⁰</span> 
     </span>
     <span class='ocr_line' id='line_1_25' title="bbox 134 1707 1744 1757; baseline 0.003 -16"><span class='ocrx_word' id='word_1_234' title='bbox 134 1707 303 1742; x_wconf 80' lang='lat' dir='ltr'>kalendas</span> <span class='ocrx_word' id='word_1_235' title='bbox 323 1709 486 1754; x_wconf 89' lang='lat' dir='ltr'>quintiles</span> <span class='ocrx_word' id='word_1_236' title='bbox 505 1721 522 1743; x_wconf 83' lang='lat' dir='ltr'>a</span> <span class='ocrx_word' id='word_1_237' title='bbox 542 1709 721 1744; x_wconf 88' lang='lat' dir='ltr'>conditore</span> <span class='ocrx_word' id='word_1_238' title='bbox 737 1709 880 1743; x_wconf 83' lang='lat' dir='ltr'>Andrea</span> <span class='ocrx_word' id='word_1_239' title='bbox 900 1709 1138 1750; x_wconf 81' lang='lat' dir='ltr'>Noskovskio,</span> <span class='ocrx_word' id='word_1_240' title='bbox 1172 1711 1392 1746; x_wconf 86' lang='lat' dir='ltr'>Plocensium</span> <span class='ocrx_word' id='word_1_241' title='bbox 1407 1712 1583 1757; x_wconf 83' lang='lat' dir='ltr'>episcopo,</span> <span class='ocrx_word' id='word_1_242' title='bbox 1606 1711 1744 1746; x_wconf 84' lang='lat' dir='ltr'>dedica-</span> 
     </span>
     <span class='ocr_line' id='line_1_26' title="bbox 135 1768 1742 1818; baseline 0.003 -16"><span class='ocrx_word' id='word_1_243' title='bbox 135 1772 189 1803; x_wconf 91' lang='lat' dir='ltr'>tus</span> <span class='ocrx_word' id='word_1_244' title='bbox 207 1781 214 1810; x_wconf 83' lang='lat'>;</span> <span class='ocrx_word' id='word_1_245' title='bbox 236 1768 270 1802; x_wconf 89' lang='lat' dir='ltr'>id</span> <span class='ocrx_word' id='word_1_246' title='bbox 290 1769 379 1814; x_wconf 86' lang='lat' dir='ltr'>quod</span> <span class='ocrx_word' id='word_1_247' title='bbox 398 1769 469 1804; x_wconf 88' lang='lat' dir='ltr'>fere</span> <span class='ocrx_word' id='word_1_248' title='bbox 487 1770 646 1804; x_wconf 89' lang='lat' dir='ltr'>ultimum</span> <span class='ocrx_word' id='word_1_249' title='bbox 664 1770 728 1804; x_wconf 88' lang='lat' dir='ltr'>fuit</span> <span class='ocrx_word' id='word_1_250' title='bbox 746 1782 877 1811; x_wconf 81' lang='lat' dir='ltr'>eorum,</span> <span class='ocrx_word' id='word_1_251' title='bbox 897 1782 974 1816; x_wconf 79' lang='lat' dir='ltr'>quae</span> <span class='ocrx_word' id='word_1_252' title='bbox 1005 1771 1082 1816; x_wconf 89' lang='lat' dir='ltr'>pius</span> <span class='ocrx_word' id='word_1_253' title='bbox 1110 1772 1255 1807; x_wconf 86' lang='lat' dir='ltr'>antistes</span> <span class='ocrx_word' id='word_1_254' title='bbox 1273 1773 1358 1807; x_wconf 90' lang='lat' dir='ltr'>locis</span> <span class='ocrx_word' id='word_1_255' title='bbox 1381 1777 1547 1807; x_wconf 84' lang='lat' dir='ltr'>statuerat</span> <span class='ocrx_word' id='word_1_256' title='bbox 1571 1772 1742 1818; x_wconf 88' lang='lat' dir='ltr'>pluribus,</span> 
     </span>
     <span class='ocr_line' id='line_1_27' title="bbox 136 1830 1748 1878; baseline 0.002 -14"><span class='ocrx_word' id='word_1_257' title='bbox 136 1830 273 1875; x_wconf 88' lang='lat' dir='ltr'>pietatis</span> <span class='ocrx_word' id='word_1_258' title='bbox 300 1842 372 1865; x_wconf 81' lang='lat' dir='ltr'>suae</span> <span class='ocrx_word' id='word_1_259' title='bbox 395 1836 654 1866; x_wconf 81' lang='lat' dir='ltr'>monumentum</span> <span class='ocrx_word' id='word_1_260' title='bbox 673 1844 680 1872; x_wconf 88' lang='grc'>;</span> <span class='ocrx_word' id='word_1_261' title='bbox 702 1844 782 1866; x_wconf 87' lang='lat' dir='ltr'>nam</span> <span class='ocrx_word' id='word_1_262' title='bbox 815 1832 969 1878; x_wconf 82' lang='lat' dir='ltr'>ejusdem</span> <span class='ocrx_word' id='word_1_263' title='bbox 987 1832 1068 1866; x_wconf 87' lang='lat' dir='ltr'>anni</span> <span class='ocrx_word' id='word_1_264' title='bbox 1088 1843 1178 1866; x_wconf 89' lang='lat' dir='ltr'>nono</span> <span class='ocrx_word' id='word_1_265' title='bbox 1210 1833 1380 1868; x_wconf 78' lang='lat' dir='ltr'>kalendas</span> <span class='ocrx_word' id='word_1_266' title='bbox 1400 1835 1618 1873; x_wconf 83' lang='lat' dir='ltr'>novembres,</span> <span class='ocrx_word' id='word_1_267' title='bbox 1636 1834 1748 1869; x_wconf 69' lang='lat' dir='ltr'>aetatis</span> 
     </span>
     <span class='ocr_line' id='line_1_28' title="bbox 139 1892 1748 1941; baseline 0.002 -15"><span class='ocrx_word' id='word_1_268' title='bbox 139 1903 210 1926; x_wconf 66' lang='lat' dir='ltr'>suae</span> <span class='ocrx_word' id='word_1_269' title='bbox 229 1892 326 1933; x_wconf 78' lang='lat'>75¹¹¹⁰‚</span> <span class='ocrx_word' id='word_1_270' title='bbox 357 1892 480 1938; x_wconf 91' lang='lat' dir='ltr'>plenus</span> <span class='ocrx_word' id='word_1_271' title='bbox 499 1894 668 1928; x_wconf 86' lang='lat' dir='ltr'>bonorum</span> <span class='ocrx_word' id='word_1_272' title='bbox 699 1905 856 1939; x_wconf 90' lang='lat' dir='ltr'>operum,</span> <span class='ocrx_word' id='word_1_273' title='bbox 879 1894 1041 1928; x_wconf 85' lang='lat' dir='ltr'>decessit.</span> <span class='ocrx_word' id='word_1_274' title='bbox 1065 1893 1137 1928; x_wconf 85' lang='lat' dir='ltr'>Res</span> <span class='ocrx_word' id='word_1_275' title='bbox 1164 1895 1208 1929; x_wconf 91' lang='lat' dir='ltr'>ab</span> <span class='ocrx_word' id='word_1_276' title='bbox 1229 1895 1368 1930; x_wconf 74' lang='lat' dir='ltr'>Andrea</span> <span class='ocrx_word' id='word_1_277' title='bbox 1402 1900 1522 1941; x_wconf 85' lang='lat' dir='ltr'>gestas</span> <span class='ocrx_word' id='word_1_278' title='bbox 1551 1895 1748 1930; x_wconf 81' lang='lat' dir='ltr'>Stanislaus</span> 
     </span>
     <span class='ocr_line' id='line_1_29' title="bbox 140 1952 1745 2002; baseline 0.002 -16"><span class='ocrx_word' id='word_1_279' title='bbox 140 1952 371 1988; x_wconf 84' lang='lat' dir='ltr'>Lubienskius</span> <span class='ocrx_word' id='word_1_280' title='bbox 397 1954 433 1988; x_wconf 94' lang='lat' dir='ltr'>in</span> <span class='ocrx_word' id='word_1_281' title='bbox 459 1954 549 1989; x_wconf 90' lang='lat' dir='ltr'>Vitis</span> <span class='ocrx_word' id='word_1_282' title='bbox 568 1955 811 2001; x_wconf 89' lang='lat' dir='ltr'>episcoporum</span> <span class='ocrx_word' id='word_1_283' title='bbox 831 1954 1066 1995; x_wconf 83' lang='lat' dir='ltr'>Plocensium,</span> <span class='ocrx_word' id='word_1_284' title='bbox 1090 1958 1124 1989; x_wconf 87' lang='lat' dir='ltr'>et</span> <span class='ocrx_word' id='word_1_285' title='bbox 1147 1955 1307 1990; x_wconf 86' lang='lat' dir='ltr'>Andreas</span> <span class='ocrx_word' id='word_1_286' title='bbox 1329 1956 1580 1996; x_wconf 69' lang='lat' dir='ltr'>Sviencickius‚</span> <span class='ocrx_word' id='word_1_287' title='bbox 1607 1956 1745 2002; x_wconf 85' lang='lat' dir='ltr'>provin-</span> 
     </span>
     <span class='ocr_line' id='line_1_30' title="bbox 141 2016 1748 2063; baseline 0.001 -13"><span class='ocrx_word' id='word_1_288' title='bbox 141 2016 236 2050; x_wconf 89' lang='lat' dir='ltr'>cialis</span> <span class='ocrx_word' id='word_1_289' title='bbox 251 2016 462 2052; x_wconf 90' lang='lat' dir='ltr'>Nurensium</span> <span class='ocrx_word' id='word_1_290' title='bbox 481 2018 650 2058; x_wconf 86' lang='lat' dir='ltr'>notarius,</span> <span class='ocrx_word' id='word_1_291' title='bbox 672 2018 796 2053; x_wconf 86' lang='lat' dir='ltr'>litteris</span> <span class='ocrx_word' id='word_1_292' title='bbox 811 2018 1074 2063; x_wconf 73' lang='lat' dir='ltr'>consignarunt.</span> <span class='ocrx_word' id='word_1_293' title='bbox 1094 2017 1298 2051; x_wconf 84' lang='lat' dir='ltr'>Laudantur</span> <span class='ocrx_word' id='word_1_294' title='bbox 1314 2017 1350 2051; x_wconf 93' lang='lat' dir='ltr'>in</span> <span class='ocrx_word' id='word_1_295' title='bbox 1368 2017 1434 2051; x_wconf 92' lang='lat' dir='ltr'>hoc</span> <span class='ocrx_word' id='word_1_296' title='bbox 1452 2017 1527 2051; x_wconf 80' lang='lat' dir='ltr'>viro</span> <span class='ocrx_word' id='word_1_297' title='bbox 1547 2018 1722 2063; x_wconf 69' lang='lat' dir='ltr'>praecipue</span> <span class='ocrx_word' id='word_1_298' title='bbox 1742 2030 1748 2052; x_wconf 89' lang='lat'>:</span> 
     </span>
     <span class='ocr_line' id='line_1_31' title="bbox 142 2077 1752 2124; baseline 0.001 -13"><span class='ocrx_word' id='word_1_299' title='bbox 142 2077 307 2120; x_wconf 80' lang='lat' dir='ltr'>doctrina,</span> <span class='ocrx_word' id='word_1_300' title='bbox 342 2078 521 2124; x_wconf 85' lang='lat' dir='ltr'>religionis</span> <span class='ocrx_word' id='word_1_301' title='bbox 551 2080 715 2120; x_wconf 88' lang='lat' dir='ltr'>studium,</span> <span class='ocrx_word' id='word_1_302' title='bbox 749 2090 846 2113; x_wconf 88' lang='lat' dir='ltr'>amor</span> <span class='ocrx_word' id='word_1_303' title='bbox 876 2078 1012 2124; x_wconf 72' lang='lat' dir='ltr'>patriae,</span> <span class='ocrx_word' id='word_1_304' title='bbox 1035 2078 1271 2112; x_wconf 86' lang='lat' dir='ltr'>munificentia</span> <span class='ocrx_word' id='word_1_305' title='bbox 1306 2078 1340 2112; x_wconf 89' lang='lat' dir='ltr'>in</span> <span class='ocrx_word' id='word_1_306' title='bbox 1369 2082 1526 2124; x_wconf 82' lang='lat' dir='ltr'>egentes,</span> <span class='ocrx_word' id='word_1_307' title='bbox 1549 2077 1685 2112; x_wconf 88' lang='lat' dir='ltr'>animus</span> <span class='ocrx_word' id='word_1_308' title='bbox 1716 2078 1752 2112; x_wconf 91' lang='lat' dir='ltr'>in</span> 
     </span>
     <span class='ocr_line' id='line_1_32' title="bbox 142 2139 1754 2185; baseline 0.002 -13"><span class='ocrx_word' id='word_1_309' title='bbox 142 2139 289 2174; x_wconf 83' lang='lat' dir='ltr'>sortunae</span> <span class='ocrx_word' id='word_1_310' title='bbox 322 2141 550 2175; x_wconf 85' lang='lat' dir='ltr'>varietatibus</span> <span class='ocrx_word' id='word_1_311' title='bbox 582 2146 759 2181; x_wconf 86' lang='lat' dir='ltr'>constans,</span> <span class='ocrx_word' id='word_1_312' title='bbox 782 2152 916 2174; x_wconf 87' lang='lat' dir='ltr'>morum</span> <span class='ocrx_word' id='word_1_313' title='bbox 948 2140 1070 2174; x_wconf 87' lang='lat' dir='ltr'>decora</span> <span class='ocrx_word' id='word_1_314' title='bbox 1091 2143 1127 2174; x_wconf 92' lang='lat' dir='ltr'>et</span> <span class='ocrx_word' id='word_1_315' title='bbox 1156 2141 1328 2175; x_wconf 71' lang='lat' dir='ltr'>universae</span> <span class='ocrx_word' id='word_1_316' title='bbox 1347 2140 1428 2175; x_wconf 77' lang='lat' dir='ltr'>vitae</span> <span class='ocrx_word' id='word_1_317' title='bbox 1459 2140 1690 2185; x_wconf 83' lang='lat' dir='ltr'>aequabilitas.</span> <span class='ocrx_word' id='word_1_318' title='bbox 1715 2142 1754 2175; x_wconf 89' lang='lat' dir='ltr'>ln</span> 
     </span>
     <span class='ocr_line' id='line_1_33' title="bbox 145 2201 1756 2249; baseline 0.001 -14"><span class='ocrx_word' id='word_1_319' title='bbox 145 2201 335 2247; x_wconf 83' lang='lat' dir='ltr'>Collegium</span> <span class='ocrx_word' id='word_1_320' title='bbox 366 2203 611 2237; x_wconf 86' lang='lat' dir='ltr'>canonicorum</span> <span class='ocrx_word' id='word_1_321' title='bbox 631 2202 989 2247; x_wconf 77' lang='lat' dir='ltr'>Pultoviensiumjam</span> <span class='ocrx_word' id='word_1_322' title='bbox 1008 2202 1218 2248; x_wconf 82' lang='lat' dir='ltr'>adscriptus,</span> <span class='ocrx_word' id='word_1_323' title='bbox 1238 2203 1386 2237; x_wconf 87' lang='lat' dir='ltr'>Romam</span> <span class='ocrx_word' id='word_1_324' title='bbox 1402 2202 1577 2249; x_wconf 88' lang='lat' dir='ltr'>profectus</span> <span class='ocrx_word' id='word_1_325' title='bbox 1591 2203 1635 2236; x_wconf 89' lang='lat' dir='ltr'>ad</span> <span class='ocrx_word' id='word_1_326' title='bbox 1650 2203 1756 2237; x_wconf 92' lang='lat' dir='ltr'>hono-</span> 
     </span>
     <span class='ocr_line' id='line_1_34' title="bbox 145 2264 1755 2311; baseline 0 -13"><span class='ocrx_word' id='word_1_327' title='bbox 145 2264 255 2299; x_wconf 86' lang='lat' dir='ltr'>randa</span> <span class='ocrx_word' id='word_1_328' title='bbox 276 2265 522 2311; x_wconf 87' lang='lat' dir='ltr'>Apostolorum</span> <span class='ocrx_word' id='word_1_329' title='bbox 541 2265 672 2307; x_wconf 86' lang='lat' dir='ltr'>limina,</span> <span class='ocrx_word' id='word_1_330' title='bbox 703 2266 810 2300; x_wconf 84' lang='lat' dir='ltr'>vitam</span> <span class='ocrx_word' id='word_1_331' title='bbox 835 2265 959 2300; x_wconf 88' lang='lat' dir='ltr'>deinde</span> <span class='ocrx_word' id='word_1_332' title='bbox 983 2265 1031 2299; x_wconf 91' lang='lat' dir='ltr'>sic</span> <span class='ocrx_word' id='word_1_333' title='bbox 1058 2264 1220 2306; x_wconf 80' lang='lat' dir='ltr'>instituit,</span> <span class='ocrx_word' id='word_1_334' title='bbox 1242 2268 1280 2298; x_wconf 88' lang='lat' dir='ltr'>ut</span> <span class='ocrx_word' id='word_1_335' title='bbox 1302 2264 1338 2298; x_wconf 92' lang='lat' dir='ltr'>in</span> <span class='ocrx_word' id='word_1_336' title='bbox 1364 2264 1482 2310; x_wconf 91' lang='lat' dir='ltr'>primis</span> <span class='ocrx_word' id='word_1_337' title='bbox 1510 2268 1614 2304; x_wconf 87' lang='lat' dir='ltr'>esset,</span> <span class='ocrx_word' id='word_1_338' title='bbox 1645 2276 1666 2298; x_wconf 83' lang='lat' dir='ltr'>a</span> <span class='ocrx_word' id='word_1_339' title='bbox 1688 2275 1755 2309; x_wconf 90' lang='lat' dir='ltr'>quo</span> 
     </span>
     <span class='ocr_line' id='line_1_35' title="bbox 149 2325 1754 2374; baseline 0.001 -16"><span class='ocrx_word' id='word_1_340' title='bbox 149 2325 326 2370; x_wconf 89' lang='lat' dir='ltr'>probitatis</span> <span class='ocrx_word' id='word_1_341' title='bbox 341 2328 500 2374; x_wconf 80' lang='lat' dir='ltr'>exempla</span> <span class='ocrx_word' id='word_1_342' title='bbox 515 2332 722 2374; x_wconf 84' lang='lat' dir='ltr'>peterentur.</span> <span class='ocrx_word' id='word_1_343' title='bbox 736 2328 943 2363; x_wconf 85' lang='lat' dir='ltr'>Meritorum</span> <span class='ocrx_word' id='word_1_344' title='bbox 958 2327 1123 2372; x_wconf 83' lang='lat' dir='ltr'>suffragio</span> <span class='ocrx_word' id='word_1_345' title='bbox 1152 2330 1289 2361; x_wconf 86' lang='lat' dir='ltr'>creatus</span> <span class='ocrx_word' id='word_1_346' title='bbox 1305 2326 1527 2361; x_wconf 89' lang='lat' dir='ltr'>Plocensium</span> <span class='ocrx_word' id='word_1_347' title='bbox 1560 2326 1754 2372; x_wconf 85' lang='lat' dir='ltr'>episcopus,</span> 
     </span>
    </p>
   </div>
   <div class='ocr_carea' id='block_1_7' title="bbox 150 2386 1761 2557">
    <p class='ocr_par' dir='ltr' id='par_1_7' title="bbox 150 2386 1761 2557">
     <span class='ocr_line' id='line_1_36' title="bbox 150 2386 1761 2435; baseline 0.002 -16"><span class='ocrx_word' id='word_1_348' title='bbox 150 2386 236 2420; x_wconf 89' lang='lat' dir='ltr'>nihil</span> <span class='ocrx_word' id='word_1_349' title='bbox 253 2388 426 2434; x_wconf 87' lang='lat' dir='ltr'>antiquius</span> <span class='ocrx_word' id='word_1_350' title='bbox 442 2389 576 2430; x_wconf 84' lang='lat' dir='ltr'>habuit,</span> <span class='ocrx_word' id='word_1_351' title='bbox 596 2401 698 2435; x_wconf 89' lang='lat' dir='ltr'>quam</span> <span class='ocrx_word' id='word_1_352' title='bbox 716 2389 896 2435; x_wconf 87' lang='lat' dir='ltr'>religionis</span> <span class='ocrx_word' id='word_1_353' title='bbox 914 2388 1096 2424; x_wconf 56' lang='lat' dir='ltr'>catholicae</span> <span class='ocrx_word' id='word_1_354' title='bbox 1112 2388 1331 2424; x_wconf 84' lang='lat' dir='ltr'>sanctitatem</span> <span class='ocrx_word' id='word_1_355' title='bbox 1348 2389 1517 2424; x_wconf 88' lang='lat' dir='ltr'>adversus</span> <span class='ocrx_word' id='word_1_356' title='bbox 1537 2389 1677 2423; x_wconf 85' lang='lat' dir='ltr'>fraudes</span> <span class='ocrx_word' id='word_1_357' title='bbox 1692 2388 1761 2422; x_wconf 66' lang='lat' dir='ltr'>hre-</span> 
     </span>
     <span class='ocr_line' id='line_1_37' title="bbox 153 2447 1761 2497; baseline 0.001 -16"><span class='ocrx_word' id='word_1_358' title='bbox 153 2447 277 2483; x_wconf 85' lang='lat' dir='ltr'>reticas</span> <span class='ocrx_word' id='word_1_359' title='bbox 297 2450 385 2485; x_wconf 89' lang='lat' dir='ltr'>tueri</span> <span class='ocrx_word' id='word_1_360' title='bbox 404 2461 444 2485; x_wconf 89' lang='lat' dir='ltr'>ac</span> <span class='ocrx_word' id='word_1_361' title='bbox 462 2462 669 2497; x_wconf 84' lang='lat' dir='ltr'>propagare.</span> <span class='ocrx_word' id='word_1_362' title='bbox 694 2450 817 2485; x_wconf 82' lang='lat' dir='ltr'>Effecit</span> <span class='ocrx_word' id='word_1_363' title='bbox 837 2451 965 2495; x_wconf 86' lang='lat' dir='ltr'>itaque,</span> <span class='ocrx_word' id='word_1_364' title='bbox 988 2454 1025 2484; x_wconf 90' lang='lat' dir='ltr'>ut</span> <span class='ocrx_word' id='word_1_365' title='bbox 1056 2452 1130 2483; x_wconf 87' lang='lat' dir='ltr'>tota</span> <span class='ocrx_word' id='word_1_366' title='bbox 1149 2449 1290 2484; x_wconf 88' lang='lat' dir='ltr'>dioecesi</span> <span class='ocrx_word' id='word_1_367' title='bbox 1310 2461 1372 2484; x_wconf 79' lang='lat' dir='ltr'>sua</span> <span class='ocrx_word' id='word_1_368' title='bbox 1391 2451 1483 2485; x_wconf 84' lang='lat' dir='ltr'>cives</span> <span class='ocrx_word' id='word_1_369' title='bbox 1502 2450 1761 2485; x_wconf 88' lang='lat' dir='ltr'>continerentur</span> 
     </span>
     <span class='ocr_line' id='line_1_38' title="bbox 156 2508 1761 2557; baseline 0.001 -15"><span class='ocrx_word' id='word_1_370' title='bbox 156 2508 191 2543; x_wconf 91' lang='lat' dir='ltr'>in</span> <span class='ocrx_word' id='word_1_371' title='bbox 208 2510 419 2555; x_wconf 85' lang='lat' dir='ltr'>professione</span> <span class='ocrx_word' id='word_1_372' title='bbox 438 2516 473 2546; x_wconf 91' lang='lat' dir='ltr'>et</span> <span class='ocrx_word' id='word_1_373' title='bbox 498 2512 618 2547; x_wconf 90' lang='lat' dir='ltr'>officiis</span> <span class='ocrx_word' id='word_1_374' title='bbox 650 2511 829 2557; x_wconf 86' lang='lat' dir='ltr'>religionis</span> <span class='ocrx_word' id='word_1_375' title='bbox 855 2511 1056 2551; x_wconf 71' lang='lat' dir='ltr'>catholicae;</span> <span class='ocrx_word' id='word_1_376' title='bbox 1077 2510 1107 2545; x_wconf 88' lang='lat' dir='ltr'>si</span> <span class='ocrx_word' id='word_1_377' title='bbox 1134 2522 1252 2553; x_wconf 89' lang='lat' dir='ltr'>unum,</span> <span class='ocrx_word' id='word_1_378' title='bbox 1274 2523 1421 2557; x_wconf 86' lang='lat' dir='ltr'>eumque</span> <span class='ocrx_word' id='word_1_379' title='bbox 1444 2511 1628 2551; x_wconf 86' lang='lat' dir='ltr'>advenam,</span> <span class='ocrx_word' id='word_1_380' title='bbox 1659 2510 1761 2545; x_wconf 91' lang='lat' dir='ltr'>sortis</span> 
     </span>
    </p>
   </div>
   <div class='ocr_carea' id='block_1_8' title="bbox 1763 403 1823 428">
    <p class='ocr_par' dir='ltr' id='par_1_8' title="bbox 1763 403 1823 428">
     <span class='ocr_line' id='line_1_39' title="bbox 1763 403 1823 428; baseline 0 0"><span class='ocrx_word' id='word_1_381' title='bbox 1763 403 1823 428; x_wconf 76' lang='lat'>1567</span> 
     </span>
    </p>
   </div>
   <div class='ocr_carea' id='block_1_9' title="bbox 1772 1623 1922 1812">
    <p class='ocr_par' dir='ltr' id='par_1_9' title="bbox 1772 1623 1922 1812">
     <span class='ocr_line' id='line_1_40' title="bbox 1772 1623 1902 1649; baseline -0.008 0"><span class='ocrx_word' id='word_1_382' title='bbox 1772 1623 1902 1649; x_wconf 67' lang='lat' dir='ltr'>Pultoviae</span> 
     </span>
     <span class='ocr_line' id='line_1_41' title="bbox 1772 1662 1921 1695; baseline -0.007 -8"><span class='ocrx_word' id='word_1_383' title='bbox 1772 1662 1921 1695; x_wconf 71' lang='lat' dir='ltr'>prwjacitnr</span> 
     </span>
     <span class='ocr_line' id='line_1_42' title="bbox 1773 1700 1922 1726; baseline 0 0"><span class='ocrx_word' id='word_1_384' title='bbox 1773 1700 1922 1726; x_wconf 72' lang='lat' dir='ltr'>:edificando</span> 
     </span>
     <span class='ocr_line' id='line_1_43' title="bbox 1772 1740 1870 1772; baseline -0.01 -7"><span class='ocrx_word' id='word_1_385' title='bbox 1772 1740 1870 1772; x_wconf 79' lang='lat' dir='ltr'>templo</span> 
     </span>
     <span class='ocr_line' id='line_1_44' title="bbox 1772 1779 1845 1812; baseline -0.014 -7"><span class='ocrx_word' id='word_1_386' title='bbox 1772 1779 1845 1812; x_wconf 76' lang='lat' dir='ltr'>lapis</span> 
     </span>
    </p>
   </div>
   <div class='ocr_carea' id='block_1_10' title="bbox 1776 1910 1925 2092">
    <p class='ocr_par' dir='ltr' id='par_1_10' title="bbox 1776 1910 1925 2092">
     <span class='ocr_line' id='line_1_45' title="bbox 1776 1910 1870 1937; baseline -0.021 0"><span class='ocrx_word' id='word_1_387' title='bbox 1776 1910 1870 1937; x_wconf 86' lang='lat' dir='ltr'>Obitus</span> 
     </span>
     <span class='ocr_line' id='line_1_46' title="bbox 1778 1949 1884 1974; baseline 0 0"><span class='ocrx_word' id='word_1_388' title='bbox 1778 1949 1884 1974; x_wconf 66' lang='lat' dir='ltr'>Andreae</span> 
     </span>
     <span class='ocr_line' id='line_1_47' title="bbox 1777 1987 1902 2015; baseline -0.008 -2"><span class='ocrx_word' id='word_1_389' title='bbox 1777 1987 1902 2015; x_wconf 81' lang='lat' dir='ltr'>Noskovii</span> 
     </span>
     <span class='ocr_line' id='line_1_48' title="bbox 1777 2026 1925 2061; baseline -0.02 -8"><span class='ocrx_word' id='word_1_390' title='bbox 1777 2027 1854 2061; x_wconf 80' lang='lat' dir='ltr'>episc.</span> <span class='ocrx_word' id='word_1_391' title='bbox 1868 2026 1925 2051; x_wconf 84' lang='lat' dir='ltr'>fun-</span> 
     </span>
     <span class='ocr_line' id='line_1_49' title="bbox 1778 2065 1884 2092; baseline -0.028 0"><span class='ocrx_word' id='word_1_392' title='bbox 1778 2065 1884 2092; x_wconf 81' lang='lat' dir='ltr'>datoris.</span> 
     </span>
    </p>
   </div>
  </div>
 </body>
</html>
