2184 2953
240 387 300 413 1571

241 444 386 471 Varsevicii

241 485 373 510 conciones

240 525 370 551 Vilnensi-

241 564 288 589 bus
317 571 372 597 pcr-

240 603 326 629 utiles.

246 1143 370 1197 Vilngnse

244 1210 391 1243 Collegium

247 1250 319 1282 peste
338 1248 391 1274 dis-

247 1291 371 1316 tractum.

250 1427 380 1495 Κ10848ον-

249 1509 301 1535 skii
314 1509 373 1535 luas

251 1550 278 1576 et
299 1548 394 1576 obitus.

264 2430 391 2495 Puitgiriae

265 2509 355 2542 pestis.

408 284 448 314 44
786 282 1059 311 LITUANICARUM
1083 282 1292 311 SOCIETATIS
1314 281 1398 310 JESU
1424 279 1677 308 HISTORIARUM

413 376 551 422 quidem
582 375 828 410 Varszevickio
853 375 898 409 ad
925 374 1077 408 Polonos
1104 374 1230 419 patria,
1259 373 1300 407 ab
1328 372 1407 406 aliis
1435 372 1480 406 ad
1507 371 1595 406 alios
1625 370 1748 411 latina,
1783 370 1913 411 italica,
1948 380 2028 415 ger-

412 438 559 478 manica,
588 437 717 483 linguis
748 441 831 483 quot
861 436 982 471 diebus
1013 436 1110 470 festis
1137 435 1368 469 habebantur.
1404 433 1688 468 Varszevickium
1718 436 1819 467 terna
1850 432 2029 466 minimum

413 499 591 534 hominum
610 499 720 533 millia
747 499 1010 533 concionantem
1037 497 1274 536 celebrabant,
1296 496 1427 541 insigni
1447 495 1628 530 Sociorum
1655 505 1771 540 operae
1790 493 1914 539 pretio,
1938 505 2030 527 com-

414 562 517 596 modo
540 561 737 596 auditorum
764 559 931 599 salutari3
959 570 1087 605 magno
1115 559 1277 593 redibant
1304 569 1461 598 numero,
1490 558 1527 591 hi
1554 569 1575 591 a
1601 557 1749 603 caligine
1776 555 1964 591 haeresium
1992 566 2032 589 ac

414 623 568 659 tenebris
587 623 631 657 ad
650 623 762 657 lucem
790 621 962 660 veritatis,
983 620 1035 654 illi
1053 631 1074 654 a
1093 620 1265 665 corruptis
1284 619 1437 653 moribus
1464 619 1509 653 ad
1535 619 1661 653 bonam
1688 618 1824 664 frugem
1852 617 2005 652 revocati
2023 629 2030 651 :

414 689 494 720 ante
513 684 601 719 alios
620 684 765 725 Ruteni,
792 694 878 729 quos
906 682 1071 717 Photiani
1100 693 1237 717 errores
1264 681 1494 723 abstulerant,
1516 681 1673 727 popellus
1701 680 1902 726 simplicior,
1923 690 2035 725 neque

414 747 465 781 ita
494 747 609 781 animo
629 757 650 780 a
672 745 780 780 800118
812 744 986 779 Romanae
1019 743 1189 779 Ecclesiae
1220 743 1348 778 alieno.
1383 742 1591 777 Gaudebant
1621 742 1678 776 isti
1704 742 1893 788 praecipue,
1922 741 2036 776 lucem

415 809 556 844 tandem
579 808 651 843 suis
670 807 824 842 tenebris
848 806 1013 847 allatam;
1036 806 1306 851 gratulabantur
1324 809 1510 852 propterea
1527 805 1750 839 incrementis
1768 804 1850 839 novi
1873 803 2034 849 Collegii‚

418 870 569 906 execrati
589 881 726 905 errores
746 868 926 915 pristinos,
947 868 1192 914 homologeses
1211 872 1246 902 et
1264 878 1412 914 synaxes
1431 867 1575 901 obibant
1593 866 1725 900 alacres
1744 878 1750 900 ;
1779 877 1857 911 quae
1877 877 1945 906 res,
1968 865 2037 900 dici

418 933 549 978 nequit,
572 931 710 978 quantis
729 930 911 965 Valeriani
938 930 1105 964 antistitis
1132 930 1288 964 animum
1314 929 1447 964 laetitiis
1471 929 1708 975 perfunderet.
1731 928 1867 962 Ludum
1892 927 1939 961 ibi
1965 927 2041 973 phi-

419 995 577 1040 losophis
604 992 815 1028 litterarium
833 991 904 1026 ibat
930 996 1088 1037 apertum
1114 991 1339 1038 provincialis
1367 991 1574 1026 Sunnerius.
1597 991 1738 1025 Vilnam
1765 994 1951 1036 propterea
1969 1000 2042 1023 ma-

420 1057 549 1103 gistros
568 1055 825 1101 discipulosque
847 1065 909 1100 per
933 1058 1140 1088 autumnum
1167 1054 1381 1095 adduxerat;
1403 1057 1439 1088 at
1458 1053 1493 1087 id
1518 1064 1588 1087 non
1610 1052 1798 1087 successit:
1819 1055 1939 1086 coorta
1960 1063 2040 1086 mox

418 1118 636 1164 pestilentia;
654 1117 758 1163 hujus
771 1120 866 1151 metu
885 1115 1015 1151 scholae
1029 1120 1063 1150 et
1077 1115 1200 1150 civitas
1219 1115 1389 1162 majorem
1403 1115 1544 1149 omnino
1562 1118 1699 1161 partem
1718 1114 1896 1160 dissipata.
1916 1113 2041 1148 Statim

420 1185 524 1227 atque
547 1192 585 1215 se
609 1180 681 1214 suis
701 1179 839 1214 indiciis
857 1178 985 1213 malum
1008 1178 1043 1212 in
1066 1178 1151 1212 urbe
1175 1177 1340 1223 prodidit,
1362 1182 1434 1212 tres
1452 1177 1488 1211 in
1507 1176 1627 1211 villam
1653 1187 1769 1211 secum
1792 1176 1938 1210 antistes
1960 1187 2041 1210 con-

420 1243 512 1277 ditor
527 1241 693 1276 subduxit
712 1241 834 1276 Socios
852 1253 858 1275 :
880 1245 952 1274 tres
972 1244 1005 1274 01
1019 1239 1145 1285 viginti
1165 1240 1292 1274 avertit
1310 1239 1380 1274 alio
1395 1252 1402 1281 3
1424 1238 1622 1284 utrobique,
1640 1238 1691 1272 uti
1708 1249 1752 1272 ne
1772 1237 1855 1284 quid
1873 1236 2045 1271 commodi

421 1305 695 1345 desideraretur,
718 1315 779 1349 per
798 1314 836 1348 80
855 1314 1006 1348 suosque
1026 1302 1253 1336 administros
1273 1302 1420 1336 curavit.
1444 1301 1510 1340 Qui
1534 1301 1667 1335 civibus
1686 1300 1877 1335 salutarem
1895 1300 1962 1334 hoc
1981 1310 2044 1333 suo

420 1371 578 1413 tempore
596 1369 768 1400 navarent
789 1376 943 1411 operam,
962 1376 1039 1398 cum
1057 1364 1305 1399 Varszevickio
1321 1363 1522 1398 sacerdotes
1541 1362 1622 1402 duo,
1636 1373 1831 1408 novemque
1848 1361 2043 1407 adjutores,

423 1429 515 1464 domi
534 1428 747 1463 residerunt.
766 1428 862 1462 Inter
889 1438 949 1461 008
967 1426 1009 1461 P.
1031 1426 1146 1460 Lucas
1175 1425 1448 1465 Krassovskius,
1471 1424 1552 1459 dum
1575 1424 1816 1459 conflictantes
1844 1423 2045 1470 pestilentia

423 1492 571 1538 impiger
590 1493 731 1525 curator
748 1489 944 1523 animorum
962 1488 1056 1529 visit,
1077 1492 1258 1522 contactus
1276 1488 1382 1528 malo,
1404 1486 1609 1522 duodecimo
1637 1485 1810 1521 kalendas
1840 1485 2047 1520 novembres

423 1554 555 1595 interit,
576 1553 669 1587 felici
690 1552 880 1598 provinciae
899 1555 933 1586 et
951 1551 1068 1597 gentis
1097 1562 1170 1585 suae
1201 1550 1356 1596 auspicio
1375 1562 1382 1584 ε
1404 1552 1442 1584 111
1470 1549 1528 1595 qui
1559 1550 1691 1595 primus
1710 1548 1925 1583 Polonorum
1942 1547 2048 1582 fuerit

424 1618 459 1651 in
492 1616 701 1651 Societatem
733 1618 929 1661 cooptatus,
954 1614 1085 1659 primus
1112 1613 1203 1647 idem
1229 1624 1247 1647 e
1276 1612 1455 1658 provincia
1475 1612 1627 1646 Lituana
1657 1610 1703 1645 ad
1734 1621 1933 1656 supernam,
1956 1609 2049 1656 quod

425 1690 567 1725 sperare
592 1678 686 1718 licet,
708 1677 891 1712 beatorum
923 1676 1111 1716 civitatem,
1140 1674 1354 1709 successuris
1386 1674 1458 1707 suis
1488 1673 1715 1719 popularibus
1747 1672 1897 1718 praeivit,
1917 1683 2009 1706 nono
2028 1683 2050 1706 a

426 1752 488 1775 8110
507 1740 649 1774 Vilnam
668 1739 820 1774 adventu
838 1750 972 1773 mense.
994 1737 1106 1772 Paulo
1126 1740 1208 1771 ante
1226 1747 1341 1771 0011108
1359 1736 1424 1770 fuit
1442 1735 1569 1770 visenti
1592 1735 1777 1769 Poloniam
1797 1738 1830 1769 et
1850 1734 2050 1768 Lituaniam

426 1803 613 1843 Sunnerio,
635 1802 768 1848 linguae
787 1802 961 1846 interpres
989 1800 1124 1846 patriae,
1146 1803 1179 1834 et
1209 1810 1325 1833 rerum
1356 1797 1575 1843 agendarum
1606 1797 1756 1843 adjutor.
1779 1797 1896 1831 Vilnae
1928 1796 2050 1830 dicbus

426 1865 523 1900 festis
543 1877 564 1899 a
582 1864 728 1899 meridie
754 1863 980 1898 concionator
1011 1862 1129 1895 divina
1165 1861 1342 1906 populum,
1376 1860 1539 1905 profestis
1573 1859 1838 1904 grammaticam
1870 1858 1903 1892 in
1931 1857 2052 1892 schola

427 1939 555 1974 pueros
582 1927 749 1967 docebat;
771 1925 876 1965 idem,
899 1924 979 1958 dum
1012 1935 1073 1969 per
1101 1934 1164 1958 sua
1191 1923 1308 1957 munia
1337 1922 1471 1961 liceret,
1493 1921 1614 1955 aderat
1633 1920 1879 1955 confitentibus
1910 1924 2053 1965 peccata

428 1990 560 2024 arbiter
578 1988 754 2023 assiduus,
772 1987 917 2022 Nullum
936 1997 955 2020 a
975 1998 1011 2020 80
1030 1985 1187 2020 laborem
1206 1984 1264 2018 1110
1284 1995 1435 2030 unquam
1450 1983 1679 2028 deprecatus;
1697 1982 1837 2016 tametsi
1851 1981 2054 2016 valetudine

431 2055 586 2086 uteretur
618 2049 850 2089 incommoda,
889 2048 970 2082 tabe
1004 2048 1100 2082 lenta
1137 2047 1265 2081 sensim
1298 2045 1475 2080 deficiens.
1514 2044 1683 2079 Triduum
1718 2044 1850 2078 leviore
1884 2043 2053 2077 febricula

432 2117 599 2153 tentatus,
617 2112 734 2146 statim
751 2115 857 2157 atque
872 2110 982 2145 sensit
999 2110 1128 2144 malum
1145 2110 1403 2154 ingravescere,
1422 2106 1509 2141 nihil
1524 2107 1663 2141 omnino
1680 2117 1792 2152 neque
1811 2105 1927 2139 animo
1943 2117 2054 2150 neque

433 2175 530 2209 vultu
549 2179 754 2213 commotus,
775 2174 903 2208 rectori
926 2184 988 2207 suo
1009 2171 1256 2206 Varszevickio
1278 2170 1321 2205 de
1339 2170 1439 2204 noxis
1458 2169 1539 2203 vitae
1567 2168 1762 2203 confitetur.
1785 2168 1971 2202 Professus
1996 2167 2054 2201 de-

435 2238 551 2283 nique,
573 2235 660 2270 nihil
679 2237 713 2270 in
735 2235 828 2270 omni
848 2235 919 2269 vita
947 2234 1087 2268 mortali
1107 2245 1197 2273 esse,
1219 2232 1311 2278 quod
1338 2244 1405 2266 non
1439 2231 1599 2277 expedito
1618 2238 1723 2276 atque
1741 2230 1849 2265 alacri
1865 2229 2056 2264 dimitteret

434 2299 561 2339 01111110,
582 2299 703 2333 obtutu
724 2299 757 2332 in
778 2298 931 2343 imagine
950 2296 1140 2331 servatoris
1159 2295 1298 2330 Domini
1318 2294 1412 2339 passi
1428 2297 1461 2327 et
1476 2297 1590 2328 mente
1607 2292 1690 2332 fixa,
1713 2292 1894 2337 suspirans
1917 2291 2053 2332 crebro,

436 2365 470 2396 et
488 2361 640 2395 animum
658 2361 731 2395 Deo
750 2361 924 2394 abiturum
946 2358 1206 2396 commendans,
1225 2357 1315 2391 inter
1334 2356 1409 2402 pias
1429 2355 1610 2390 Sociorum
1629 2355 1848 2400 precationes
1868 2354 2053 2388 extinctus,

438 2424 571 2458 Eodem
590 2434 709 2458 mense
740 2434 778 2456 ac
806 2422 862 2456 die
890 2421 931 2456 (Ιο
963 2421 1130 2466 Collegio,
1150 2419 1281 2465 pariter
1313 2418 1480 2452 distracto
1512 2417 1724 2463 pestilentia,
1747 2417 1919 2451 Pultoviae
1952 2415 2056 2450 desiit

440 2485 596 2520 Mathias
621 2484 884 2523 Dembinskius,
908 2495 1051 2529 operum
1070 2482 1291 2517 famularium
1312 2480 1484 2519 minister,
1501 2480 1553 2513 vir
1571 2491 1696 2519 navus,
1713 2479 1901 2524 religiosus
1920 2491 1925 2512 :
1949 2482 1995 2519 et,
2019 2481 2055 2511 111
