2184 2953
632 297 737 325 LIBER
762 297 946 325 SECUNDUS
971 295 1179 333 (1571-1580).
1692 291 1732 322 59

125 388 291 428 Volanus‚
319 388 408 421 inter
427 387 604 421 ministros
629 387 763 421 Calvini
786 387 1006 434 coryphaeus,
1032 387 1202 421 adversus
1226 385 1452 420 Franciscum
1467 384 1678 418 Turrianum
1699 388 1733 418 et

124 451 266 485 Petrum
293 449 443 494 Skarga,
466 460 487 482 a
501 448 625 494 quibus
649 452 730 483 ante
745 449 779 482 in
799 448 876 482 aliis
896 448 1065 483 refutatus
1081 451 1168 488 erat,
1187 447 1313 481 librum
1330 445 1557 479 convitiorum
1574 449 1608 479 et
1627 445 1733 491 pestis

125 512 209 546 dirae
223 511 362 556 plenum
380 523 386 544 :
406 510 698 556 opportunitatem
717 514 838 544 nactus
855 510 916 557 ille
935 510 1155 555 figendorum
1169 508 1364 543 maledictis
1378 507 1607 547 Jesuitarum,
1622 507 1733 541 hawe-

123 574 238 619 sisque
262 584 335 607 suae
358 572 598 613 celebrandae3
626 572 660 605 in
684 572 835 606 maxima
859 572 1020 606 videlicet
1042 583 1237 617 procerum,
1261 570 1397 605 consilii
1429 569 1545 603 bellici
1569 569 1736 603 advorsus

123 634 264 669 Moscos
289 645 395 668 causa
421 634 559 668 Vilnam
583 637 863 673 convocatorum,
886 633 1092 679 frequentia.
1113 632 1350 667 Probantibus
1365 631 1547 665 consilium
1563 631 1616 665 sui
1636 631 1736 664 mini-

124 696 186 731 stri
216 695 404 736 haereticis,
432 707 498 741 quo
533 695 628 741 regis
653 707 790 741 quoque
820 695 973 729 animuin
996 695 1042 729 ad
1064 694 1345 729 benevolentiam
1381 704 1467 738 erga
1499 704 1535 726 se
1563 696 1739 727 veterator

123 757 292 797 alliceret,
318 756 444 790 librum
468 756 499 791 ei
523 756 760 802 inscripserat,
790 757 925 802 prolixa
960 756 993 790 in
1032 768 1072 790 eo
1105 755 1146 790 de
1178 755 1340 789 laudibus
1370 754 1477 799 regiis
1510 753 1668 788 oratione
1704 754 1739 787 id

124 818 296 854 eblandiri
318 822 475 852 conatus.
498 818 578 852 Non
599 817 777 852 indormiit
796 829 910 853 causae
929 830 1002 852 suae
1030 817 1257 856 Possevinus‚
1279 817 1513 862 conscriptum
1541 815 1635 849 ocius
1658 827 1679 849 a
1702 827 1740 849 se

124 880 278 915 libellum
294 880 336 914 de
354 879 534 914 fraudibus
554 880 681 914 Volani
708 880 783 925 regi
809 879 923 914 offert.
945 880 1101 925 Longior
1121 883 1174 913 est
1193 890 1234 913 ea
1254 878 1413 924 epistola,
1431 889 1533 912 versa
1552 877 1585 911 in
1600 877 1741 922 linguas

126 942 254 982 varias,
277 941 371 976 edita
397 953 473 976 cum
501 953 564 976 sua
587 942 719 987 pariter
744 942 897 975 auctoris
914 943 1102 975 Mosoovz‘a.
1126 941 1234 975 Lecta
1259 951 1322 974 rex
1346 939 1507 985 epistola,
1528 939 1629 985 jubet
1660 950 1740 973 con-

125 1004 222 1038 tinuo
254 1003 288 1037 in
320 1003 494 1037 Volanum
526 1003 652 1048 inquiri
675 1015 681 1037 :
704 1003 834 1049 scripta
867 1014 942 1043 sua,
978 1014 1055 1048 quae
1078 1002 1315 1048 dispersisset,
1346 1001 1529 1047 colligiae
1548 1000 1737 1046 suppri1ni;

126 1064 300 1111 pollicitus
325 1064 367 1099 de
390 1076 440 1103 se,
466 1064 495 1098 si
518 1064 607 1099 liber
630 1065 732 1110 hujus
752 1065 906 1099 auctoris
930 1064 964 1098 111
990 1075 1071 1098 suas
1103 1064 1257 1098 venisset
1280 1075 1416 1104 manus,
1444 1063 1478 1096 in
1504 1073 1628 1108 rogum
1657 1073 1742 1107 opus

127 1125 307 1161 confestim
330 1137 366 1160 se
396 1126 644 1171 conjecturum.
676 1126 845 1160 proceres
870 1125 1007 1160 interim
1037 1125 1199 1160 catholici
1229 1124 1475 1159 benevolentia
1507 1136 1590 1169 erga
1619 1124 1743 1158 Posse-

127 1188 243 1222 vinum
262 1187 530 1227 concertabant3
553 1187 588 1221 in
612 1187 731 1233 primis
756 1187 904 1233 Collegii
928 1187 1129 1222 Academici
1159 1198 1287 1233 parens
1319 1186 1508 1232 piissimus,
1532 1185 1744 1220 Valerianus

128 1250 170 1284 de
194 1249 389 1285 Szuszkovo
409 1249 682 1284 Szuszkovskius
699 1250 945 1290 Protasewicz‚
963 1250 1110 1284 antistes
1130 1249 1363 1283 Vilnensium.
1385 1247 1478 1282 Ante
1492 1247 1623 1281 abitum
1644 1259 1743 1281 suum

130 1313 342 1348 Possevinus
362 1312 623 1347 decumbentem
647 1323 688 1346 ex
712 1312 872 1357 podagra
901 1312 1108 1346 Pontificem
1130 1311 1362 1346 carissimum'
1380 1310 1472 1344 visit.
1500 1310 1598 1351 Orat,
1624 1309 1743 1355 ingre-

132 1375 240 1410 dienti
263 1374 329 1408 sibi
343 1374 571 1419 longinquum
594 1377 628 1408 et
653 1374 791 1408 difficile
808 1378 904 1408 terra
918 1375 1073 1420 marique
1087 1375 1153 1409 iter
1172 1378 1209 1408 ut
1227 1373 1342 1408 fausta
1362 1376 1579 1418 precaretur3
1598 1372 1744 1406 caritate

131 1437 234 1483 plane
252 1439 399 1482 paterna
422 1438 597 1481 acceptus,
621 1439 781 1470 monetur
800 1437 843 1470 ab
871 1448 924 1476 eo,
951 1436 997 1470 ad
1021 1447 1120 1470 suum
1139 1436 1266 1470 lectum
1292 1435 1420 1481 hospes
1440 1446 1477 1469 sc
1496 1433 1667 1480 applicet3
1686 1433 1744 1467 illo

137 1499 171 1532 in
197 1509 312 1543 genua
335 1497 596 1543 procumbente,
619 1497 790 1543 depromit
813 1500 955 1532 sanctus
984 1509 1091 1532 senex
1117 1498 1287 1537 chartam,
1314 1496 1398 1542 ipsis
1426 1495 1550 1530 faustis
1585 1495 1747 1541 precibus

111 1554 114 1556 ’
138 1559 382 1605 conscriptam,
404 1562 508 1604 atque
532 1570 605 1593 eam
630 1562 725 1593 tanta
745 1559 886 1605 pietate,
905 1561 1032 1604 quanta
1054 1570 1181 1605 parens
1201 1558 1469 1597 amantissimus,
1487 1568 1505 1591 e
1524 1557 1596 1591 vita
1620 1557 1749 1603 migra-

138 1624 248 1661 turus,
273 1620 345 1655 filio
371 1624 572 1666 precaretur
596 1620 734 1661 dilecto,
769 1632 873 1666 super
897 1620 1054 1656 inclinati
1085 1621 1250 1655 verticem
1271 1619 1407 1654 recitat.
1435 1618 1602 1664 Adjutum
1626 1630 1663 1653 se
1687 1619 1752 1653 hac

138 1683 339 1729 precatione
368 1683 404 1716 in
435 1682 598 1728 periculis
634 1687 667 1717 et
704 1682 965 1717 difficultatibus
993 1683 1219 1723 Possevinus‚
1242 1694 1320 1727 quae
1345 1681 1410 1716 sibi
1441 1685 1514 1715 tum
1534 1681 1661 1715 viatori
1680 1685 1751 1716 tum

139 1745 268 1791 hospiti
292 1745 326 1779 in
346 1756 456 1790 reguo
485 1744 624 1779 Suetico
644 1744 843 1790 superanda
862 1748 962 1778 erant
981 1744 1100 1785 inulta,
1119 1744 1328 1779 affirmabat.
1348 1743 1455 1778 Paulo
1479 1747 1559 1789 post
1578 1743 1752 1789 piissimus

141 1807 289 1853 Collegii
314 1807 503 1842 academici
534 1817 675 1852 parens,
705 1806 825 1840 morbo
850 1806 1016 1851 senioque
1043 1806 1233 1845 confectus,
1264 1806 1347 1840 anni
1373 1806 1476 1852 hujus
1501 1809 1656 1840 extremo
1681 1806 1749 1847 die,

142 1880 270 1915 magno
305 1869 478 1903 universae
514 1867 686 1908 dioecesis,
722 1868 871 1902 maximo
901 1868 1081 1902 Sociorum
1108 1868 1216 1907 luctu,
1247 1867 1372 1908 desiit;
1403 1867 1561 1913 Collegio
1593 1867 1755 1902 Vilnensi

142 1942 390 1977 usquequaque
420 1929 588 1976 perfecto,
621 1929 864 1975 praesidiisque
896 1929 1055 1963 omnibus
1083 1929 1305 1970 communito,
1340 1929 1375 1962 in
1408 1929 1529 1975 primis
1567 1929 1754 1964 Pontificio

143 1992 304 2039 Gregorii
326 1992 415 2027 XIII
440 1991 627 2038 diplomate
642 1992 696 2037 (1),
718 2003 784 2037 quo
812 1991 1001 2025 Academia
1024 1995 1058 2025 et
1082 1991 1302 2025 Universitas
1325 1991 1549 2026 scientiarum
1576 1994 1630 2026 est
1656 1991 1754 2026 insti-

142 2057 228 2095 tuta,
270 2053 394 2088 deinde
424 2053 625 2099 reipublicae
656 2056 690 2087 et
724 2064 848 2098 regum
880 2052 1047 2093 Poloniae,
1078 2053 1113 2086 in
1145 2053 1265 2098 primis
1302 2052 1471 2098 Stephani
1506 2053 1521 2087 I
1558 2052 1753 2099 privilegiis

145 2115 360 2151 confirmata.
392 2115 523 2161 Corpus
554 2115 705 2160 pastoris
738 2115 833 2155 boni,
864 2114 1051 2159 magnifico
1084 2114 1214 2149 elatum
1244 2114 1378 2155 funere,
1408 2115 1443 2148 in
1475 2114 1652 2160 pontificio
1684 2115 1754 2149 divi

147 2176 314 2212 stanislai
332 2176 382 2211 M.
404 2176 531 2222 templo
551 2176 715 2222 quiescit;
738 2176 796 2210 ubi
816 2176 896 2210 vitae
915 2187 1050 2221 quoque
1069 2187 1142 2210 suae
1162 2176 1327 2222 elogium,
1346 2175 1494 2211 incisum
1513 2176 1547 2210 in
1567 2188 1753 2217 marmore,

148 2238 266 2273 subter
280 2250 379 2273 suum
398 2237 620 2273 simulacrum
637 2249 868 2272 marmoreum
887 2237 1016 2283 legitur
1030 2237 1078 2283 (2).

196 2300 415 2335 Pontificiam
438 2300 659 2335 Vilnensium
679 2300 881 2334 cathedram
901 2300 954 2333 his
970 2299 1181 2334 Valerianus
1203 2300 1361 2335 ascendit
1384 2300 1552 2346 gradibus
1575 2313 1581 2334 :
1609 2301 1757 2346 primuni

150 2362 184 2395 in
208 2362 273 2397 hac
295 2362 437 2397 dioecesi
460 2374 584 2397 munus
604 2362 726 2397 decani
747 2363 780 2396 in
802 2361 959 2407 Collegio
980 2361 1225 2396 canonicorum
1248 2362 1441 2407 praestabat
1463 2375 1469 2396 :
1489 2362 1614 2397 deinde
1632 2363 1761 2398 notarii

191 2436 228 2472 (1)
253 2436 349 2464 Obitus
373 2438 508 2470 ejusdcm.
528 2436 614 2464 Vilnae
638 2438 795 2464 academica
822 2437 993 2464 Universittis
1020 2437 1154 2468 instituta,
1173 2440 1199 2463 ct
1222 2437 1396 2464 confirmata.
1421 2437 1480 2465 Vitl.
1503 2437 1603 2465 Bullar.
1618 2438 1753 2467 (luerim.

156 2490 266 2516 constit.
288 2490 342 2517 10⁹2
360 2490 485 2524 Gregorii
504 2489 566 2517 Xlll
583 2490 666 2524 incip.
684 2490 758 2517 Dum
775 2494 875 2517 altrum
891 2493 945 2517 cte.
962 2505 1000 2509 -
1023 2492 1058 2524 (βλ)
1082 2489 1143 2517 Vid.
1159 2490 1250 2527 elogia
1263 2491 1289 2517 111
1305 2491 1458 2525 appendice
1472 2489 1551 2526 liujus
1565 2491 1637 2517 libri.

1763 406 1825 431 1579

1762 445 1856 471 Volani

1761 484 1776 510 h
1781 483 1876 510 mretici

1762 523 1862 555 scripta
1872 530 1909 548 re-

1763 563 1842 589 futat.

1769 959 1799 985 V.
1808 958 1903 984 librum

1772 996 1903 1024 Possevini

1771 1036 1807 1062 sic
1823 1034 1913 1060 inscri-

1770 1077 1854 1110 ptum.

1829 1208 1870 1234 34.

1772 1248 1907 1277 Valeriani

1771 1287 1894 1322 Episcopi

1772 1328 1905 1357 Vilnensis

1772 1369 1865 1403 pietas.

1786 2140 1884 2167 Funus.
