2184 2953
283 397 345 422 1585

334 1690 374 1715 3‘2.

280 1728 401 1762 Gregorii

280 1768 346 1795 XIII
358 1768 412 1794 obi-

281 1810 324 1833 tus
337 1809 363 1833 et

280 1849 348 1875 laus.

454 305 513 335 128
824 307 1098 337 LlTUANlCARUM
1122 308 1332 338 SOCIETATIS
1354 309 1439 338 JESU
1464 308 1716 338 HISTORIARUM

454 395 510 431 die
529 396 690 443 Virginis
715 398 791 433 sine
815 399 893 433 labe
916 399 1122 445 primigenia
1155 404 1353 446 conceptae;
1380 399 1501 435 addita
1523 412 1603 435 mox
1628 412 1704 435 cum
1732 412 1770 435 re
1792 401 1956 435 familiari
1981 402 2084 436 vecti-

453 459 549 504 galia
576 464 682 501 certa,
707 465 741 495 et.
764 473 876 508 pagus
905 474 980 496 cum
1010 462 1197 508 sexaginta
1216 467 1248 496 et
1274 466 1411 496 centum
1432 462 1577 503 colonis,
1605 466 1637 497 et
1658 463 1757 509 sylva
1776 463 1899 498 caedua
1917 463 1962 498 ad
1985 463 2087 510 plura

453 532 619 566 passuum
645 522 755 557 millia
779 535 1002 569 procurrens.
1030 524 1164 558 Eodem
1193 524 1248 558 die
1275 524 1389 558 officia
1413 525 1555 570 pietatis
1575 525 1669 559 Socii
1684 525 1727 559 ab
1749 525 2005 561 instauratione
2024 537 2086 560 suo

452 583 521 617 ritu
545 588 704 619 votorum
731 586 858 620 exorsi.
882 586 995 620 Multo
1018 586 1222 621 clementius
1249 586 1300 620 1111
1325 586 1473 632 Derpati
1496 598 1516 620 a
1535 587 1670 621 civibus
1691 587 1803 621 habiti
1829 598 1932 632 quam
1952 587 2083 633 Rigae:

452 646 571 680 mitius
587 647 714 694 quippe
738 649 835 694 genti
851 649 931 682 huic
948 649 1142 694 ingenium,
1167 655 1200 683 et
1217 649 1355 683 animus
1375 648 1420 683 ad
1435 649 1550 682 studia
1567 661 1682 683 rerum
1707 649 1905 684 divinarum
1920 650 2082 684 habilior.

454 708 593 749 Statim,
612 714 650 744 ut.
673 714 806 756 apertae
826 715 906 745 sunt
925 711 1070 750 scholae,
1092 723 1221 757 pueros
1242 722 1323 745 suos
1343 710 1490 757 amplius
1512 716 1650 746 centum
1669 713 1784 757 coegit
1807 713 1943 747 civitas.
1963 712 2087 747 Mode-

452 771 540 805 stius
564 772 692 808 ibidem
710 773 866 807 haeretici
882 773 989 808 etiam
1012 773 1054 808 de
1073 785 1158 808 vera
1183 773 1353 819 religione
1368 784 1388 807 a
1404 773 1708 809 concionatoribus
1723 775 1902 809 doctrinas
1926 780 2086 821 excepta-

453 832 557 868 bant:
575 833 708 869 fructus
724 835 870 880 proinde
887 835 1049 870 salutaris
1065 835 1293 881 proveniebat
1304 835 1494 881 jucundior
1512 835 1620 870 multo
1637 839 1743 882 atque
1757 836 1911 871 uberior.
1932 836 2087 871 Infantes

452 894 519 940 ipsi
542 895 692 941 amplius
713 897 807 931 mille
828 897 968 932 ducenti
989 909 1089 932 sacro
1110 897 1275 943 baptismi
1295 897 1390 931 sonte
1408 897 1533 931 abluti.
1555 897 1699 943 Templa
1721 898 1861 943 quidem
1885 898 1918 931 in
1940 898 2087 933 Estonia

452 961 533 991 sunt
557 970 625 992 non
647 970 781 1005 pauca;
801 959 863 995 sed
880 971 901 993 a
921 960 1091 994 ministris
1106 971 1284 994 sacrorum
1308 970 1436 1005 magna
1469 959 1599 994 circum
1627 959 1802 1000 solitudo;
1823 960 1869 994 ad
1894 972 1935 995 ea
1964 972 2025 1006 pro
2051 972 2088 996 se

452 1019 599 1065 quisque
631 1021 795 1066 precibus
822 1022 1024 1061 invitando,
1063 1021 1256 1067 Collegium
1288 1020 1543 1056 distrahebant.
1575 1021 1785 1067 Septuagies
1814 1021 1965 1068 amplius
1994 1022 2087 1056 intra

452 1084 589 1127 tempus
614 1086 784 1118 semestre
803 1095 844 1118 ex
865 1083 992 1130 oppido
1017 1083 1063 1117 ad
1086 1084 1293 1118 remotiores
1316 1094 1427 1128 pagos
1448 1094 1645 1118 excursum.
1668 1083 1855 1129 Complura
1879 1084 2004 1118 salutis
2027 1095 2086 1118 ne-

452 1142 549 1188 gotia
564 1142 666 1177 facile
685 1148 881 1186 transacta,
904 1156 1032 1191 magno
1047 1145 1245 1179 animorum
1260 1145 1455 1185 commodo,
1475 1148 1508 1179 et
1524 1144 1696 1190 singulari
1713 1145 1876 1191 utrinque
1891 1145 2082 1191 voluptate.

453 1204 565 1240 Simul
587 1209 692 1251 atque
715 1194 942 1245 nuntiatums
955 1207 1174 1241 sacerdotem
1192 1218 1213 1240 a
1233 1206 1413 1241 Societate
1426 1206 1471 1240 ad
1495 1206 1589 1252 ipsos
1611 1207 1817 1247 accessisse,
1837 1207 2019 1241 confestim
2039 1208 2088 1241 vi-

452 1266 555 1301 ciniae
571 1271 836 1303 commoventur
855 1281 860 1302 ;
879 1268 923 1302 ad
941 1269 1182 1314 excipiendam
1203 1268 1398 1302 doctrinam
1417 1267 1555 1302 alacres
1576 1268 1763 1302 convolant
1782 1281 1788 1302 ;
1807 1268 1961 1314 quotidie
1975 1269 2087 1315 prima

452 1327 529 1363 luce
556 1333 788 1371 conventant;
819 1334 857 1364 ut
884 1330 940 1365 vel
967 1331 1222 1365 sacrificantem
1244 1330 1398 1370 videant,
1426 1330 1482 1364 vel
1509 1330 1551 1364 de
1578 1330 1660 1364 vitae
1691 1330 1860 1364 institutis
1884 1331 2087 1365 christianae

450 1391 583 1438 aliquid
604 1394 823 1428 condiscant.
845 1393 899 1428 Illi
920 1406 983 1429 nos
1008 1395 1240 1429 communiter
1259 1401 1440 1440 parentes,
1469 1393 1593 1428 salutis
1611 1400 1857 1439 procuratores
1881 1405 1967 1435 suae,
1995 1393 2086 1428 voci-

450 1457 527 1489 tare
544 1467 550 1488 :
576 1454 727 1490 fidenter
742 1456 927 1490 consulere
947 1469 953 1490 :
978 1456 1103 1502 quibus
1123 1456 1165 1491 (le
1180 1457 1286 1491 rebus
1302 1456 1496 1502 gratificari
1511 1456 1659 1502 possint,
1681 1456 1773 1490 inter
1793 1467 1830 1490 se
1849 1466 2020 1502 quaerere.
2041 1455 2089 1489 Ut

449 1516 520 1550 alia
544 1517 700 1552 omittam
730 1519 875 1559 studia„
892 1530 986 1553 aerea
1014 1520 1081 1554 duo
1110 1530 1280 1565 campana
1308 1519 1474 1564 grandia,
1495 1518 1643 1553 alterum
1672 1519 1705 1552 in
1734 1522 1863 1553 terram
1891 1518 2083 1558 defossum,

451 1579 663 1614 Moscovitis
692 1581 876 1615 Livoniam
908 1581 1162 1627 przedantibus,
1186 1582 1384 1616 demersum
1403 1582 1438 1615 in
1463 1582 1568 1616 fluvio
1598 1580 1762 1622 alterum,
1795 1593 1924 1628 magno
1958 1585 2087 1616 eruunt

453 1644 597 1682 conatu,
619 1641 664 1675 ad
686 1653 807 1677 aream
831 1643 953 1689 templi
977 1643 1182 1683 advolvunt,
1209 1644 1370 1690 ultroque
1402 1643 1534 1678 donant
1552 1643 1721 1689 Collegio.

501 1703 655 1738 Nuntius
680 1704 722 1739 de
743 1705 838 1740 obitu
867 1706 1032 1751 Gregorii
1060 1706 1150 1740 XIII
1179 1706 1376 1746 pontificis,
1395 1713 1519 1752 quarto
1551 1716 1657 1751 supra
1689 1705 1940 1750 octogesimum
1972 1705 2087 1740 aetatis

451 1776 525 1800 suae
538 1776 632 1800 anno
650 1766 699 1800 IV
708 1766 786 1801 idus
800 1767 931 1812 apriles
947 1779 988 1801 ex
1004 1767 1166 1801 humanis
1182 1767 1324 1807 sublati,
1341 1779 1417 1801 cum
1434 1767 1631 1801 universam
1649 1766 1878 1800 christianam
1893 1766 2086 1802 Ecclesiam

451 1832 527 1863 tum
560 1828 774 1864 Societatem
790 1834 945 1864 nostram
961 1830 1054 1864 luctu
1075 1829 1191 1864 affecit
1207 1830 1320 1875 gravi.
1345 1830 1391 1863 Ut
1412 1828 1447 1863 in
1465 1829 1531 1863 hoc
1550 1829 1655 1863 etiam
1675 1828 1841 1875 opusculo
1863 1833 1981 1864 nostro
1996 1830 2087 1875 grati

453 1890 597 1936 aliquod
621 1894 716 1925 extet
736 1896 998 1926 monumentum
1018 1892 1137 1932 animi,
1160 1891 1295 1937 aliquas
1323 1891 1404 1925 boni
1423 1891 1574 1937 pastoris
1592 1891 1716 1925 laudes
1736 1902 1778 1925 ex
1805 1891 1884 1925 vitis
1916 1891 2087 1938 rebusque

455 1953 566 1999 gestis
582 1954 825 1988 Romanorum
842 1954 1064 1995 Pontificum,
1081 1955 1124 1989 ab
1143 1954 1324 2000 Alphonso
1345 1954 1522 1992 Ciaconio,
1544 1962 1575 1988 et
1595 1954 1794 1999 Augustino
1809 1953 1973 1994 Aldoin0‚
1991 1966 2009 1989 e
2025 1955 2088 1989 So-

454 2016 579 2051 cietate
604 2021 725 2051 nostra
747 2017 928 2062 scriptore,
950 2017 1118 2058 collectis,
1141 2029 1185 2052 ne
1204 2017 1318 2052 verbis
1337 2016 1476 2062 quidem
1495 2017 1619 2050 horum
1639 2017 1793 2057 mutatis,
1816 2020 1933 2051 attexo
1955 2029 1961 2050 z

508 2093 523 2107 ec
543 2079 739 2124 Gregorius
754 2079 860 2117 XIII,
879 2080 985 2125 Hugo
1000 2080 1296 2125 Bonconipagnus
1311 2083 1392 2113 ante
1406 2078 1646 2124 pontificatum
1666 2084 1821 2120 vocatus,
1841 2079 1955 2125 patria
1971 2079 2086 2113 Bono-

456 2155 471 2168 «
497 2141 650 2181 niensis,
674 2141 926 2187 Christophoro
955 2141 1228 2187 Boncornpagno
1254 2145 1288 2175 et
1311 2140 1450 2186 Angela
1478 2141 1729 2182 Mamschalla,
1757 2141 1931 2176 nobilibus
1958 2153 2081 2187 paren-

457 2218 472 2231 u
497 2203 602 2243 tibus,
626 2215 720 2238 anno
745 2204 852 2243 1502,
871 2204 939 2238 VII
961 2215 1072 2238 nonas
1085 2204 1250 2249 januarii,
1273 2207 1388 2242 natus,
1408 2203 1564 2237 honestis
1579 2203 1759 2238 institutus
1774 2204 1940 2243 moribus,
1959 2204 2084 2238 studiis

456 2281 470 2294 κ
493 2265 611 2311 legum
632 2266 804 2302 addictus,
830 2267 926 2300 brevi
954 2273 1124 2312 tempore,
1148 2266 1181 2300 in
1216 2278 1256 2300 eo
1288 2265 1444 2300 scientim
1470 2277 1600 2311 genere
1628 2277 1837 2311 progressus
1861 2266 2005 2305 faciens,
2021 2266 2081 2311 jus

455 2342 470 2356 ει
493 2328 586 2373 apud
608 2340 690 2363 suos
711 2329 804 2363 cives
824 2340 886 2374 per
909 2340 1021 2363 annos
1037 2333 1114 2363 octo
1132 2329 1396 2374 interpretatus,
1417 2327 1567 2362 Romam
1587 2328 1744 2369 veniens,
1765 2328 1927 2374 Capitolii
1950 2328 2072 2374 judex,

455 2405 471 2419 ει
494 2390 645 2436 scriptor
672 2391 899 2436 apostolicus,
927 2391 1074 2436 maioris
1107 2391 1203 2436 parci
1235 2389 1470 2429 abbreviator,
1501 2390 1699 2424 forensibus
1727 2395 1758 2424 et
1792 2390 1917 2435 gratia?
1952 2390 2078 2425 libellis

456 2470 471 2484 α
493 2455 686 2490 referendis
704 2456 890 2501 praefectus
907 2467 922 2489 a
939 2455 1050 2490 Paulo
1069 2455 1134 2495 III,
1153 2454 1198 2489 ad
1211 2453 1402 2489 Concilium
1417 2454 1661 2488 Tridentinum
1677 2454 1816 2495 missus,
1834 2466 1982 2489 camerae
1999 2466 2080 2500 apo-

456 2532 471 2546 u
494 2517 626 2553 stolicze
653 2516 823 2552 auditoris
849 2516 1102 2557 locumtenens,
1129 2516 1342 2551 secretarius
1375 2516 1602 2561 apostolicus,
1633 2517 1834 2562 Campaniae
1860 2516 2077 2562 prolegatus,
