2184 2953
649 291 754 319 LIBER
777 290 941 319 OCTAVUS
964 290 1172 326 (1630-1640).
1673 287 1732 317 307

123 382 220 416 venis
253 393 329 415 cum
347 381 393 415 ad
412 393 548 416 omnem
567 381 705 416 virtutis
724 385 757 416 et
775 381 955 422 doctrinae‚
977 384 1049 415 tum
1068 381 1103 414 in
1122 379 1243 426 primis
1264 378 1309 413 ad
1328 379 1472 424 poeticae
1491 379 1576 414 artis
1595 378 1735 413 laudem

123 447 224 478 natus
251 446 337 477 erat.
372 443 564 488 Eleganter
595 443 650 477 hic
681 443 803 478 Musas
832 454 914 477 suas
940 442 1131 476 amantibus
1161 441 1356 476 litterarum
1383 441 1636 475 commendavit
1662 444 1734 474 tum

122 516 184 540 suo
203 505 349 551 poeticae
367 505 582 550 magisterio,
604 505 719 539 Vilnae
736 505 771 538 in
795 503 985 539 Academia
1005 503 1270 549 quadriennium
1288 502 1504 536 continenter
1526 506 1731 548 praeceptor,

122 568 193 599 tum
212 565 298 599 alias
314 565 449 611 scriptis
469 577 490 599 a
508 577 545 600 se
564 565 780 611 poematibus
807 578 884 611 quae
911 566 945 599 in
973 565 1134 610 catalogo
1154 564 1359 610 provinciali
1386 564 1591 609 scriptorum
1615 564 1647 610 (Il
1665 576 1733 599 non

122 626 330 661 omittemus.
366 627 537 672 Magnum
575 628 628 661 sui
663 627 804 673 reliquit
838 627 1048 662 desiderium
1087 626 1259 667 omnibus,
1300 629 1411 660 morte
1445 630 1659 672 praecerptus
1691 638 1733 661 ex

120 689 200 724 tabe
225 689 321 724 lenta
340 689 388 723 VI
408 688 579 723 kalendas
598 690 754 724 martias.

170 751 384 793 vladislaus,
407 751 623 798 Sigismundi
644 752 694 786 III
711 752 923 787 Polonorum
943 750 1038 795 regis
1058 750 1163 790 filius,
1183 749 1312 784 Suetici
1332 750 1431 794 regni
1450 749 1577 789 haereS,
1595 750 1731 795 parenti

121 814 157 848 in
183 814 307 848 solium
335 813 540 848 Polonicum
560 814 727 848 successit
745 826 751 847 :
775 812 1034 848 commendatus
1053 816 1126 845 tum
1140 822 1161 845 a
1180 811 1286 856 regiis
1305 811 1532 856 principibus,
1550 810 1729 850 fratribus,

122 876 206 916 suis,
229 876 412 916 Casimiro,
433 876 572 910 Joaniie
599 876 756 916 Alberto,
785 875 924 915 Oai-olo,
946 873 1160 913 Alexandro,
1182 877 1255 907 tum
1277 883 1297 906 a
1315 872 1442 918 legatis
1469 872 1676 918 principum,
1698 872 1733 906 in

1762 382 1825 408 1633

1759 757 1812 783 Rex
1834 757 1906 783 Polo-

1758 803 1850 821 norum

1759 836 1861 860 creatur

1760 873 1848 898 Vladi-

1760 912 1838 938 slaus.

121 938 241 984 primis
261 938 437 983 pontificio
458 938 593 971 Urbani
612 937 711 977 VIII,
736 942 769 972 et
788 938 949 971 Caesareo
969 934 1183 970 Ferdinandi
1203 935 1236 969 ΙΙ
1259 947 1265 969 1
1287 934 1417 969 electus
1442 934 1524 968 anni
1552 934 1644 970 1632
1672 934 1734 968 idi·
1757 981 1765 989 ·

123 1000 185 1034 bus
205 1000 471 1039 novembribus;
499 1011 629 1034 corona
648 1000 712 1033 rite
734 1004 876 1033 ornatus
897 998 1074 1033 Cracovize
1096 996 1187 1032 1633
1207 996 1255 1030 IV
1273 995 1443 1030 kalendas
1458 997 1612 1030 martias.
1632 995 1732 1030 Prin-

121 1062 210 1107 cipio
230 1062 347 1096 statim
366 1062 543 1096 turbidum
561 1061 624 1095 fuit
643 1062 674 1095 V
677 1061 815 1095 ladislai
843 1072 1002 1105 regnum,
1033 1059 1236 1094 Moscovitis
1262 1058 1392 1093 bellum
1419 1059 1726 1093 commoventibus.

121 1123 340 1158 Obsidebant
358 1123 409 1157 illi
427 1123 679 1163 Smolenscum,
696 1134 871 1168 agrosque
891 1121 1069 1156 Polonicae
1084 1121 1224 1155 Russiae
1239 1120 1369 1155 vicinos
1388 1120 1553 1161 urebant,
1572 1120 1727 1161 ducibus,

119 1186 293 1221 Michaele
312 1185 536 1231 Borysowicz
557 1185 723 1226 Szehino,
746 1193 780 1219 et
799 1184 955 1219 Szimone
975 1183 1185 1218 XVasilevicz
1197 1182 1545 1217 Prosorovski0.Jam
1565 1182 1732 1217 Polocen-

118 1257 190 1281 sem
209 1250 243 1281 et
266 1246 444 1281 civitatem
463 1250 496 1280 et
515 1246 729 1291 provinciam
750 1245 841 1279 ferro
862 1245 1005 1290 ignique
1025 1247 1227 1279 evastarant
1248 1256 1255 1284 ;
1277 1243 1313 1278 in
1340 1255 1452 1278 arcem
1480 1243 1634 1278 Polociae
1664 1254 1731 1277 non

117 1311 389 1353 penetraverant
422 1307 534 1341 adhuc
554 1320 560 1341 :
596 1311 733 1341 tutante
769 1318 840 1341 rein
872 1318 983 1347 suam,
1005 1306 1160 1351 corporis
1179 1304 1344 1350 reliquias
1375 1306 1427 1339 sui
1459 1305 1506 1339 ibi
1537 1305 1727 1351 depositas,

118 1369 219 1404 beato
237 1369 411 1415 Josaphat
429 1372 597 1415 martyre,
621 1367 864 1403 Polocensium
882 1370 964 1401 ante
982 1367 1100 1402 decem
1127 1379 1237 1402 annos
1256 1368 1431 1402 antistite:
1456 1367 1490 1402 id
1510 1367 1600 1412 quod
1614 1367 1732 1402 hostes

117 1430 220 1465 etiam
238 1430 387 1465 confessi
407 1434 500 1465 sunt.
523 1430 686 1475 Plerique
705 1441 748 1464 ex
766 1429 851 1475 ipsis
870 1429 962 1475 capti
981 1429 1232 1463 confirmabant
1250 1428 1379 1463 nostris
1400 1441 1406 1463 :
1429 1440 1506 1463 cum
1530 1429 1647 1464 hostes
1668 1440 1726 1475 op-

113 1496 312 1538 pugnarent
344 1503 473 1533 arcem,
500 1492 610 1526 visum
645 1492 752 1526 fuisse
783 1491 985 1532 antistitem,
1008 1490 1120 1536 qualis
1153 1494 1368 1536 spectaretur
1394 1490 1430 1524 in
1457 1491 1529 1525 suis
1556 1491 1730 1537 Josaphat

115 1554 347 1600 imaginibus;
369 1554 445 1588 luce
464 1553 708 1588 circumfusum
727 1558 761 1589 et
787 1553 1022 1598 fulgurantem
1050 1552 1210 1593 terribili,
1232 1552 1428 1598 moeniaque
1455 1552 1729 1588 inambulantem

115 1619 150 1649 et
164 1614 270 1655 valla,
288 1618 480 1649 struentem
498 1614 652 1648 illustres
668 1615 786 1649 nescio
801 1625 886 1660 quas
903 1613 1214 1659 formidolosasque
1230 1615 1360 1660 copias,
1381 1614 1593 1660 bellicasque
1607 1618 1729 1649 contra

116 1676 295 1710 machinas
315 1676 565 1711 collibrantem.
590 1677 677 1714 Quae
696 1677 829 1722 species
848 1676 995 1721 perculit
1013 1680 1106 1710 metu
1129 1675 1246 1710 hostes
1273 1687 1313 1710 ac
1337 1676 1531 1722 dissipavit.
1564 1676 1660 1711 Idem
1691 1688 1728 1711 se

117 1737 258 1778 vidisse,
276 1743 462 1772 narrarunt
477 1737 687 1773 Polocenses
707 1750 768 1772 suo
783 1738 1045 1783 archiepiscopo
1060 1738 1212 1772 Antonio
1232 1738 1393 1779 Sielava3
1411 1738 1468 1784 qui
1487 1743 1558 1772 tum
1575 1738 1727 1773 Polociae

116 1799 161 1834 ad
180 1811 259 1834 ossa
278 1800 371 1834 beati
390 1801 553 1847 martyris
578 1801 651 1836 Deo
675 1801 821 1835 salutem
843 1801 968 1835 civium
992 1811 1068 1834 cum
1091 1799 1330 1834 sacerdotibus
1350 1799 1421 1833 suis
1448 1800 1722 1834 commendabat.

118 1860 171 1895 Ita
189 1861 314 1906 ingens
335 1861 548 1896 Polonorum
567 1862 740 1897 exercitus
758 1863 914 1897 hostibus
933 1862 1041 1903 visus,
1063 1861 1287 1907 legionesque
1306 1861 1375 1895 illae
1394 1861 1493 1906 quasi
1519 1860 1727 1896 fulminatri-

116 1934 197 1964 ces;
232 1924 364 1957 homuli
395 1925 526 1959 scilicet
556 1925 603 1959 ibi
635 1928 832 1959 castrenses
863 1923 1099 1968 quinquageni
1131 1934 1198 1957 non
1231 1922 1391 1968 amplius,
1412 1922 1621 1967 praesidiarii
1652 1923 1725 1969 ejus

116 1984 230 2027 arcis;
254 1985 537 2020 Smolenscenses
556 1986 693 2021 interim
713 1996 848 2019 summa
874 1983 1025 2018 hostium
1047 1983 1081 2017 vi
1110 1985 1325 2029 petebantur.
1355 1984 1436 2018 Jam
1462 1984 1724 2030 propugnacula

117 2046 184 2081 duo
203 2051 406 2093 partemque
433 2049 596 2083 moenium
615 2048 789 2093 insignem
808 2046 975 2081 Szehinus
994 2045 1538 2092 proruerat‚expugnavissetque
1558 2046 1713 2081 funditus

116 2110 257 2150 urbem,
284 2110 349 2144 nisi
368 2111 403 2144 in
429 2110 630 2146 defensores
658 2110 765 2144 fortes
791 2120 831 2142 ac
863 2112 1022 2142 strenuos
1054 2106 1268 2142 incurrisset.
1300 2107 1386 2142 Octo
1405 2119 1541 2143 menses
1560 2108 1670 2142 virtus
1689 2119 1725 2143 se

117 2171 375 2206 defendentium
393 2172 541 2218 impetus
560 2172 711 2206 hostium
732 2174 765 2205 et
784 2168 972 2204 obsidionis
993 2167 1213 2202 difficultates
1233 2169 1407 2203 sustinuit.
1421 2169 1629 2204 Admonitus
1645 2169 1725 2204 civi-

114 2233 158 2267 lis
187 2233 332 2279 periculi
358 2245 431 2274 reri,
458 2234 494 2268 in
519 2234 684 2269 Russiam
712 2232 960 2278 Christophoro
992 2230 1169 2266 Radivillo
1196 2232 1269 2277 (pro
1297 2232 1414 2267 Leone
1445 2232 1609 2278 Sapieha‚
1640 2232 1726 2268 duce

115 2294 287 2330 Lituanici
321 2296 491 2330 exercitus
528 2308 638 2342 nuper
664 2296 810 2340 mortuo)
830 2294 962 2328 militia)
992 2297 1064 2327 tuni
1091 2292 1269 2339 praefecto,
1300 2305 1376 2328 cum
1403 2294 1474 2330 suis
1500 2295 1608 2342 copiis
1634 2307 1723 2342 prae-

116 2356 239 2391 misso:
263 2358 319 2403 qui
339 2362 483 2391 conatus
510 2357 654 2392 hostiles
682 2357 863 2392 distineret
890 2356 1072 2400 tantisper,
1096 2355 1177 2389 dum
1194 2355 1371 2401 paulisper
1388 2356 1462 2403 ipse
1480 2357 1596 2392 Vilnae
1614 2357 1723 2404 respi-

114 2422 209 2453 raret
227 2430 269 2454 ex
288 2419 433 2454 itinere:
456 2430 559 2465 quam
578 2418 727 2465 primum
746 2417 910 2452 recreatis
937 2416 1081 2457 viribus,
1103 2428 1183 2452 mox
1209 2417 1250 2452 ad
1275 2417 1557 2455 Smolenscenses
1585 2419 1722 2465 magnis

154 2488 193 2524 (1)
217 2488 276 2516 Vid.
302 2489 464 2527 Catalogum
488 2490 653 2524 scriptorum
685 2497 698 2516 e
730 2489 871 2515 Limnaia-41
890 2488 917 2514 S.
938 2487 962 2515 J.
981 2486 1132 2521 provincia.

1826 1115 1856 1140 12

1758 1151 1859 1178 Bellum

1759 1191 1881 1217 Moscovi-

1757 1231 1846 1256 ticum.

1758 1269 1788 1296 B.
1802 1270 1817 1296 J
1820 1278 1876 1296 osa-

1758 1309 1823 1342 phat
1837 1309 1870 1335 ab

1758 1358 1816 1375 arce
1831 1350 1903 1376 Polo-

1759 1390 1827 1415 censi
1848 1389 1905 1416 hos-

1759 1431 1798 1455 tes
1815 1436 1872 1461 pro-

1756 1470 1853 1504 pulsat.

1819 1977 1850 2003 13

1751 2019 1774 2045 Α
1795 2019 1867 2046 Smo-

1752 2058 1835 2085 lensco
1856 2059 1900 2086 ob-

1752 2105 1822 2124 sesso
1839 2098 1897 2125 hos-

1752 2139 1791 2163 tes
1825 2145 1897 2164 aver-

1753 2178 1854 2203 tuntur.
