2184 2953
628 296 734 325 LIBER
757 295 912 324 TERTIUS
935 294 1147 331 (1580-1590).
1687 288 1724 319 97

108 391 223 432 vinus,
259 391 471 436 comitesque
507 390 560 424 sui
586 389 700 423 fronte
730 388 873 422 humum
908 390 978 421 tuae
1014 383 1188 431 majestati
1223 382 1364 417 feriunt.
1399 381 1578 427 Ejusmodi
1614 381 1721 416 verbo

107 466 276 490 summam
305 454 355 488 illi
382 454 612 489 reverentiam
640 452 852 498 significant.
882 449 970 483 Tum
995 448 1198 494 imperator,
1226 447 1381 492 legatum
1408 446 1588 492 appellans
1617 445 1721 480 comi-

108 520 161 552 ter
178 529 185 550 2
206 516 351 557 Antoni,
372 516 496 561 inquit,
518 519 555 548 ut
581 514 671 548 valet
694 514 886 560 Gregorius
906 513 1005 559 Papa
1024 512 1135 546 le
1154 513 1207 546 Ita
1235 512 1341 551 Deus,
1362 510 1550 556 respondet
1564 511 1719 549 nuntius,

106 581 321 626 majestatem
361 584 453 614 tuam
494 578 615 624 perdiu
648 577 731 612 velit
769 588 845 612 esse
880 575 1100 610 incolumem.
1131 576 1216 611 Inde
1251 587 1322 610 rem
1368 587 1466 609 suani
1501 586 1614 616 orsus,
1657 586 1724 620 quo

106 642 387 689 magnificentius
411 646 445 676 et
471 641 544 686 ipse
573 640 645 674 suis
673 639 863 685 principem
890 650 989 673 suuni
1017 641 1119 672 ornet
1145 637 1255 672 titulis
1276 650 1282 671 :
1306 636 1565 676 Sanctissimus,
1598 634 1721 680 inquit,

108 705 279 739 Dominus
306 707 424 738 noster
443 703 542 748 Papa
567 702 760 747 Gregorius
789 702 892 742 XIII,
915 701 1126 736 universalis
1163 701 1332 736 Ecclesiae
1358 701 1498 740 Pastor,
1532 699 1661 733 Christi
1689 699 1725 733 in

106 766 211 801 terris
238 764 412 804 Vicarius‚
442 763 522 798 Divi
554 763 650 797 Petri
668 774 860 804 successor,
878 763 1063 798 multarum
1083 763 1267 809 regionum
1285 767 1528 808 terrarumque
1550 761 1722 802 dominus,

107 839 229 862 servus
257 838 437 862 servorum
460 825 539 865 Dei,
570 824 794 858 serenitatem
825 827 921 858 tuam
944 824 1074 859 salutat
1102 825 1352 865 amantissime,
1383 823 1623 869 ominibusque
1649 834 1727 869 pro-

107 887 264 933 sequitur
300 897 400 932 quam
433 885 584 931 optimis.
620 883 675 918 Ad
712 896 837 919 nomen
866 885 1048 920 Pontificis
1083 887 1152 921 dux
1179 898 1256 921 cum
1282 886 1353 920 filio
1390 897 1452 920 suo
1479 886 1633 925 Joanne,
1668 884 1726 930 qui

103 949 203 995 regio
230 948 312 982 item
333 950 458 981 ornatu
477 946 685 991 conspicuus
712 946 748 980 in
775 947 861 981 solio
880 947 1046 982 inferiore
1066 948 1243 983 assidebat
1268 948 1313 982 ad
1339 947 1475 989 laevam,
1493 947 1726 992 universoque

104 1012 233 1047 circum
260 1015 394 1052 senatu,
425 1010 581 1055 assurgit
607 1009 785 1049 continuo⁷
814 1009 1016 1055 tamdiuque
1044 1013 1159 1045 rectus
1194 1013 1299 1051 astat,
1331 1009 1412 1043 dum
1439 1008 1571 1054 gratias
1598 1008 1722 1054 egerit.

104 1073 192 1107 Tum
220 1073 375 1108 residens
396 1076 457 1106 :tu
488 1082 584 1112 vero,
614 1070 739 1116 inquit,
756 1068 900 1111 Antoni,
931 1073 969 1104 ut
995 1071 1062 1105 iter
1090 1071 1169 1112 huc,
1204 1071 1422 1106 commodum
1449 1082 1495 1105 an
1520 1070 1725 1116 impeditum

103 1132 295 1167 habueris?
323 1131 563 1171 Commodum,
594 1130 733 1175 reponit
760 1130 831 1171 ille,
863 1143 941 1177 quae
969 1132 1043 1166 Deo
1072 1133 1189 1178 gratia
1215 1134 1273 1176 sit,
1304 1133 1464 1180 quodque
1491 1133 1605 1180 ipsum
1632 1133 1723 1168 inter

105 1196 270 1242 obsequia
296 1196 471 1242 majestati
504 1199 574 1229 tuae
603 1198 718 1240 grata,
747 1194 867 1235 velim,
898 1197 1095 1230 censeatur.
1125 1195 1179 1230 Ab
1208 1195 1325 1230 osculo
1352 1196 1434 1230 dein
1460 1207 1585 1230 manus
1608 1200 1642 1230 et
1661 1195 1723 1231 du-

104 1259 152 1293 cis
178 1261 211 1293 et
249 1257 314 1292 filii
351 1257 532 1303 principis,
573 1256 710 1291 traditis
750 1256 794 1297 ei,
837 1256 894 1301 qui
934 1255 1065 1301 primus
1106 1257 1184 1292 duci
1212 1268 1233 1292 a
1260 1258 1403 1292 secretis
1444 1261 1550 1299 esset,
1579 1257 1719 1299 litteris,

105 1322 267 1356 Romana
294 1320 475 1355 Pontificis
509 1331 652 1354 munera
679 1320 846 1366 exponit;
878 1331 978 1354 sacra
1005 1320 1063 1354 illa
1091 1320 1219 1360 omnia,
1250 1320 1421 1366 pretiique
1448 1321 1627 1356 enimvero
1653 1332 1723 1356 non

104 1384 227 1430 parvi:
257 1386 358 1428 grato
388 1382 489 1427 proin
520 1381 636 1415 animo
665 1384 819 1427 accepta.
851 1381 935 1415 Inde
963 1382 1054 1415 inter
1081 1385 1261 1416 senatores
1290 1381 1332 1416 de
1359 1382 1501 1427 negotio
1533 1381 1719 1428 legationis

105 1460 121 1475 κ
139 1445 335 1484 consilium,
364 1444 461 1489 cujus
502 1454 635 1477 summa
661 1442 737 1483 fuit,
768 1447 817 1485 ut,
854 1444 1018 1489 quoniam
1054 1443 1124 1477 dux
1152 1443 1315 1477 Pontifici
1342 1443 1499 1477 Maximo
1527 1455 1589 1490 per
1619 1456 1719 1479 suum

101 1519 244 1554 “nuper
270 1507 425 1552 legatum
452 1505 627 1550 pollicitus
660 1509 764 1544 esset,
796 1517 846 1546 se,
877 1506 906 1540 si
934 1518 955 1540 a
982 1516 1066 1550 rege
1102 1504 1261 1538 Poloniae
1292 1504 1400 1539 otium
1438 1505 1558 1546 fuerit,
1590 1505 1720 1540 bellum

102 1587 117 1601 a
135 1572 259 1607 Turcis
286 1570 478 1610 illaturum,
496 1569 599 1603 fidem
626 1568 730 1603 hodie
758 1571 960 1614 Draestaret3
991 1568 1035 1602 ad
1062 1567 1343 1613 persequendum
1369 1567 1476 1601 armis
1502 1579 1719 1603 communem

101 1647 117 1662 a
135 1632 315 1667 christiani
349 1631 500 1666 nominis
528 1631 662 1664 hostem
690 1641 805 1664 secum
833 1632 867 1664 et
894 1641 971 1663 cum
998 1630 1135 1664 caeteris
1162 1629 1345 1674 religionis
1374 1629 1529 1674 ejusden]
1556 1630 1718 1676 principi-

102 1694 197 1729 “bus
224 1693 441 1739 conspiraret
476 1705 481 1726 :
516 1692 712 1737 pontificios
753 1691 798 1726 ad
829 1692 957 1726 Persas
985 1696 1019 1726 et
1049 1692 1216 1726 Tartaros
1254 1691 1393 1737 legatos
1435 1697 1716 1739 commeatusque

102 1771 117 1785 α
134 1755 409 1791 transmitteret:
431 1754 613 1789 catholicis
641 1755 919 1800 negotiatoribus
950 1756 985 1790 in
1007 1756 1185 1790 Moscovia
1212 1758 1420 1792 commercia
1446 1762 1564 1793 essent
1589 1759 1714 1799 libera,

102 1817 313 1863 “liberaque
339 1815 521 1850 catholica?
548 1815 730 1860 religionis
759 1816 954 1861 professio;
986 1817 1146 1862 quodque
1173 1818 1322 1854 maxime
1350 1820 1567 1856 desideraret
1593 1822 1715 1857 Ponti-

102 1894 117 1908 κ
137 1879 205 1919 fex,
236 1879 306 1912 dux
338 1877 412 1923 ipse
442 1880 479 1910 ut
506 1888 583 1910 cum
613 1876 770 1912 Ecclesia
795 1878 957 1912 Romana
984 1878 1113 1914 rediret
1135 1879 1169 1914 in
1198 1881 1359 1925 gratiam.

148 1939 395 1975 Assensionem
427 1938 534 1972 animi
561 1939 605 1972 ad
638 1939 851 1974 conditiones
878 1939 1007 1985 primas
1043 1941 1202 1986 adjunxit
1232 1942 1334 1978 facile
1359 1955 1435 1978 cum
1465 1956 1527 1980 suo
1554 1946 1715 1996 princeps

99 2006 241 2043 senatu3
263 2002 306 2036 de
326 2000 467 2046 negotio
488 2000 668 2045 religionis
683 2000 828 2046 proponi
843 2000 991 2045 amplius
1012 2001 1075 2035 sibi
1095 2013 1165 2036 non
1184 2007 1237 2038 est
1258 2015 1406 2049 passus;
1428 2005 1544 2052 itaque
1563 2018 1618 2042 res
1637 2007 1713 2042 uni-

97 2063 189 2098 versi
208 2062 343 2098 consilii
362 2061 407 2096 ad
434 2061 619 2096 Possevini
650 2062 799 2096 reditum
818 2074 838 2097 a
864 2075 949 2108 rege
977 2064 1168 2109 Stephano,
1200 2066 1244 2100 ad
1277 2078 1377 2112 quem
1395 2067 1475 2103 hinc
1494 2069 1708 2110 mittebatur,

99 2128 216 2163 dilata.
257 2128 404 2162 Senatus
435 2126 561 2162 deinde
593 2138 669 2161 cum
699 2126 813 2172 legato
844 2126 941 2171 regio
967 2130 1132 2172 exceptus
1161 2129 1331 2163 convivio.
1368 2129 1610 2176 Sumptuosius
1641 2135 1713 2165 tum

100 2193 267 2225 extructae
284 2201 415 2224 mensae
443 2189 554 2234 epulis
575 2189 736 2234 vasisque
756 2189 885 2228 aureis,
903 2199 1006 2235 quam
1024 2201 1173 2234 unquam
1193 2195 1273 2225 ante
1303 2192 1519 2227 Moscovitici
1551 2204 1713 2238 proceres

98 2252 346 2287 meminissent.
366 2251 529 2285 Convivae
546 2251 626 2286 lecti
646 2251 896 2285 discubuerunt
913 2250 957 2284 ad
973 2254 1110 2285 centum
1125 2263 1131 2291 ;
1149 2251 1250 2296 primi
1272 2252 1363 2287 inter
1382 2264 1441 2288 eos
1460 2259 1560 2289 erant
1578 2255 1714 2289 adoles-

75 2317 215 2350 'centes
250 2314 338 2354 duo,
372 2325 393 2347 a
425 2313 567 2358 regibus
607 2313 764 2348 Poloniae
800 2318 833 2348 et
867 2313 1192 2348 Mscislaviensibus
1225 2314 1370 2350 ducibus
1404 2317 1568 2358 oriundi3
1602 2318 1713 2352 intimi

99 2375 260 2421 deinceps
291 2373 466 2409 consiliari
499 2378 650 2420 septem,
674 2386 759 2420 quos
791 2375 985 2420 excipiebat
1013 2374 1113 2409 turba
1137 2374 1328 2410 aulicorum
1355 2379 1564 2423 promiscua.
1596 2379 1635 2413 In
1659 2379 1713 2413 his

101 2436 197 2471 nulla
214 2436 304 2482 apud
323 2447 383 2471 eos
410 2436 590 2481 dignitatis
612 2437 760 2472 habetur
779 2438 887 2478 ratio;
910 2438 970 2472 sed
990 2449 1067 2472 eum
1087 2436 1232 2483 quisque
1250 2438 1364 2474 locum
1392 2441 1537 2481 obtinet,
1559 2441 1617 2487 qui
1650 2442 1714 2476 sibi

99 2497 174 2533 loco
192 2498 280 2533 forte
291 2498 466 2543 obtigerit.
485 2499 563 2533 Dux
577 2499 650 2545 ipse
669 2512 817 2546 magnus
832 2512 909 2535 cum
929 2500 1001 2534 filio
1019 2500 1062 2534 ad
1082 2504 1281 2545 separatum
1301 2502 1486 2538 stibadium
1500 2515 1519 2539 e
1534 2505 1713 2550 superiore

1553 2565 1582 2590 13

1751 385 1813 411 1581

1749 1365 1894 1407 Con—silium

1749 1410 1831 1436 pacis,
1839 1411 1882 1436 po-

1747 1442 1848 1468 stulata

1746 1487 1890 1514 Pontificis.

1741 2131 1822 2158 Convi

1739 2169 1810 2194 vium
