2184 2953
272 389 337 418 1653

273 484 376 513 Pericu-

273 527 328 553 lum
348 525 376 550 in

273 566 377 596 itinere,

274 604 362 634 caedes,

274 644 409 671 damnum.

276 1321 408 1349 Daemonis

277 1362 406 1396 impostu-

276 1410 310 1427 rae
342 1401 384 1428 de-

277 1442 361 1468 teetae.

444 287 504 320 368
833 286 1112 318 LITUANICARUM
1134 286 1348 318 SOCIETATIS
1370 287 1456 318 JESU
1479 285 1735 317 HISTORIARUM

446 380 593 416 mendos
625 391 707 416 suos
737 381 902 423 comites3
925 382 1029 428 idque
1048 381 1195 417 Praesidi
1215 381 1363 429 aperuit.
1384 380 1528 421 Rector‚
1552 380 1809 416 imminentium
1842 379 1919 415 urbi
1947 383 1981 416 et
2000 391 2073 416 suae

448 443 567 478 domui
585 444 818 490 periculorum
849 448 943 480 metu
969 445 1136 491 praesenti
1168 444 1418 491 perturbatior,
1451 443 1638 479 Nicolaum
1668 455 1745 478 cum
1783 443 1853 478 suis
1888 443 2073 478 comitibus

448 505 626 542 discedere
635 506 736 553 jubet
754 507 930 542 continuo.
952 507 983 541 V
987 507 1021 542 ix
1041 507 1122 542 dum
1141 507 1293 553 ingressi
1312 507 1390 548 iter,
1412 505 1569 541 incidunt
1587 506 1622 540 in
1641 506 1776 546 hostes,
1794 505 1893 540 rabie
1911 506 2070 540 furentes

447 568 615 604 haeretica
632 581 638 603 :
660 573 731 605 tres
750 581 819 604 uno
838 570 927 604 vecti
960 581 1063 605 curru
1082 569 1283 605 lacerantur
1302 581 1308 604 :
1331 569 1398 604 duo
1418 568 1454 603 in
1473 572 1662 615 conspectu
1682 567 1823 603 Nicolai
1851 571 2071 610 mactantur3

447 631 572 666 tertius
587 642 650 678 pro
670 631 853 667 interfecto
872 632 1081 678 relinquitur
1100 645 1105 667 :
1126 633 1200 679 ipse
1223 631 1391 667 Nicolaus
1413 643 1480 677 quo
1499 635 1601 678 pacto
1621 630 1737 666 nescio
1766 630 1957 665 inviolatus
1975 630 2073 665 omit-

447 693 544 729 titur.
566 693 693 729 Amisit
711 698 784 729 tum
811 699 1010 730 sanctorum
1029 707 1213 742 corporum
1232 694 1411 740 reliquias,
1437 698 1482 729 et..v
1501 694 1633 740 scripta
1652 693 1832 740 vulganda
1863 692 1970 740 typis.
1991 692 2074 727 Vita

447 768 510 792 sua
529 757 593 792 fuit
607 761 775 804 perpetua
794 757 850 792 vel
869 758 977 793 animi
996 758 1051 793 vel
1065 758 1221 805 corporis
1241 757 1420 792 afflictatio
1439 769 1445 791 :
1468 757 1621 792 interdiu
1640 757 1741 791 labor
1761 756 1924 791 assiduus
1944 767 1950 790 :
1969 759 2074 791 noctu

446 820 544 867 quies
558 820 689 862 brevis,
710 832 820 868 eaque
838 822 873 856 in
893 822 998 857 humo
1019 821 1124 862 nuda,
1142 826 1203 856 aut
1222 822 1256 856 in
1276 832 1354 863 axe,
1372 824 1443 856 tres
1463 832 1533 856 non
1550 820 1627 867 plus
1655 820 1726 855 lato
1746 820 1893 866 palmos.
1914 819 2074 854 Interula

445 883 602 924 horrida,
620 895 638 918 e
654 884 736 919 setis
757 887 933 919 contexta.
954 883 1127 929 Flagellis
1143 888 1281 930 tergum
1297 883 1480 929 quinquies
1496 883 1531 917 in
1551 883 1656 923 diem,
1676 883 1804 929 saepius
1823 886 1926 918 noctu
1941 882 2074 917 lacera-

447 946 517 981 bat.
545 946 763 992 Fiaigalitas,
787 958 890 993 quam
917 947 938 982 J
943 947 1078 981 ustinus
1099 947 1216 987 etiam,
1241 946 1444 985 historicus,
1467 949 1614 981 matrem
1630 945 1797 980 virtutum
1816 948 1931 987 vocat,
1955 944 2074 990 singu-

445 1008 553 1044 laris:
576 1009 624 1044 sic
651 1009 862 1056 appetentiae
883 1009 949 1044 cibi
981 1009 1244 1048 moderabatur,
1275 1012 1313 1043 ut
1331 1019 1352 1042 a
1372 1018 1493 1043 mensa
1511 1007 1643 1043 rediret
1679 1006 1725 1042 ad
1757 1007 1871 1042 officia
1897 1017 2075 1052 nunquan]

447 1076 554 1108 satur.
576 1072 703 1107 Animo
720 1083 856 1118 semper
881 1071 1085 1118 tranquillo,
1108 1071 1205 1107 vultu
1233 1083 1385 1111 amoeno,
1416 1072 1451 1106 in
1483 1071 1641 1106 adversis
1664 1070 1797 1118 pariter
1821 1081 1863 1105 ac
1881 1069 2072 1117 prosperis.

447 1134 619 1171 Latebras
634 1136 830 1170 animorum
844 1135 1033 1176 interdum,
1056 1135 1195 1176 dicitur,
1218 1135 1412 1181 pervidisse
1432 1138 1466 1169 et
1484 1134 1743 1180 praenuntiasse
1766 1133 1906 1174 futura;
1929 1143 2007 1178 quae
2027 1131 2076 1167 sic

449 1198 588 1234 omnino
608 1199 801 1234 evenerint.
820 1198 1142 1234 Discernendorum
1162 1197 1347 1244 spirituum
1362 1197 1489 1238 sciens,
1512 1208 1606 1243 saepe
1622 1196 1765 1231 fraudes
1781 1196 1980 1230 daemonum
1995 1206 2076 1241 ape-

449 1261 531 1296 ruit.
554 1261 671 1296 Unum
701 1261 759 1296 hic
783 1272 825 1296 ex
852 1261 970 1296 multis
997 1260 1197 1307 hujusmodi
1217 1259 1385 1306 exemplis
1420 1270 1536 1294 narro,
1561 1259 1601 1293 In
1629 1258 1804 1300 Masovia,
1828 1257 2076 1292 Drohicinensi

448 1323 677 1370 provinciola,
704 1323 888 1359 Mordensi
919 1323 1027 1364 curia,
1052 1323 1087 1357 in
1114 1323 1247 1358 familia
1278 1321 1499 1369 Beydonum,
1535 1320 1711 1356 haereticis
1742 1325 1823 1355 nata
1855 1319 2074 1367 parentibus,

449 1386 565 1428 Anna,
586 1387 734 1433 triginta
764 1398 936 1423 annorum
962 1386 1119 1427 foemina,
1141 1385 1350 1421 consederat
1378 1384 1571 1426 Pultoviae;
1594 1383 1693 1430 quasi
1729 1395 1813 1418 vero
1846 1384 1956 1430 major
1986 1383 2077 1418 soret

449 1449 617 1485 maleficae
636 1449 879 1496 opportunitas
897 1449 943 1483 ad
962 1449 1133 1484 bonorum
1152 1449 1357 1484 meritorum
1376 1447 1512 1494 copiam
1539 1447 1574 1481 in
1602 1447 1708 1487 urbe;
1731 1446 1790 1480 ubi
1811 1450 1939 1492 praesto
1959 1448 2077 1481 essent

448 1512 592 1559 templa,
615 1513 828 1554 sacerdotes,
851 1512 1034 1547 sanctioris
1062 1512 1144 1547 vitre
1175 1511 1377 1557 magisteria
1408 1514 1442 1545 et
1461 1509 1642 1556 exempla;
1664 1520 1788 1544 revera
1806 1509 1925 1555 utique
1953 1507 2075 1543 vendi-

450 1575 549 1609 tandi
568 1576 622 1609 sui
643 1576 771 1622 populo
800 1586 920 1617 causa,
952 1578 986 1609 et
1004 1575 1107 1609 fama}
1126 1574 1260 1609 artibus
1288 1573 1390 1608 malis
1410 1572 1631 1618 colligendae.
1649 1572 1702 1607 Ea
1720 1575 1836 1607 mente
1863 1572 2007 1606 foemina
2033 1570 2079 1606 ad

450 1637 601 1684 speciem
621 1638 807 1684 probitatis
826 1649 863 1673 se
878 1649 1015 1673 comere
1035 1649 1041 1671 ι
1060 1648 1176 1676 orare,
1193 1636 1370 1683 jejunare,
1389 1634 1541 1681 flagellis
1556 1634 1697 1681 pulsare
1725 1638 1878 1679 tergum,
1897 1644 2016 1668 omnes
2035 1633 2079 1667 ad

448 1700 617 1747 templum
648 1704 879 1741 antevertere,
901 1700 1025 1735 ultima
1048 1699 1189 1734 (1011111111
1220 1698 1334 1733 redire
1356 1710 1364 1728 .·
1387 1709 1481 1744 saepe
1512 1696 1715 1744 lacrymari,
1744 1707 1899 1742 gemere,
1921 1694 2079 1741 provolvi

450 1762 485 1796 in
505 1773 634 1808 genua,
656 1762 782 1798 coelum
797 1763 954 1798 crebrius
970 1762 1163 1808 suspicere,
1182 1765 1216 1796 et
1235 1761 1351 1796 nescio
1371 1760 1453 1806 quid
1474 1763 1658 1806 praeterea.
1680 1758 1880 1804 Adjuvabat
1901 1758 1972 1792 suis
1986 1757 2079 1792 frau-

452 1824 553 1859 dibus
571 1824 707 1871 pellicis
726 1825 892 1860 astutiam
907 1837 981 1860 suae
1000 1836 1126 1871 porcus
1145 1824 1304 1865 daemon3
1327 1834 1419 1858 nunc
1437 1822 1628 1862 foeminam,
1650 1820 1858 1867 injuriarum
1874 1820 1973 1866 quasi
1988 1820 2080 1855 ultor

453 1898 607 1929 suarum,
630 1892 864 1933 contorquens
882 1887 974 1922 foede
997 1900 1003 1921 z
1027 1899 1119 1922 nunc
1140 1886 1267 1933 populo
1294 1886 1393 1933 quasi
1420 1885 1533 1920 bonus
1561 1883 1685 1930 genius
1710 1883 1895 1919 sublimem
1925 1894 1967 1918 ex
1997 1894 2079 1918 aere

452 1961 654 1998 proponens
678 1954 712 1986 et
731 1950 976 1986 circumfusam
994 1950 1084 1985 luce.
1110 1950 1198 1984 Haec
1217 1949 1266 1984 ita
1294 1948 1478 1984 immodica
1504 1947 1696 1982 mirabatur
1722 1946 1820 1993 plebs
1844 1946 1983 1992 quidem
1999 1945 2078 1980 sim-

452 2012 533 2059 plex
551 2017 585 2049 et
603 2014 840 2060 preedicabat;
862 2012 1167 2048 considerantibus
1182 2015 1299 2046 autem
1318 2023 1374 2046 res
1393 2010 1590 2046 accuratius
1610 2009 1845 2056 suspicionem
1859 2009 1993 2043 fraudis
2008 2019 2078 2043 non

454 2075 568 2111 levem
594 2077 782 2117 faciebant,
813 2076 848 2110 in
879 2075 1002 2122 primis
1029 2075 1129 2110 Patri
1149 2074 1309 2110 Nicolao.
1333 2073 1465 2108 Oderat
1482 2073 1540 2108 hic
1558 2073 1751 2113 foeminam,
1774 2072 1823 2107 ita
1855 2075 2022 2111 sanctam,
2045 2074 2079 2105 et

454 2141 623 2184 tanquam
642 2138 949 2185 praestigiatricem
969 2137 1159 2172 damnabat
1177 2149 1183 2171 :
1206 2137 1340 2171 invisus
1362 2139 1549 2182 propterea
1567 2135 1633 2170 fuit
1648 2134 1803 2170 mulieris
1821 2133 2079 2175 laudatoribus,

458 2200 568 2236 donec
586 2202 836 2238 fraudulentiae
862 2201 1004 2237 tandem
1023 2200 1158 2235 larvam
1191 2199 1342 2235 detraxit
1368 2199 1512 2234 veritas.
1536 2197 1672 2233 Yocata
1703 2199 1739 2232 in
1761 2197 1935 2244 judicium
1954 2197 2082 2232 Anna:

456 2268 635 2310 comperta
654 2265 754 2300 fraus
774 2277 780 2299 2
803 2268 927 2311 aperta
945 2263 1082 2309 flagitia
1102 2263 1282 2297 immania.
1306 2262 1455 2296 Decreto
1475 2260 1660 2295 afficienda
1680 2260 1865 2307 supplicio,
1887 2259 1999 2295 modis
2017 2270 2085 2305 po-

456 2328 524 2363 tuit
556 2327 672 2362 induci
700 2327 817 2369 nullis,
846 2330 884 2362 ut
914 2326 1135 2373 resipisceret
1159 2338 1164 2359 z
1187 2325 1275 2360 adeo
1299 2324 1536 2360 circumventa
1563 2324 1628 2359 fuit
1659 2322 1888 2370 indurataque
1919 2322 2083 2358 versutiis

457 2390 584 2426 moechi
603 2389 657 2424 sui
674 2390 833 2424 tartarei.

506 2452 562 2488 Ad
581 2463 634 2493 ea,
658 2463 736 2498 quae
750 2451 938 2486 Nicolaum
956 2452 1214 2498 praenuntiasse
1233 2451 1395 2491 diximus,
1418 2451 1509 2486 adde
1535 2451 1704 2497 praedicta
1723 2450 1766 2485 ab
1785 2448 1860 2496 ipso
1878 2448 1949 2483 alia
1971 2460 1978 2489 ;
2000 2454 2085 2494 quo-

460 2527 536 2552 rum
551 2514 787 2562 praenotiones
805 2514 864 2550 ille
884 2514 1064 2550 distractae
1084 2514 1175 2549 inter
1201 2514 1370 2549 orandum
1399 2514 1527 2549 mentis
1545 2524 1682 2550 errores
1711 2523 1792 2548 suos
1822 2509 2086 2547 dissimulanter
