2184 2953
247 399 310 424 1602

304 437 342 464 12.

246 477 372 504 i'ultoviae

244 517 298 542 ΓΡ.
312 517 379 542 Bru-

243 556 295 581 nak
307 557 334 581 et
345 555 394 582 Ro-

265 597 346 623 erius.

253 1875 314 1902 1603

311 1915 340 1940 13

250 1955 395 1989 Derpaten-

249 1997 318 2023 sium
350 1997 397 2023 mi-

250 2036 330 2062 scriae.

420 298 480 328 204
812 298 1087 326 LlTUANlCARUM
1113 298 1326 328 soclss'rATls
1347 300 1432 329 JESU
1457 300 1707 330 HISTORIARUM

424 391 548 438 gloriae
562 391 734 437 singulari
754 403 760 425 z
780 394 814 426 et
842 390 1040 425 Ludovicus
1068 390 1259 437 Rogerius,
1278 390 1401 431 Italus,
1423 391 1538 437 patria
1564 391 1744 432 Aretinus,
1765 391 1906 437 pietatis
1931 390 2046 434 laude,

422 458 456 489 et
479 454 637 489 doctrina
668 454 704 488 in
730 454 823 488 omni
851 453 1069 488 severiorum
1096 464 1226 498 genere
1254 452 1440 498 exquisita,
1462 457 1620 488 ornatus.
1643 453 1727 488 Cum
1755 453 2048 500 jurisprudentiae

421 528 491 551 non
509 516 674 562 exiguam
692 516 814 562 primae
834 520 967 562 partem
987 515 1102 550 aetatis
1121 515 1361 560 impendisset,
1393 514 1561 550 Societati
1580 527 1705 550 nomen
1727 515 1834 557 dedit,
1854 515 1952 550 brevi
1970 519 2062 551 tan--

421 583 495 613 tum
513 578 549 614 in
568 578 683 614 studio
702 579 899 613 litterarum
926 578 1083 624 profecit,
1115 581 1151 612 ut
1169 578 1295 612 Romae
1322 577 1580 624 philosophiam
1598 578 1836 624 profiteretur,
1859 577 2048 625 multisque

421 653 485 676 sua
515 641 673 676 doctrina
696 641 934 676 celebraretur
965 640 1142 674 laudibus.
1174 640 1404 685 Septennium
1435 640 1611 686 deinceps,
1634 640 1762 685 partim
1789 640 2045 682 concionando,

420 705 547 750 partim
579 704 729 750 Neapoli
746 703 963 748 theologiam
982 702 1167 739 tradendo,
1190 702 1375 748 transegit.
1401 702 1485 737 Inde
1516 703 1551 736 in
1583 702 1770 737 Poloniam
1794 703 1924 738 missus
1956 715 2049 738 anno

424 767 529 807 1590,
552 766 742 801 Posnaniae
770 765 1026 800 controversias
1046 764 1128 799 fidei
1148 763 1327 810 explicuit,
1351 764 1548 810 saepiusque
1573 776 1651 799 cum
1678 764 1853 799 haereticis
1876 777 1938 811 pro
1968 765 2047 801 reli-

421 829 536 875 gionis
568 829 711 864 veritate
750 827 978 874 depugnavit.
1012 827 1185 862 Pultoviae
1216 826 1379 872 denique,
1408 829 1482 860 tum
1514 826 1559 861 ad
1590 826 1818 861 instauranda
1848 826 2049 862 litterarum

421 892 550 933 studia,
572 894 645 926 tum
665 902 732 936 quo
750 889 887 924 facilius
908 892 1059 930 curaret,
1081 892 1214 924 mutato
1234 888 1337 928 coelo,
1358 887 1605 929 valetudinem,
1626 892 1744 923 vetere
1767 888 1943 934 pulmonis
1964 889 2048 924 vitio

420 954 597 989 confectus
621 957 695 995 est,
717 964 845 998 magno
874 953 927 987 sui
954 952 1048 998 apud
1070 963 1190 986 omnes
1222 951 1343 986 relicto
1372 951 1546 986 desiderio
1565 963 1572 985 ε
1594 951 1792 997 praesertim
1820 963 1898 986 cum
1925 951 2049 987 mortis

420 1016 585 1052 felicitate
604 1016 870 1051 admirationem
892 1026 961 1049 non
979 1015 1149 1049 minorem
1164 1018 1198 1049 et
1216 1013 1415 1055 utilitatem,
1434 1025 1537 1060 quam
1556 1013 1637 1048 vitae
1652 1013 1868 1059 integritate,
1886 1014 2048 1049 omnibus

420 1079 607 1115 attulisset.
632 1079 677 1113 Et
708 1078 825 1113 animo
858 1077 925 1112 sibi
961 1080 1161 1112 constanter
1179 1080 1365 1122 praesente,
1389 1079 1423 1110 et
1459 1075 1620 1111 sensibus
1640 1076 1685 1110 ad
1718 1080 1912 1111 extremum
1939 1087 2049 1123 usque

421 1142 582 1188 spiritum
604 1140 764 1186 integris,
786 1140 875 1175 bene
894 1139 1021 1174 mereri
1037 1151 1106 1173 non
1127 1139 1289 1173 cessabat
1306 1150 1312 1172 2
1336 1139 1382 1172 ita
1400 1138 1435 1172 in
1459 1138 1570 1173 Deum
1597 1142 1631 1173 et
1651 1137 1796 1173 Coelites
1822 1139 1913 1185 pius,
1930 1139 1967 1173 in
1987 1138 2049 1174 So-

421 1204 584 1240 cietatem
607 1207 744 1250 gratus,
766 1206 866 1238 tanta
886 1214 963 1237 cum
984 1202 1157 1236 suavitate
1177 1200 1290 1235 officia
1325 1201 1470 1235 fratrum
1503 1200 1570 1235 sibi
1590 1201 1749 1246 praestita
1771 1212 2050 1237 commemorans

421 1279 462 1302 ac
484 1267 684 1307 dilaudans,
715 1270 752 1301 ut
778 1276 868 1300 unus
901 1264 1018 1299 omnia
1052 1264 1161 1299 verba
1187 1263 1369 1309 religionis
1402 1267 1436 1298 et
1462 1263 1602 1309 pietatis
1635 1275 1824 1310 occupasse
1850 1264 2045 1300 videretur.

421 1329 549 1370 Morte,
572 1341 650 1375 qua?
664 1332 758 1364 certe
777 1328 901 1373 cuique
915 1326 1113 1361 mortalium
1132 1325 1363 1360 formidabilis
1378 1329 1442 1366 est,
1466 1325 1521 1360 hic
1543 1329 1676 1360 tantum
1695 1326 1807 1367 abest,
1825 1330 1864 1361 ut
1883 1327 2049 1362 extimes-

421 1395 526 1432 ceret,
548 1394 586 1425 ut
605 1393 785 1437 expeteret
804 1390 922 1430 etiam,
942 1389 1218 1434 suavissimeque
1236 1388 1400 1422 invitaret
1418 1400 1424 1422 :
1444 1387 1473 1422 O
1495 1399 1587 1422 mors
1608 1391 1752 1422 aeternae
1767 1388 1849 1423 vitae
1860 1389 1986 1434 janua,
2005 1388 2049 1424 de

419 1455 497 1490 loco
513 1454 607 1489 exilii
633 1454 668 1488 in
687 1454 838 1500 patriam
869 1453 981 1488 facilis
999 1452 1171 1498 trajectio,
1194 1452 1456 1498 compendiaria
1483 1453 1528 1488 ad
1555 1453 1695 1489 beatam
1715 1454 1949 1489 aeternitatem
1967 1454 2046 1490 via!

421 1517 606 1553 adesdum!
627 1529 646 1551 o
661 1517 800 1563 quando
814 1516 952 1551 veniam
969 1519 1003 1551 et
1016 1515 1195 1562 apparebo
1211 1519 1292 1550 ante
1306 1515 1427 1550 faciem
1442 1516 1526 1550 Dei!
1547 1516 1722 1550 Nimirum
1736 1516 1865 1552 virtute
1881 1516 1991 1552 multa
2010 1528 2048 1552 se

423 1583 626 1625 matureque
645 1582 767 1614 contra
786 1578 1007 1613 formidinem
1031 1578 1152 1612 mortis
1172 1577 1410 1618 instruxerat;
1428 1578 1608 1624 temporis,
1630 1578 1712 1612 dum
1730 1578 1877 1619 viveret,
1894 1590 2018 1625 parcus
2036 1592 2043 1614 ι

421 1641 682 1677 commodorum
704 1641 845 1676 omnino
868 1640 1080 1685 negligens:
1104 1640 1350 1685 promovendae
1377 1639 1559 1685 religionis
1584 1639 1768 1675 catholicae
1793 1641 1885 1675 iuter
1910 1641 2050 1676 haereti-

421 1715 480 1739 cos
500 1703 777 1738 studiosissimus
792 1715 798 1743 ;
815 1714 884 1748 qua
903 1713 1023 1742 causa,
1042 1713 1174 1747 magna
1192 1701 1319 1735 virium
1339 1706 1373 1736 et
1387 1701 1495 1736 animi
1523 1702 1747 1736 contentione
1767 1713 1962 1748 aggressus
1990 1702 2049 1738 de-

421 1765 615 1801 fensionem
628 1765 797 1799 librorum
813 1764 998 1799 cardinalis
1011 1764 1161 1798 Roberti
1172 1763 1391 1804 Bellarmini,
1406 1763 1518 1799 eidem
1531 1763 1686 1803 tandem,
1700 1764 1861 1799 absoluto
1868 1764 1944 1810 jam
1954 1769 2049 1800 tomo

422 1830 546 1876 primo,
568 1830 775 1864 immortuus
795 1833 847 1864 est
863 1829 939 1874 ipsa
958 1828 1068 1863 natali
1088 1828 1219 1862 Christi
1238 1828 1430 1863 Salvatoris
1447 1832 1562 1869 nocte,
1580 1839 1673 1862 anno
1692 1828 1774 1863 vitae
1790 1840 1864 1863 suae
1883 1829 1944 1864 50.

473 1893 560 1927 Post
578 1892 713 1927 cladem
732 1892 861 1938 passim
881 1902 1043 1937 magnam
1065 1894 1098 1925 et
1116 1891 1254 1931 funera,
1284 1890 1321 1924 in
1350 1890 1497 1925 Livonia
1525 1889 1651 1936 reliqui
1678 1890 1891 1932 mortalium,
1913 1891 2052 1937 provin-

424 1956 514 1990 ciam
535 1956 673 1990 Joanne
701 1955 823 1990 Carolo
856 1954 1100 1989 Chodkiewicz
1127 1954 1358 1999 gubernante,
1383 1953 1539 1999 ejusdem
1575 1952 1703 1988 virtute
1731 1953 1864 1989 defensi
1892 1955 2050 2001 septique

423 2018 544 2058 armis,
566 2017 709 2052 tandem
735 2018 827 2052 1603
847 2017 1078 2063 respirarunt.
1103 2015 1253 2050 Civitate
1268 2015 1491 2060 Derpatensi‚
1515 2014 1696 2059 trigesimo
1729 2019 1789 2050 aut
1824 2027 1865 2050 eo
1901 2016 2052 2062 amplius

424 2091 555 2121 mense,
574 2091 678 2126 quam
696 2080 731 2114 in
749 2080 901 2114 hostium
924 2083 1134 2125 potestatem
1149 2082 1306 2118 venerat,
1329 2081 1482 2123 recepta,
1505 2076 1614 2111 nostri
1642 2080 1793 2122 quatuor
1822 2077 1943 2113 eodem
1970 2083 2054 2113 tem-

425 2154 509 2189 pore
524 2142 669 2184 reversi‚
687 2143 841 2183 domum,
859 2142 994 2188 praedia
1008 2146 1043 2176 et
1056 2141 1196 2180 fundos,
1214 2140 1393 2175 adnitente
1411 2139 1588 2185 praecipue
1610 2139 1733 2174 eodem
1752 2140 1909 2175 Livoniae
1925 2140 2052 2186 guber-

427 2210 561 2245 natore,
583 2206 678 2240 haud
693 2218 789 2252 aegre
808 2209 1074 2251 recuperarunt.
1093 2205 1238 2239 Misera*v
1257 2204 1292 2238 in
1310 2203 1363 2238 his
1380 2215 1497 2237 rerum
1515 2203 1669 2238 omnium
1689 2208 1789 2239 erant
1817 2204 1976 2250 reliquiae
1994 2217 2001 2239 ε
2025 2205 2054 2240 si

426 2269 540 2314 ipsum
554 2268 707 2314 excipias
722 2268 903 2313 templum,
927 2267 1018 2312 quod
1037 2268 1072 2301 in
1101 2278 1181 2301 suos
1201 2277 1283 2301 usus
1302 2265 1461 2300 haeretici
1480 2269 1728 2301 converterant
1747 2279 1752 2300 :
1778 2266 1865 2301 nihil
1882 2279 1951 2301 non
1972 2278 2053 2302 con-

425 2330 576 2370 vulsum,
606 2329 835 2370 confractum,
867 2329 923 2364 vel
952 2333 1112 2363 exustum
1133 2342 1138 2363 z
1158 2328 1319 2374 quodque
1350 2332 1494 2373 aspectu
1522 2327 1627 2362 etiam
1654 2328 1719 2362 fuit
1746 2329 1917 2370 terribile,
1939 2328 2051 2370 cellae,

427 2392 580 2434 stabula,
600 2392 761 2438 pistrina,
783 2391 1000 2433 ambulacra,
1017 2391 1221 2431 triclinium,
1243 2389 1364 2435 anguli
1384 2390 1519 2431 domus,
1538 2390 1656 2425 omnia
1682 2391 1935 2426 tabescentium
1950 2391 2055 2437 plena

427 2455 640 2490 cadaverum
658 2454 810 2488 videres.
834 2454 925 2488 Hinc
944 2458 1047 2499 putor
1074 2453 1226 2498 undique
1250 2451 1419 2498 pestilens
1447 2453 1678 2499 mephitisque
1696 2453 1943 2489 intolerabilis.
1963 2454 2054 2492 Qua-

427 2517 592 2563 draginta
606 2515 755 2562 amplius
780 2520 964 2562 exportata
979 2527 1000 2550 a
1020 2516 1147 2550 nostris
1166 2515 1290 2549 funera
1307 2526 1313 2547 t
1332 2514 1433 2560 plura
1452 2518 1531 2549 ante
1546 2526 1588 2550 ex
1604 2515 1726 2549 eodem
1747 2515 1940 2550 Suecorum
1955 2515 2052 2550 vale-
