<?xml version="1.0" encoding="UTF-8"?>
<!DOCTYPE html PUBLIC "-//W3C//DTD XHTML 1.0 Transitional//EN"
    "http://www.w3.org/TR/xhtml1/DTD/xhtml1-transitional.dtd">
<html xmlns="http://www.w3.org/1999/xhtml" xml:lang="en" lang="en">
 <head>
  <title>
</title>
<meta http-equiv="Content-Type" content="text/html;charset=utf-8" />
  <meta name='ocr-system' content='tesseract 3.04.00' />
  <meta name='ocr-capabilities' content='ocr_page ocr_carea ocr_par ocr_line ocrx_word'/>
</head>
<body>
  <div class='ocr_page' id='page_1' title='image "./lituanicarumsoci00rost_0208.png"; bbox 0 0 2184 2953; ppageno 0'>
   <div class='ocr_carea' id='block_1_1' title="bbox 428 284 1684 316">
    <p class='ocr_par' dir='ltr' id='par_1_1' title="bbox 428 284 1684 316">
     <span class='ocr_line' id='line_1_1' title="bbox 428 284 1684 316; baseline 0.001 -2"><span class='ocrx_word' id='word_1_1' title='bbox 428 285 486 315; x_wconf 81' lang='lat'>184</span> <span class='ocrx_word' id='word_1_2' title='bbox 797 284 1069 313; x_wconf 72' lang='lat' dir='ltr'>LITUANICARUM</span> <span class='ocrx_word' id='word_1_3' title='bbox 1094 284 1303 313; x_wconf 77' lang='lat' dir='ltr'>SOCIETATIS</span> <span class='ocrx_word' id='word_1_4' title='bbox 1325 285 1409 314; x_wconf 78' lang='lat' dir='ltr'>JESU</span> <span class='ocrx_word' id='word_1_5' title='bbox 1434 285 1684 316; x_wconf 72' lang='lat' dir='ltr'>HISTORIARUM</span> 
     </span>
    </p>
   </div>
   <div class='ocr_carea' id='block_1_2' title="bbox 261 383 2047 435">
    <p class='ocr_par' dir='ltr' id='par_1_2' title="bbox 261 383 2047 435">
     <span class='ocr_line' id='line_1_2' title="bbox 261 383 2047 435; baseline 0.004 -15"><span class='ocrx_word' id='word_1_6' title='bbox 261 383 325 409; x_wconf 67' lang='lat'>¹59⁶</span> <span class='ocrx_word' id='word_1_7' title='bbox 433 402 448 416; x_wconf 71' lang='grc' dir='ltr'><em>α</em></span> <span class='ocrx_word' id='word_1_8' title='bbox 471 400 673 435; x_wconf 86' lang='lat' dir='ltr'>prosperum</span> <span class='ocrx_word' id='word_1_9' title='bbox 701 389 745 424; x_wconf 88' lang='lat' dir='ltr'>sit</span> <span class='ocrx_word' id='word_1_10' title='bbox 762 400 803 424; x_wconf 85' lang='lat' dir='ltr'>ac</span> <span class='ocrx_word' id='word_1_11' title='bbox 831 389 1043 423; x_wconf 87' lang='lat' dir='ltr'>diuturnum.</span> <span class='ocrx_word' id='word_1_12' title='bbox 1082 390 1151 423; x_wconf 88' lang='lat' dir='ltr'>Per</span> <span class='ocrx_word' id='word_1_13' title='bbox 1170 401 1229 423; x_wconf 89' lang='lat' dir='ltr'>eos</span> <span class='ocrx_word' id='word_1_14' title='bbox 1259 390 1399 424; x_wconf 86' lang='lat' dir='ltr'>nuntios</span> <span class='ocrx_word' id='word_1_15' title='bbox 1428 391 1617 433; x_wconf 89' lang='lat' dir='ltr'>oravimus,</span> <span class='ocrx_word' id='word_1_16' title='bbox 1648 391 1694 425; x_wconf 85' lang='lat' dir='ltr'>ad</span> <span class='ocrx_word' id='word_1_17' title='bbox 1713 403 1813 426; x_wconf 86' lang='lat' dir='ltr'>suam</span> <span class='ocrx_word' id='word_1_18' title='bbox 1841 393 2047 435; x_wconf 82' lang='lat' dir='ltr'>Ecclesiam,</span> 
     </span>
    </p>
   </div>
   <div class='ocr_carea' id='block_1_3' title="bbox 262 450 2056 2376">
    <p class='ocr_par' dir='ltr' id='par_1_3' title="bbox 262 450 2056 2376">
     <span class='ocr_line' id='line_1_3' title="bbox 433 450 2051 500; baseline 0.003 -16"><span class='ocrx_word' id='word_1_19' title='bbox 433 464 448 478; x_wconf 69' lang='grc' dir='ltr'><strong><em>κ</em></strong></span> <span class='ocrx_word' id='word_1_20' title='bbox 471 450 568 495; x_wconf 86' lang='lat' dir='ltr'>cujus</span> <span class='ocrx_word' id='word_1_21' title='bbox 588 454 680 485; x_wconf 89' lang='lat' dir='ltr'>esset</span> <span class='ocrx_word' id='word_1_22' title='bbox 699 462 852 485; x_wconf 87' lang='lat' dir='ltr'>summus</span> <span class='ocrx_word' id='word_1_23' title='bbox 877 455 1009 497; x_wconf 82' lang='lat' dir='ltr'>pastor,</span> <span class='ocrx_word' id='word_1_24' title='bbox 1042 462 1106 485; x_wconf 85' lang='lat' dir='ltr'>nos</span> <span class='ocrx_word' id='word_1_25' title='bbox 1134 462 1333 497; x_wconf 85' lang='lat' dir='ltr'>aggregare</span> <span class='ocrx_word' id='word_1_26' title='bbox 1359 454 1397 486; x_wconf 84' lang='lat' dir='ltr'>ut</span> <span class='ocrx_word' id='word_1_27' title='bbox 1429 453 1552 488; x_wconf 89' lang='lat' dir='ltr'>vellet:</span> <span class='ocrx_word' id='word_1_28' title='bbox 1586 457 1636 493; x_wconf 80' lang='lat' dir='ltr'>ut,</span> <span class='ocrx_word' id='word_1_29' title='bbox 1666 465 1687 487; x_wconf 84' lang='lat' dir='ltr'>a</span> <span class='ocrx_word' id='word_1_30' title='bbox 1718 453 1921 500; x_wconf 70' lang='lat' dir='ltr'>Byzantinis</span> <span class='ocrx_word' id='word_1_31' title='bbox 1945 455 2051 500; x_wconf 89' lang='lat' dir='ltr'>patri-</span> 
     </span>
     <span class='ocr_line' id='line_1_4' title="bbox 434 513 2053 561; baseline 0.002 -14"><span class='ocrx_word' id='word_1_32' title='bbox 434 528 449 541; x_wconf 69' lang='grc' dir='ltr'><em>α</em></span> <span class='ocrx_word' id='word_1_33' title='bbox 472 514 587 548; x_wconf 84' lang='lat' dir='ltr'>archis</span> <span class='ocrx_word' id='word_1_34' title='bbox 605 513 784 555; x_wconf 85' lang='lat' dir='ltr'>liberatos,</span> <span class='ocrx_word' id='word_1_35' title='bbox 804 514 869 548; x_wconf 84' lang='lat' dir='ltr'>sibi</span> <span class='ocrx_word' id='word_1_36' title='bbox 889 515 1053 560; x_wconf 89' lang='lat' dir='ltr'>deinceps</span> <span class='ocrx_word' id='word_1_37' title='bbox 1068 515 1304 560; x_wconf 84' lang='lat' dir='ltr'>emancipatos</span> <span class='ocrx_word' id='word_1_38' title='bbox 1328 527 1390 550; x_wconf 84' lang='lat' dir='ltr'>nos</span> <span class='ocrx_word' id='word_1_39' title='bbox 1416 515 1574 555; x_wconf 80' lang='lat' dir='ltr'>haberet,</span> <span class='ocrx_word' id='word_1_40' title='bbox 1606 520 1709 561; x_wconf 85' lang='lat' dir='ltr'>atque</span> <span class='ocrx_word' id='word_1_41' title='bbox 1728 515 1959 561; x_wconf 75' lang='lat' dir='ltr'>improbitatis</span> <span class='ocrx_word' id='word_1_42' title='bbox 1980 528 2053 550; x_wconf 78' lang='lat' dir='ltr'>suae</span> 
     </span>
     <span class='ocr_line' id='line_1_5' title="bbox 438 576 2051 623; baseline 0.002 -14"><span class='ocrx_word' id='word_1_43' title='bbox 438 590 452 604; x_wconf 71' lang='grc' dir='ltr'><em>α</em></span> <span class='ocrx_word' id='word_1_44' title='bbox 476 576 674 611; x_wconf 83' lang='lat' dir='ltr'>absolveret</span> <span class='ocrx_word' id='word_1_45' title='bbox 701 577 887 623; x_wconf 69' lang='lat' dir='ltr'>perfugasg</span> <span class='ocrx_word' id='word_1_46' title='bbox 910 577 1016 611; x_wconf 86' lang='lat' dir='ltr'>salvis</span> <span class='ocrx_word' id='word_1_47' title='bbox 1048 581 1149 623; x_wconf 81' lang='lat' dir='ltr'>atque</span> <span class='ocrx_word' id='word_1_48' title='bbox 1176 578 1337 623; x_wconf 73' lang='lat' dir='ltr'>integris,</span> <span class='ocrx_word' id='word_1_49' title='bbox 1360 577 1483 623; x_wconf 88' lang='lat' dir='ltr'>quibus</span> <span class='ocrx_word' id='word_1_50' title='bbox 1510 582 1659 618; x_wconf 82' lang='lat' dir='ltr'>utamur,</span> <span class='ocrx_word' id='word_1_51' title='bbox 1691 577 1816 623; x_wconf 73' lang='lat' dir='ltr'>graecis</span> <span class='ocrx_word' id='word_1_52' title='bbox 1844 577 1979 612; x_wconf 84' lang='lat' dir='ltr'>ritibus.</span> <span class='ocrx_word' id='word_1_53' title='bbox 2013 578 2051 612; x_wconf 89' lang='lat' dir='ltr'>Id</span> 
     </span>
     <span class='ocr_line' id='line_1_6' title="bbox 435 638 2051 686; baseline 0 -13"><span class='ocrx_word' id='word_1_54' title='bbox 435 653 450 668; x_wconf 66' lang='lat' dir='ltr'>a</span> <span class='ocrx_word' id='word_1_55' title='bbox 473 640 754 686; x_wconf 84' lang='lat' dir='ltr'>quandoquidem</span> <span class='ocrx_word' id='word_1_56' title='bbox 774 640 949 686; x_wconf 68' lang='lat' dir='ltr'>praestitit,</span> <span class='ocrx_word' id='word_1_57' title='bbox 981 643 1082 686; x_wconf 82' lang='lat' dir='ltr'>atque</span> <span class='ocrx_word' id='word_1_58' title='bbox 1101 651 1178 674; x_wconf 86' lang='lat' dir='ltr'>eam</span> <span class='ocrx_word' id='word_1_59' title='bbox 1197 641 1233 674; x_wconf 89' lang='lat' dir='ltr'>in</span> <span class='ocrx_word' id='word_1_60' title='bbox 1260 652 1333 675; x_wconf 89' lang='lat' dir='ltr'>rem</span> <span class='ocrx_word' id='word_1_61' title='bbox 1352 639 1536 686; x_wconf 86' lang='lat' dir='ltr'>privilegia</span> <span class='ocrx_word' id='word_1_62' title='bbox 1555 638 1804 686; x_wconf 80' lang='lat' dir='ltr'>codicillosque</span> <span class='ocrx_word' id='word_1_63' title='bbox 1823 650 1905 673; x_wconf 82' lang='lat' dir='ltr'>suos</span> <span class='ocrx_word' id='word_1_64' title='bbox 1936 639 2051 680; x_wconf 85' lang='lat' dir='ltr'>misit;</span> 
     </span>
     <span class='ocr_line' id='line_1_7' title="bbox 435 701 2049 748; baseline -0.001 -12"><span class='ocrx_word' id='word_1_65' title='bbox 435 718 450 731; x_wconf 71' lang='grc' dir='ltr'><strong>α</strong></span> <span class='ocrx_word' id='word_1_66' title='bbox 472 702 626 744; x_wconf 78' lang='lat' dir='ltr'>edicens,</span> <span class='ocrx_word' id='word_1_67' title='bbox 664 707 713 741; x_wconf 78' lang='lat' dir='ltr'>ut.</span> <span class='ocrx_word' id='word_1_68' title='bbox 748 707 840 737; x_wconf 77' lang='lat' dir='ltr'>coetu</span> <span class='ocrx_word' id='word_1_69' title='bbox 868 707 1001 741; x_wconf 86' lang='lat' dir='ltr'>coacto,</span> <span class='ocrx_word' id='word_1_70' title='bbox 1040 702 1290 748; x_wconf 77' lang='lat' dir='ltr'>professionem</span> <span class='ocrx_word' id='word_1_71' title='bbox 1318 703 1500 741; x_wconf 68' lang='lat' dir='ltr'>faciamus,</span> <span class='ocrx_word' id='word_1_72' title='bbox 1530 701 1775 747; x_wconf 76' lang='lat' dir='ltr'>pariturosque</span> <span class='ocrx_word' id='word_1_73' title='bbox 1802 712 1865 736; x_wconf 90' lang='lat' dir='ltr'>nos</span> <span class='ocrx_word' id='word_1_74' title='bbox 1893 701 1958 736; x_wconf 88' lang='lat' dir='ltr'>sibi</span> <span class='ocrx_word' id='word_1_75' title='bbox 1978 702 2049 736; x_wconf 89' lang='lat' dir='ltr'>divi</span> 
     </span>
     <span class='ocr_line' id='line_1_8' title="bbox 435 765 2051 812; baseline 0.002 -13"><span class='ocrx_word' id='word_1_76' title='bbox 435 780 450 793; x_wconf 72' lang='grc' dir='ltr'>ιι</span> <span class='ocrx_word' id='word_1_77' title='bbox 472 765 569 800; x_wconf 90' lang='lat' dir='ltr'>Petri</span> <span class='ocrx_word' id='word_1_78' title='bbox 588 766 718 800; x_wconf 82' lang='lat' dir='ltr'>vicario</span> <span class='ocrx_word' id='word_1_79' title='bbox 755 770 789 800; x_wconf 90' lang='lat' dir='ltr'>et</span> <span class='ocrx_word' id='word_1_80' title='bbox 814 765 1028 800; x_wconf 73' lang='lat' dir='ltr'>successuris</span> <span class='ocrx_word' id='word_1_81' title='bbox 1044 766 1272 801; x_wconf 87' lang='lat' dir='ltr'>Pontificibus</span> <span class='ocrx_word' id='word_1_82' title='bbox 1288 767 1458 801; x_wconf 82' lang='lat' dir='ltr'>Romanis</span> <span class='ocrx_word' id='word_1_83' title='bbox 1477 766 1712 812; x_wconf 76' lang='lat' dir='ltr'>spondeamus</span> <span class='ocrx_word' id='word_1_84' title='bbox 1732 780 1738 808; x_wconf 90' lang='lat'>;</span> <span class='ocrx_word' id='word_1_85' title='bbox 1761 766 1864 801; x_wconf 89' lang='lat' dir='ltr'>hodie</span> <span class='ocrx_word' id='word_1_86' title='bbox 1884 778 1945 812; x_wconf 90' lang='lat' dir='ltr'>per</span> <span class='ocrx_word' id='word_1_87' title='bbox 1959 767 2051 802; x_wconf 84' lang='lat' dir='ltr'>hanc</span> 
     </span>
     <span class='ocr_line' id='line_1_9' title="bbox 434 827 2052 876; baseline 0.002 -15"><span class='ocrx_word' id='word_1_88' title='bbox 434 842 448 856; x_wconf 65' lang='grc' dir='ltr'><em>α</em></span> <span class='ocrx_word' id='word_1_89' title='bbox 472 827 643 874; x_wconf 84' lang='lat' dir='ltr'>synodum</span> <span class='ocrx_word' id='word_1_90' title='bbox 662 827 896 868; x_wconf 85' lang='lat' dir='ltr'>confecimus;</span> <span class='ocrx_word' id='word_1_91' title='bbox 919 828 1009 873; x_wconf 86' lang='lat' dir='ltr'>quod</span> <span class='ocrx_word' id='word_1_92' title='bbox 1035 828 1164 863; x_wconf 64' lang='lat' dir='ltr'>littera³</span> <span class='ocrx_word' id='word_1_93' title='bbox 1183 830 1287 863; x_wconf 88' lang='lat' dir='ltr'>etiam</span> <span class='ocrx_word' id='word_1_94' title='bbox 1304 830 1594 874; x_wconf 81' lang='lat' dir='ltr'>characteresque</span> <span class='ocrx_word' id='word_1_95' title='bbox 1620 829 1730 863; x_wconf 79' lang='lat' dir='ltr'>nostri</span> <span class='ocrx_word' id='word_1_96' title='bbox 1748 832 1944 871; x_wconf 80' lang='lat' dir='ltr'>testantur3</span> <span class='ocrx_word' id='word_1_97' title='bbox 1966 842 2052 876; x_wconf 85' lang='lat' dir='ltr'>quos</span> 
     </span>
     <span class='ocr_line' id='line_1_10' title="bbox 433 889 2051 936; baseline 0.001 -12"><span class='ocrx_word' id='word_1_98' title='bbox 433 904 447 918; x_wconf 53' lang='lat' dir='ltr'>a&lt;</span> <span class='ocrx_word' id='word_1_99' title='bbox 469 889 597 935; x_wconf 85' lang='lat' dir='ltr'>legatis</span> <span class='ocrx_word' id='word_1_100' title='bbox 627 890 743 925; x_wconf 85' lang='lat' dir='ltr'>Patris</span> <span class='ocrx_word' id='word_1_101' title='bbox 784 889 1002 924; x_wconf 77' lang='lat' dir='ltr'>Sanc-tissimi</span> <span class='ocrx_word' id='word_1_102' title='bbox 1041 890 1220 925; x_wconf 84' lang='lat' dir='ltr'>Pontificis</span> <span class='ocrx_word' id='word_1_103' title='bbox 1257 891 1445 926; x_wconf 89' lang='lat' dir='ltr'>Clementis</span> <span class='ocrx_word' id='word_1_104' title='bbox 1482 891 1728 936; x_wconf 72' lang='lat' dir='ltr'>praesentibus,</span> <span class='ocrx_word' id='word_1_105' title='bbox 1758 891 2051 926; x_wconf 89' lang='lat' dir='ltr'>reverendissimo</span> 
     </span>
     <span class='ocr_line' id='line_1_11' title="bbox 433 952 2052 1000; baseline 0.001 -14"><span class='ocrx_word' id='word_1_106' title='bbox 433 968 447 982; x_wconf 71' lang='lat' dir='ltr'><strong><em>a</em></strong></span> <span class='ocrx_word' id='word_1_107' title='bbox 470 953 731 999; x_wconf 79' lang='lat' dir='ltr'>archiepiscopo</span> <span class='ocrx_word' id='word_1_108' title='bbox 770 952 1052 999; x_wconf 89' lang='lat' dir='ltr'>Leopoliensium</span> <span class='ocrx_word' id='word_1_109' title='bbox 1080 952 1210 986; x_wconf 78' lang='lat' dir='ltr'>-Joanni</span> <span class='ocrx_word' id='word_1_110' title='bbox 1238 952 1415 987; x_wconf 78' lang='lat' dir='ltr'>Demetrio</span> <span class='ocrx_word' id='word_1_111' title='bbox 1441 952 1676 993; x_wconf 82' lang='lat' dir='ltr'>Solikovskio,</span> <span class='ocrx_word' id='word_1_112' title='bbox 1710 953 1892 1000; x_wconf 84' lang='lat' dir='ltr'>Bernardo</span> <span class='ocrx_word' id='word_1_113' title='bbox 1921 954 2052 989; x_wconf 86' lang='lat' dir='ltr'>Macie-</span> 
     </span>
     <span class='ocr_line' id='line_1_12' title="bbox 431 1015 2052 1062; baseline 0 -12"><span class='ocrx_word' id='word_1_114' title='bbox 431 1030 445 1044; x_wconf 68' lang='grc' dir='ltr'><em>α</em></span> <span class='ocrx_word' id='word_1_115' title='bbox 464 1015 601 1062; x_wconf 88' lang='lat' dir='ltr'>jovskio</span> <span class='ocrx_word' id='word_1_116' title='bbox 621 1015 906 1050; x_wconf 86' lang='lat' dir='ltr'>Luceoriensium</span> <span class='ocrx_word' id='word_1_117' title='bbox 926 1015 1099 1061; x_wconf 88' lang='lat' dir='ltr'>episcopo,</span> <span class='ocrx_word' id='word_1_118' title='bbox 1121 1018 1155 1049; x_wconf 92' lang='lat' dir='ltr'>et</span> <span class='ocrx_word' id='word_1_119' title='bbox 1174 1015 1350 1049; x_wconf 86' lang='lat' dir='ltr'>Stanislao</span> <span class='ocrx_word' id='word_1_120' title='bbox 1377 1015 1619 1049; x_wconf 83' lang='lat' dir='ltr'>Gomolinskio</span> <span class='ocrx_word' id='word_1_121' title='bbox 1652 1016 1814 1062; x_wconf 88' lang='lat' dir='ltr'>episcopo</span> <span class='ocrx_word' id='word_1_122' title='bbox 1852 1016 2052 1051; x_wconf 79' lang='lat' dir='ltr'>Celilmensi</span> 
     </span>
     <span class='ocr_line' id='line_1_13' title="bbox 431 1076 2053 1123; baseline 0.001 -12"><span class='ocrx_word' id='word_1_123' title='bbox 431 1091 446 1105; x_wconf 69' lang='grc' dir='ltr'><strong><em>α</em></strong></span> <span class='ocrx_word' id='word_1_124' title='bbox 470 1077 658 1112; x_wconf 89' lang='lat' dir='ltr'>obtulimus</span> <span class='ocrx_word' id='word_1_125' title='bbox 685 1090 692 1118; x_wconf 88' lang='grc'>;</span> <span class='ocrx_word' id='word_1_126' title='bbox 730 1078 963 1123; x_wconf 80' lang='lat' dir='ltr'>praesentibus</span> <span class='ocrx_word' id='word_1_127' title='bbox 994 1077 1120 1122; x_wconf 85' lang='lat' dir='ltr'>legatis</span> <span class='ocrx_word' id='word_1_128' title='bbox 1166 1077 1260 1122; x_wconf 84' lang='lat' dir='ltr'>regis</span> <span class='ocrx_word' id='word_1_129' title='bbox 1299 1077 1512 1112; x_wconf 78' lang='lat' dir='ltr'>serenissimi</span> <span class='ocrx_word' id='word_1_130' title='bbox 1549 1076 1765 1122; x_wconf 84' lang='lat' dir='ltr'>Sigismundi</span> <span class='ocrx_word' id='word_1_131' title='bbox 1792 1078 1866 1112; x_wconf 84' lang='lat'>111:</span> <span class='ocrx_word' id='word_1_132' title='bbox 1903 1078 2053 1113; x_wconf 85' lang='lat' dir='ltr'>Nicolao</span> 
     </span>
     <span class='ocr_line' id='line_1_14' title="bbox 431 1139 2052 1189; baseline 0 -15"><span class='ocrx_word' id='word_1_133' title='bbox 431 1155 445 1168; x_wconf 72' lang='grc' dir='ltr'><em>α</em></span> <span class='ocrx_word' id='word_1_134' title='bbox 469 1140 718 1186; x_wconf 88' lang='lat' dir='ltr'>Christophoro</span> <span class='ocrx_word' id='word_1_135' title='bbox 748 1140 925 1174; x_wconf 87' lang='lat' dir='ltr'>Radivillo</span> <span class='ocrx_word' id='word_1_136' title='bbox 958 1141 1045 1175; x_wconf 87' lang='lat' dir='ltr'>duce</span> <span class='ocrx_word' id='word_1_137' title='bbox 1082 1140 1115 1173; x_wconf 92' lang='lat' dir='ltr'>in</span> <span class='ocrx_word' id='word_1_138' title='bbox 1148 1139 1263 1186; x_wconf 87' lang='lat' dir='ltr'>Olyka</span> <span class='ocrx_word' id='word_1_139' title='bbox 1283 1144 1317 1174; x_wconf 94' lang='lat' dir='ltr'>et</span> <span class='ocrx_word' id='word_1_140' title='bbox 1335 1140 1508 1189; x_wconf 81' lang='lat' dir='ltr'>Nieswiez</span> <span class='ocrx_word' id='word_1_141' title='bbox 1540 1139 1694 1185; x_wconf 87' lang='lat' dir='ltr'>palatino</span> <span class='ocrx_word' id='word_1_142' title='bbox 1730 1140 1911 1179; x_wconf 86' lang='lat' dir='ltr'>Trocensi‚</span> <span class='ocrx_word' id='word_1_143' title='bbox 1934 1140 2052 1174; x_wconf 89' lang='lat' dir='ltr'>Leone</span> 
     </span>
     <span class='ocr_line' id='line_1_15' title="bbox 430 1204 2048 1251; baseline 0.001 -13"><span class='ocrx_word' id='word_1_144' title='bbox 430 1217 445 1232; x_wconf 64' lang='grc' dir='ltr'><strong><em>α</em></strong></span> <span class='ocrx_word' id='word_1_145' title='bbox 469 1204 621 1250; x_wconf 85' lang='lat' dir='ltr'>Sapieha</span> <span class='ocrx_word' id='word_1_146' title='bbox 636 1215 765 1249; x_wconf 84' lang='lat' dir='ltr'>magno</span> <span class='ocrx_word' id='word_1_147' title='bbox 794 1204 969 1239; x_wconf 77' lang='lat' dir='ltr'>Lituaniae</span> <span class='ocrx_word' id='word_1_148' title='bbox 998 1204 1222 1245; x_wconf 89' lang='lat' dir='ltr'>cancellario,</span> <span class='ocrx_word' id='word_1_149' title='bbox 1245 1205 1420 1240; x_wconf 81' lang='lat' dir='ltr'>Demetrio</span> <span class='ocrx_word' id='word_1_150' title='bbox 1437 1205 1623 1240; x_wconf 86' lang='lat' dir='ltr'>Chaleckio</span> <span class='ocrx_word' id='word_1_151' title='bbox 1651 1205 1873 1240; x_wconf 85' lang='lat' dir='ltr'>thesaurario</span> <span class='ocrx_word' id='word_1_152' title='bbox 1894 1205 2048 1251; x_wconf 86' lang='lat' dir='ltr'>ejusdem</span> 
     </span>
     <span class='ocr_line' id='line_1_16' title="bbox 433 1267 2050 1313; baseline 0 -12"><span class='ocrx_word' id='word_1_153' title='bbox 433 1281 448 1295; x_wconf 65' lang='grc' dir='ltr'><em>α</em></span> <span class='ocrx_word' id='word_1_154' title='bbox 472 1267 657 1308; x_wconf 83' lang='lat' dir='ltr'>Lituaniae,</span> <span class='ocrx_word' id='word_1_155' title='bbox 680 1267 844 1313; x_wconf 73' lang='lat' dir='ltr'>praefecto</span> <span class='ocrx_word' id='word_1_156' title='bbox 872 1267 1066 1307; x_wconf 87' lang='lat' dir='ltr'>Brestensi‚</span> <span class='ocrx_word' id='word_1_157' title='bbox 1101 1267 1249 1313; x_wconf 87' lang='lat' dir='ltr'>aliisque</span> <span class='ocrx_word' id='word_1_158' title='bbox 1280 1267 1516 1313; x_wconf 86' lang='lat' dir='ltr'>compluribus</span> <span class='ocrx_word' id='word_1_159' title='bbox 1551 1279 1570 1302; x_wconf 92' lang='lat' dir='ltr'>e</span> <span class='ocrx_word' id='word_1_160' title='bbox 1589 1270 1681 1302; x_wconf 85' lang='lat' dir='ltr'>statu</span> <span class='ocrx_word' id='word_1_161' title='bbox 1714 1271 1787 1302; x_wconf 89' lang='lat' dir='ltr'>tum</span> <span class='ocrx_word' id='word_1_162' title='bbox 1813 1267 2050 1302; x_wconf 87' lang='lat' dir='ltr'>ecclesiastico</span> 
     </span>
     <span class='ocr_line' id='line_1_17' title="bbox 433 1330 1100 1376; baseline -0.004 -12"><span class='ocrx_word' id='word_1_163' title='bbox 433 1344 448 1358; x_wconf 67' lang='grc' dir='ltr'>κ</span> <span class='ocrx_word' id='word_1_164' title='bbox 471 1333 543 1365; x_wconf 91' lang='lat' dir='ltr'>tum</span> <span class='ocrx_word' id='word_1_165' title='bbox 561 1330 707 1376; x_wconf 84' lang='lat' dir='ltr'>profano</span> <span class='ocrx_word' id='word_1_166' title='bbox 723 1330 807 1364; x_wconf 84' lang='lat' dir='ltr'>viris</span> <span class='ocrx_word' id='word_1_167' title='bbox 826 1330 1056 1376; x_wconf 86' lang='lat' dir='ltr'>principibus.</span> <span class='ocrx_word' id='word_1_168' title='bbox 1085 1347 1100 1361; x_wconf 49' lang='grc' dir='ltr'>,η</span> 
     </span>
     <span class='ocr_line' id='line_1_18' title="bbox 481 1391 2054 1439; baseline -0.001 -12"><span class='ocrx_word' id='word_1_169' title='bbox 481 1393 566 1427; x_wconf 88' lang='lat' dir='ltr'>Post</span> <span class='ocrx_word' id='word_1_170' title='bbox 584 1393 659 1427; x_wconf 82' lang='lat' dir='ltr'>haec</span> <span class='ocrx_word' id='word_1_171' title='bbox 687 1393 841 1439; x_wconf 88' lang='lat' dir='ltr'>episcopi</span> <span class='ocrx_word' id='word_1_172' title='bbox 882 1392 1117 1427; x_wconf 75' lang='lat' dir='ltr'>Occidentalis</span> <span class='ocrx_word' id='word_1_173' title='bbox 1146 1391 1316 1426; x_wconf 65' lang='lat' dir='ltr'>Ecclesia&gt;</span> <span class='ocrx_word' id='word_1_174' title='bbox 1343 1395 1568 1438; x_wconf 86' lang='lat' dir='ltr'>consurgunt,</span> <span class='ocrx_word' id='word_1_175' title='bbox 1588 1395 1692 1438; x_wconf 86' lang='lat' dir='ltr'>atque</span> <span class='ocrx_word' id='word_1_176' title='bbox 1720 1392 1764 1426; x_wconf 82' lang='lat' dir='ltr'>ad</span> <span class='ocrx_word' id='word_1_177' title='bbox 1792 1392 1986 1438; x_wconf 78' lang='lat' dir='ltr'>amplexus,</span> <span class='ocrx_word' id='word_1_178' title='bbox 2009 1392 2054 1427; x_wconf 88' lang='lat' dir='ltr'>ad</span> 
     </span>
     <span class='ocr_line' id='line_1_19' title="bbox 262 1447 2053 1510; baseline 0.001 -22"><span class='ocrx_word' id='word_1_179' title='bbox 262 1447 386 1510; x_wconf 51' lang='lat' dir='ltr'>ft{{)2}t¹¹¹³·</span> <span class='ocrx_word' id='word_1_180' title='bbox 431 1454 581 1501; x_wconf 89' lang='lat' dir='ltr'>pignora</span> <span class='ocrx_word' id='word_1_181' title='bbox 596 1460 727 1490; x_wconf 77' lang='lat' dir='ltr'>sanctae</span> <span class='ocrx_word' id='word_1_182' title='bbox 746 1455 842 1501; x_wconf 81' lang='lat' dir='ltr'>pacis</span> <span class='ocrx_word' id='word_1_183' title='bbox 858 1454 990 1493; x_wconf 71' lang='lat' dir='ltr'>oscula,</span> <span class='ocrx_word' id='word_1_184' title='bbox 1013 1453 1249 1489; x_wconf 86' lang='lat' dir='ltr'>Orientalibus</span> <span class='ocrx_word' id='word_1_185' title='bbox 1273 1453 1389 1487; x_wconf 86' lang='lat' dir='ltr'>danda</span> <span class='ocrx_word' id='word_1_186' title='bbox 1408 1454 1631 1499; x_wconf 62' lang='lat' dir='ltr'>praesulibus,</span> <span class='ocrx_word' id='word_1_187' title='bbox 1652 1454 1725 1488; x_wconf 74' lang='lat' dir='ltr'>laeti</span> <span class='ocrx_word' id='word_1_188' title='bbox 1752 1454 1954 1501; x_wconf 80' lang='lat' dir='ltr'>alacresque</span> <span class='ocrx_word' id='word_1_189' title='bbox 1973 1466 2053 1489; x_wconf 88' lang='lat' dir='ltr'>con-</span> 
     </span>
     <span class='ocr_line' id='line_1_20' title="bbox 431 1516 2055 1564; baseline -0.002 -11"><span class='ocrx_word' id='word_1_190' title='bbox 431 1518 571 1553; x_wconf 87' lang='lat' dir='ltr'>volant:</span> <span class='ocrx_word' id='word_1_191' title='bbox 607 1523 746 1564; x_wconf 88' lang='lat' dir='ltr'>pactum</span> <span class='ocrx_word' id='word_1_192' title='bbox 780 1522 815 1553; x_wconf 90' lang='lat' dir='ltr'>et</span> <span class='ocrx_word' id='word_1_193' title='bbox 845 1518 1033 1553; x_wconf 82' lang='lat' dir='ltr'>amicitiam</span> <span class='ocrx_word' id='word_1_194' title='bbox 1068 1518 1196 1552; x_wconf 85' lang='lat' dir='ltr'>mutuis</span> <span class='ocrx_word' id='word_1_195' title='bbox 1216 1517 1469 1552; x_wconf 73' lang='lat' dir='ltr'>benevolenti-ae</span> <span class='ocrx_word' id='word_1_196' title='bbox 1487 1516 1697 1551; x_wconf 81' lang='lat' dir='ltr'>testimoniis</span> <span class='ocrx_word' id='word_1_197' title='bbox 1725 1516 1947 1551; x_wconf 86' lang='lat' dir='ltr'>confirmant.</span> <span class='ocrx_word' id='word_1_198' title='bbox 1970 1516 2055 1550; x_wconf 85' lang='lat' dir='ltr'>Inde</span> 
     </span>
     <span class='ocr_line' id='line_1_21' title="bbox 432 1577 2051 1626; baseline -0.002 -11"><span class='ocrx_word' id='word_1_199' title='bbox 432 1580 681 1626; x_wconf 83' lang='lat' dir='ltr'>gratulabundi</span> <span class='ocrx_word' id='word_1_200' title='bbox 701 1593 778 1615; x_wconf 86' lang='lat' dir='ltr'>cum</span> <span class='ocrx_word' id='word_1_201' title='bbox 798 1581 961 1615; x_wconf 85' lang='lat' dir='ltr'>universo</span> <span class='ocrx_word' id='word_1_202' title='bbox 981 1584 1072 1614; x_wconf 82' lang='lat' dir='ltr'>coetu</span> <span class='ocrx_word' id='word_1_203' title='bbox 1101 1580 1145 1614; x_wconf 83' lang='lat' dir='ltr'>ad</span> <span class='ocrx_word' id='word_1_204' title='bbox 1170 1579 1279 1614; x_wconf 64' lang='lat' dir='ltr'>¹sedem</span> <span class='ocrx_word' id='word_1_205' title='bbox 1307 1579 1429 1614; x_wconf 58' lang='lat' dir='ltr'>Beata]</span> <span class='ocrx_word' id='word_1_206' title='bbox 1449 1579 1586 1619; x_wconf 61' lang='lat' dir='ltr'>Mariae,</span> <span class='ocrx_word' id='word_1_207' title='bbox 1622 1579 1825 1613; x_wconf 90' lang='lat' dir='ltr'>Latinorum</span> <span class='ocrx_word' id='word_1_208' title='bbox 1858 1577 2051 1618; x_wconf 84' lang='lat' dir='ltr'>ecclesiam,</span> 
     </span>
     <span class='ocr_line' id='line_1_22' title="bbox 433 1639 2054 1690; baseline -0.002 -13"><span class='ocrx_word' id='word_1_209' title='bbox 433 1644 568 1678; x_wconf 86' lang='lat' dir='ltr'>auctori</span> <span class='ocrx_word' id='word_1_210' title='bbox 592 1644 666 1690; x_wconf 88' lang='lat' dir='ltr'>ejus</span> <span class='ocrx_word' id='word_1_211' title='bbox 695 1643 820 1689; x_wconf 65' lang='lat' dir='ltr'>gratiae</span> <span class='ocrx_word' id='word_1_212' title='bbox 851 1643 1083 1677; x_wconf 83' lang='lat' dir='ltr'>Ambrosiana</span> <span class='ocrx_word' id='word_1_213' title='bbox 1118 1642 1307 1676; x_wconf 87' lang='lat' dir='ltr'>decantant</span> <span class='ocrx_word' id='word_1_214' title='bbox 1341 1641 1593 1682; x_wconf 83' lang='lat' dir='ltr'>eucharistica;</span> <span class='ocrx_word' id='word_1_215' title='bbox 1615 1640 1707 1675; x_wconf 86' lang='lat' dir='ltr'>idem</span> <span class='ocrx_word' id='word_1_216' title='bbox 1738 1639 1904 1686; x_wconf 86' lang='lat' dir='ltr'>postridie</span> <span class='ocrx_word' id='word_1_217' title='bbox 1922 1640 1957 1674; x_wconf 91' lang='lat' dir='ltr'>in</span> <span class='ocrx_word' id='word_1_218' title='bbox 1975 1640 2054 1673; x_wconf 88' lang='lat' dir='ltr'>fano</span> 
     </span>
     <span class='ocr_line' id='line_1_23' title="bbox 433 1701 2056 1752; baseline -0.004 -11"><span class='ocrx_word' id='word_1_219' title='bbox 433 1706 629 1752; x_wconf 83' lang='lat' dir='ltr'>graecanico</span> <span class='ocrx_word' id='word_1_220' title='bbox 670 1706 740 1740; x_wconf 87' lang='lat' dir='ltr'>divi</span> <span class='ocrx_word' id='word_1_221' title='bbox 779 1705 919 1739; x_wconf 82' lang='lat' dir='ltr'>Nicolai</span> <span class='ocrx_word' id='word_1_222' title='bbox 952 1705 1085 1750; x_wconf 77' lang='lat' dir='ltr'>pietate</span> <span class='ocrx_word' id='word_1_223' title='bbox 1122 1704 1243 1739; x_wconf 84' lang='lat' dir='ltr'>eadem</span> <span class='ocrx_word' id='word_1_224' title='bbox 1285 1703 1543 1738; x_wconf 75' lang='lat' dir='ltr'>coneelebrant.</span> <span class='ocrx_word' id='word_1_225' title='bbox 1580 1703 1620 1736; x_wconf 90' lang='lat' dir='ltr'>In</span> <span class='ocrx_word' id='word_1_226' title='bbox 1655 1713 1695 1737; x_wconf 88' lang='lat' dir='ltr'>eo</span> <span class='ocrx_word' id='word_1_227' title='bbox 1727 1705 1897 1735; x_wconf 72' lang='lat' dir='ltr'>conventu</span> <span class='ocrx_word' id='word_1_228' title='bbox 1930 1701 2056 1735; x_wconf 87' lang='lat' dir='ltr'>Petrus</span> 
     </span>
     <span class='ocr_line' id='line_1_24' title="bbox 434 1763 2055 1814; baseline -0.004 -11"><span class='ocrx_word' id='word_1_229' title='bbox 434 1768 574 1814; x_wconf 85' lang='lat' dir='ltr'>Skarga</span> <span class='ocrx_word' id='word_1_230' title='bbox 595 1769 649 1813; x_wconf 84' lang='lat'>(1);</span> <span class='ocrx_word' id='word_1_231' title='bbox 671 1767 729 1813; x_wconf 87' lang='lat' dir='ltr'>qui</span> <span class='ocrx_word' id='word_1_232' title='bbox 760 1771 793 1801; x_wconf 87' lang='lat' dir='ltr'>et</span> <span class='ocrx_word' id='word_1_233' title='bbox 823 1766 1075 1801; x_wconf 83' lang='lat' dir='ltr'>vindicationes</span> <span class='ocrx_word' id='word_1_234' title='bbox 1107 1766 1209 1812; x_wconf 83' lang='lat' dir='ltr'>hujus</span> <span class='ocrx_word' id='word_1_235' title='bbox 1237 1765 1361 1811; x_wconf 85' lang='lat' dir='ltr'>synodi</span> <span class='ocrx_word' id='word_1_236' title='bbox 1392 1765 1561 1799; x_wconf 88' lang='lat' dir='ltr'>adversus</span> <span class='ocrx_word' id='word_1_237' title='bbox 1588 1764 1839 1798; x_wconf 80' lang='lat' dir='ltr'>obtrectatores</span> <span class='ocrx_word' id='word_1_238' title='bbox 1871 1763 2055 1798; x_wconf 63' lang='lat' dir='ltr'>haereticos</span> 
     </span>
     <span class='ocr_line' id='line_1_25' title="bbox 434 1826 2056 1877; baseline -0.004 -11"><span class='ocrx_word' id='word_1_239' title='bbox 434 1831 640 1877; x_wconf 88' lang='lat' dir='ltr'>conscripsit</span> <span class='ocrx_word' id='word_1_240' title='bbox 658 1830 883 1876; x_wconf 81' lang='lat' dir='ltr'>vulgavitque</span> <span class='ocrx_word' id='word_1_241' title='bbox 899 1829 957 1875; x_wconf 71' lang='lat'>(2);</span> <span class='ocrx_word' id='word_1_242' title='bbox 987 1829 1139 1863; x_wconf 80' lang='lat' dir='ltr'>faustum</span> <span class='ocrx_word' id='word_1_243' title='bbox 1159 1840 1196 1862; x_wconf 85' lang='lat' dir='ltr'>ac</span> <span class='ocrx_word' id='word_1_244' title='bbox 1222 1828 1437 1862; x_wconf 84' lang='lat' dir='ltr'>fortunatum</span> <span class='ocrx_word' id='word_1_245' title='bbox 1464 1826 1576 1861; x_wconf 86' lang='lat' dir='ltr'>foedus</span> <span class='ocrx_word' id='word_1_246' title='bbox 1605 1826 1763 1871; x_wconf 85' lang='lat' dir='ltr'>partibus</span> <span class='ocrx_word' id='word_1_247' title='bbox 1791 1826 1985 1871; x_wconf 82' lang='lat' dir='ltr'>gratulatus</span> <span class='ocrx_word' id='word_1_248' title='bbox 2014 1837 2056 1860; x_wconf 86' lang='lat' dir='ltr'>ex</span> 
     </span>
     <span class='ocr_line' id='line_1_26' title="bbox 433 1888 2055 1938; baseline -0.004 -9"><span class='ocrx_word' id='word_1_249' title='bbox 433 1894 611 1929; x_wconf 84' lang='lat' dir='ltr'>cathedra.</span> <span class='ocrx_word' id='word_1_250' title='bbox 648 1894 769 1938; x_wconf 81' lang='lat' dir='ltr'>Itaque</span> <span class='ocrx_word' id='word_1_251' title='bbox 803 1891 947 1931; x_wconf 84' lang='lat' dir='ltr'>Ruteni,</span> <span class='ocrx_word' id='word_1_252' title='bbox 970 1902 1123 1936; x_wconf 48' lang='lat' dir='ltr'>graecum</span> <span class='ocrx_word' id='word_1_253' title='bbox 1150 1890 1186 1924; x_wconf 91' lang='lat' dir='ltr'>in</span> <span class='ocrx_word' id='word_1_254' title='bbox 1214 1889 1362 1924; x_wconf 84' lang='lat' dir='ltr'>Polonia</span> <span class='ocrx_word' id='word_1_255' title='bbox 1390 1893 1423 1923; x_wconf 92' lang='lat' dir='ltr'>et</span> <span class='ocrx_word' id='word_1_256' title='bbox 1451 1888 1614 1923; x_wconf 85' lang='lat' dir='ltr'>Lituania</span> <span class='ocrx_word' id='word_1_257' title='bbox 1643 1892 1817 1922; x_wconf 79' lang='lat' dir='ltr'>sectantes</span> <span class='ocrx_word' id='word_1_258' title='bbox 1844 1888 1961 1928; x_wconf 81' lang='lat' dir='ltr'>ritum,</span> <span class='ocrx_word' id='word_1_259' title='bbox 1979 1899 2055 1922; x_wconf 87' lang='lat' dir='ltr'>eam</span> 
     </span>
     <span class='ocr_line' id='line_1_27' title="bbox 433 1949 2054 1997; baseline -0.005 -5"><span class='ocrx_word' id='word_1_260' title='bbox 433 1969 509 1992; x_wconf 89' lang='lat' dir='ltr'>cum</span> <span class='ocrx_word' id='word_1_261' title='bbox 540 1958 702 1993; x_wconf 80' lang='lat' dir='ltr'>Romana</span> <span class='ocrx_word' id='word_1_262' title='bbox 736 1954 895 1989; x_wconf 84' lang='lat' dir='ltr'>Ecclesia</span> <span class='ocrx_word' id='word_1_263' title='bbox 919 1953 1144 1988; x_wconf 82' lang='lat' dir='ltr'>concordiam</span> <span class='ocrx_word' id='word_1_264' title='bbox 1174 1952 1210 1986; x_wconf 91' lang='lat' dir='ltr'>in</span> <span class='ocrx_word' id='word_1_265' title='bbox 1228 1951 1397 1997; x_wconf 80' lang='lat' dir='ltr'>religione</span> <span class='ocrx_word' id='word_1_266' title='bbox 1425 1950 1584 1996; x_wconf 84' lang='lat' dir='ltr'>professi,</span> <span class='ocrx_word' id='word_1_267' title='bbox 1616 1961 1693 1995; x_wconf 70' lang='lat' dir='ltr'>qua·</span> <span class='ocrx_word' id='word_1_268' title='bbox 1725 1949 1807 1984; x_wconf 89' lang='lat' dir='ltr'>olim</span> <span class='ocrx_word' id='word_1_269' title='bbox 1841 1950 2054 1985; x_wconf 88' lang='lat' dir='ltr'>Orientalem</span> 
     </span>
     <span class='ocr_line' id='line_1_28' title="bbox 432 2013 2055 2059; baseline -0.004 -6"><span class='ocrx_word' id='word_1_270' title='bbox 432 2020 524 2055; x_wconf 89' lang='lat' dir='ltr'>inter</span> <span class='ocrx_word' id='word_1_271' title='bbox 542 2024 576 2054; x_wconf 87' lang='lat' dir='ltr'>et</span> <span class='ocrx_word' id='word_1_272' title='bbox 592 2017 849 2053; x_wconf 84' lang='lat' dir='ltr'>Occidentalem</span> <span class='ocrx_word' id='word_1_273' title='bbox 868 2015 1059 2050; x_wconf 87' lang='lat' dir='ltr'>Ecclesiam</span> <span class='ocrx_word' id='word_1_274' title='bbox 1082 2014 1207 2059; x_wconf 77' lang='lat' dir='ltr'>viguit,</span> <span class='ocrx_word' id='word_1_275' title='bbox 1231 2025 1377 2059; x_wconf 74' lang='lat' dir='ltr'>quaeque</span> <span class='ocrx_word' id='word_1_276' title='bbox 1393 2014 1527 2048; x_wconf 79' lang='lat' dir='ltr'>Isidoro</span> <span class='ocrx_word' id='word_1_277' title='bbox 1549 2014 1767 2048; x_wconf 82' lang='lat' dir='ltr'>Rutenorum</span> <span class='ocrx_word' id='word_1_278' title='bbox 1794 2017 1828 2047; x_wconf 90' lang='lat' dir='ltr'>et</span> <span class='ocrx_word' id='word_1_279' title='bbox 1847 2013 2055 2048; x_wconf 83' lang='lat' dir='ltr'>Bessarione</span> 
     </span>
     <span class='ocr_line' id='line_1_29' title="bbox 434 2075 2055 2125; baseline -0.003 -11"><span class='ocrx_word' id='word_1_280' title='bbox 434 2080 594 2119; x_wconf 77' lang='lat' dir='ltr'>Nicaeno,</span> <span class='ocrx_word' id='word_1_281' title='bbox 619 2078 902 2125; x_wconf 76' lang='lat' dir='ltr'>archiepiscopis,</span> <span class='ocrx_word' id='word_1_282' title='bbox 935 2076 1194 2123; x_wconf 69' lang='lat' dir='ltr'>adjuvantiljuis,</span> <span class='ocrx_word' id='word_1_283' title='bbox 1218 2075 1270 2109; x_wconf 68' lang='lat' dir='ltr'>vel</span> <span class='ocrx_word' id='word_1_284' title='bbox 1291 2083 1455 2109; x_wconf 74' lang='lat' dir='ltr'>renovata</span> <span class='ocrx_word' id='word_1_285' title='bbox 1485 2076 1596 2110; x_wconf 83' lang='lat' dir='ltr'>suerat</span> <span class='ocrx_word' id='word_1_286' title='bbox 1621 2076 1655 2109; x_wconf 91' lang='lat' dir='ltr'>in</span> <span class='ocrx_word' id='word_1_287' title='bbox 1677 2075 1830 2110; x_wconf 87' lang='lat' dir='ltr'>Concilio</span> <span class='ocrx_word' id='word_1_288' title='bbox 1851 2075 2055 2110; x_wconf 86' lang='lat' dir='ltr'>Florentino</span> 
     </span>
     <span class='ocr_line' id='line_1_30' title="bbox 436 2135 2053 2186; baseline -0.004 -10"><span class='ocrx_word' id='word_1_289' title='bbox 436 2142 490 2177; x_wconf 88' lang='lat' dir='ltr'>vel</span> <span class='ocrx_word' id='word_1_290' title='bbox 510 2142 708 2177; x_wconf 81' lang='lat' dir='ltr'>constituta.</span> <span class='ocrx_word' id='word_1_291' title='bbox 730 2141 820 2175; x_wconf 86' lang='lat' dir='ltr'>Hinc</span> <span class='ocrx_word' id='word_1_292' title='bbox 839 2151 974 2186; x_wconf 78' lang='lat' dir='ltr'>quoque</span> <span class='ocrx_word' id='word_1_293' title='bbox 1003 2137 1355 2184; x_wconf 70' lang='lat' dir='ltr'>g1¹aecisa11tes.vulgo</span> <span class='ocrx_word' id='word_1_294' title='bbox 1388 2139 1480 2170; x_wconf 68' lang='lat' dir='ltr'>Um&#39;lc&#39;</span> <span class='ocrx_word' id='word_1_295' title='bbox 1504 2136 1673 2181; x_wconf 82' lang='lat' dir='ltr'>hodieque</span> <span class='ocrx_word' id='word_1_296' title='bbox 1692 2136 1725 2169; x_wconf 88' lang='lat' dir='ltr'>in</span> <span class='ocrx_word' id='word_1_297' title='bbox 1761 2135 1906 2170; x_wconf 83' lang='lat' dir='ltr'>Polonia</span> <span class='ocrx_word' id='word_1_298' title='bbox 1934 2136 2053 2182; x_wconf 90' lang='lat' dir='ltr'>appel-</span> 
     </span>
     <span class='ocr_line' id='line_1_31' title="bbox 433 2199 2052 2249; baseline -0.004 -9"><span class='ocrx_word' id='word_1_299' title='bbox 433 2205 563 2240; x_wconf 81' lang='lat' dir='ltr'>lantur.</span> <span class='ocrx_word' id='word_1_300' title='bbox 586 2204 675 2239; x_wconf 86' lang='lat' dir='ltr'>Acta</span> <span class='ocrx_word' id='word_1_301' title='bbox 690 2205 754 2245; x_wconf 87' lang='lat' dir='ltr'>rei,</span> <span class='ocrx_word' id='word_1_302' title='bbox 775 2203 979 2249; x_wconf 84' lang='lat' dir='ltr'>singillatim</span> <span class='ocrx_word' id='word_1_303' title='bbox 995 2203 1205 2247; x_wconf 77' lang='lat' dir='ltr'>conscripta,</span> <span class='ocrx_word' id='word_1_304' title='bbox 1224 2213 1300 2235; x_wconf 86' lang='lat' dir='ltr'>cum</span> <span class='ocrx_word' id='word_1_305' title='bbox 1321 2200 1491 2240; x_wconf 87' lang='lat' dir='ltr'>omnibus,</span> <span class='ocrx_word' id='word_1_306' title='bbox 1510 2211 1588 2244; x_wconf 57' lang='lat' dir='ltr'>quae</span> <span class='ocrx_word' id='word_1_307' title='bbox 1603 2199 1648 2233; x_wconf 88' lang='lat' dir='ltr'>ad</span> <span class='ocrx_word' id='word_1_308' title='bbox 1667 2200 1885 2234; x_wconf 83' lang='lat' dir='ltr'>Rutenorum</span> <span class='ocrx_word' id='word_1_309' title='bbox 1900 2199 2052 2239; x_wconf 84' lang='lat' dir='ltr'>nomina,</span> 
     </span>
     <span class='ocr_line' id='line_1_32' title="bbox 437 2261 2052 2312; baseline -0.004 -10"><span class='ocrx_word' id='word_1_310' title='bbox 437 2278 563 2307; x_wconf 86' lang='lat' dir='ltr'>mores,</span> <span class='ocrx_word' id='word_1_311' title='bbox 585 2270 619 2302; x_wconf 87' lang='lat' dir='ltr'>et</span> <span class='ocrx_word' id='word_1_312' title='bbox 638 2266 825 2312; x_wconf 80' lang='lat' dir='ltr'>religiones</span> <span class='ocrx_word' id='word_1_313' title='bbox 850 2270 1017 2311; x_wconf 82' lang='lat' dir='ltr'>spectant,</span> <span class='ocrx_word' id='word_1_314' title='bbox 1046 2265 1143 2310; x_wconf 86' lang='lat' dir='ltr'>leges</span> <span class='ocrx_word' id='word_1_315' title='bbox 1173 2264 1265 2310; x_wconf 83' lang='lat' dir='ltr'>apud</span> <span class='ocrx_word' id='word_1_316' title='bbox 1285 2262 1498 2297; x_wconf 77' lang='lat' dir='ltr'>cardinalem</span> <span class='ocrx_word' id='word_1_317' title='bbox 1519 2262 1709 2296; x_wconf 86' lang='lat' dir='ltr'>Baronium</span> <span class='ocrx_word' id='word_1_318' title='bbox 1738 2262 1773 2296; x_wconf 92' lang='lat' dir='ltr'>in</span> <span class='ocrx_word' id='word_1_319' title='bbox 1790 2261 2052 2301; x_wconf 85' lang='lat' dir='ltr'>commentario,</span> 
     </span>
     <span class='ocr_line' id='line_1_33' title="bbox 437 2324 1407 2376; baseline -0.006 -12"><span class='ocrx_word' id='word_1_320' title='bbox 437 2341 537 2376; x_wconf 86' lang='lat' dir='ltr'>quem</span> <span class='ocrx_word' id='word_1_321' title='bbox 557 2329 602 2364; x_wconf 86' lang='lat' dir='ltr'>ad</span> <span class='ocrx_word' id='word_1_322' title='bbox 620 2334 750 2363; x_wconf 85' lang='lat' dir='ltr'>tomum</span> <span class='ocrx_word' id='word_1_323' title='bbox 783 2329 848 2362; x_wconf 88' lang='lat' dir='ltr'>Vll</span> <span class='ocrx_word' id='word_1_324' title='bbox 869 2327 1057 2362; x_wconf 82' lang='lat' dir='ltr'>Annalium</span> <span class='ocrx_word' id='word_1_325' title='bbox 1073 2338 1214 2361; x_wconf 78' lang='lat' dir='ltr'>suorum</span> <span class='ocrx_word' id='word_1_326' title='bbox 1233 2324 1407 2371; x_wconf 85' lang='lat' dir='ltr'>apposuit.</span> 
     </span>
    </p>
   </div>
   <div class='ocr_carea' id='block_1_4' title="bbox 480 2461 1460 2506">
    <p class='ocr_par' dir='ltr' id='par_1_4' title="bbox 480 2461 1460 2506">
     <span class='ocr_line' id='line_1_34' title="bbox 480 2461 1460 2506; baseline -0.01 -9"><span class='ocrx_word' id='word_1_327' title='bbox 480 2471 518 2506; x_wconf 63' lang='grc'>[1)</span> <span class='ocrx_word' id='word_1_328' title='bbox 541 2471 569 2497; x_wconf 73' lang='grc' dir='ltr'>Ρ.</span> <span class='ocrx_word' id='word_1_329' title='bbox 595 2469 693 2496; x_wconf 66' lang='lat' dir='ltr'>Petrus</span> <span class='ocrx_word' id='word_1_330' title='bbox 710 2468 814 2505; x_wconf 55' lang='lat' dir='ltr'>&amp;targa</span> <span class='ocrx_word' id='word_1_331' title='bbox 832 2467 865 2494; x_wconf 80' lang='lat' dir='ltr'>de</span> <span class='ocrx_word' id='word_1_332' title='bbox 884 2467 997 2497; x_wconf 54' lang='lat' dir='ltr'>neminie</span> <span class='ocrx_word' id='word_1_333' title='bbox 1012 2467 1139 2492; x_wconf 64' lang='lat' dir='ltr'>consecto</span> <span class='ocrx_word' id='word_1_334' title='bbox 1159 2463 1283 2490; x_wconf 68' lang='lat' dir='ltr'>Patribus</span> <span class='ocrx_word' id='word_1_335' title='bbox 1297 2461 1460 2499; x_wconf 79' lang='lat' dir='ltr'>gratulatur.</span> 
     </span>
    </p>
   </div>
   <div class='ocr_carea' id='block_1_5' title="bbox 478 2512 1355 2562">
    <p class='ocr_par' dir='ltr' id='par_1_5' title="bbox 478 2512 1355 2562">
     <span class='ocr_line' id='line_1_35' title="bbox 478 2512 1355 2562; baseline -0.008 -11"><span class='ocrx_word' id='word_1_336' title='bbox 478 2525 517 2559; x_wconf 62' lang='lat'>(2)</span> <span class='ocrx_word' id='word_1_337' title='bbox 535 2521 579 2562; x_wconf 74' lang='lat'>[111</span> <span class='ocrx_word' id='word_1_338' title='bbox 597 2523 731 2557; x_wconf 63' lang='lat' dir='ltr'>opusculo</span> <span class='ocrx_word' id='word_1_339' title='bbox 749 2522 782 2547; x_wconf 70' lang='lat' dir='ltr'>ilc</span> <span class='ocrx_word' id='word_1_340' title='bbox 797 2520 910 2554; x_wconf 74' lang='lat' dir='ltr'>Synodo</span> <span class='ocrx_word' id='word_1_341' title='bbox 928 2518 1226 2553; x_wconf 71' lang='lat' dir='ltr'>Rresteiisi,51111‹=riiis</span> <span class='ocrx_word' id='word_1_342' title='bbox 1242 2512 1355 2552; x_wconf 59' lang='lat' dir='ltr'>citata]</span> 
     </span>
    </p>
   </div>
  </div>
 </body>
</html>
