2184 2953
612 309 718 337 [ABER
742 308 895 336 TERTIUS
919 308 1124 343 (niso-1590).
1649 304 1707 333 115

96 402 182 439 erat,
212 402 247 432 et
272 397 393 431 vitium
428 408 508 443 pars
539 397 657 443 aliqua
694 397 817 432 secisse
848 397 936 438 visa,
971 396 1104 443 dejecto
1140 396 1186 430 ad
1223 395 1445 430 fundamenta
1488 406 1599 434 muro,
1633 404 1705 427 am·
1733 394 1860 460 {3323on

95 460 184 506 plius
219 459 384 494 aedificari
420 460 484 493 hoc
516 471 608 494 auno
640 464 803 506 coeptum.
836 459 890 493 Ad
923 459 1016 493 {edes
1044 470 1179 504 quoque
1211 458 1418 491 domesticas
1455 455 1707 502 percommodae
1734 475 1878 501 aedificatur

93 521 309 557 accessiones
324 521 510 567 adjunctae.
1734 514 1804 541 1534-

143 583 196 617 Ex
214 582 403 628 longinquo
422 583 559 623 itinere,
582 584 673 629 quod
692 583 779 617 XVI
811 583 881 617 kal.
907 583 1020 617 octob.
1047 582 1138 618 1582
1169 580 1330 616 Nesvisio
1351 579 1607 625 Jerosolymam
1625 590 1704 624 pro-

94 645 215 684 fectus,
248 644 356 689 ipsius
387 643 577 679 voluntatis
609 657 681 679 suae
717 646 790 679 Deo
810 645 1015 691 profitendae
1042 655 1161 684 causa,
1195 644 1239 677 ad
1271 641 1416 677 visenda
1442 641 1515 675 loca
1535 640 1707 685 sanguine
1734 624 1861 690 Radligini

95 706 286 742 Salvatoris
322 706 462 740 Domini
493 712 703 746 consecrata,
741 707 878 746 inierat,
915 706 1080 741 Nicolaus
1113 705 1383 751 Christophorus
1401 702 1611 743 Radivillus,
1634 706 1706 736 tum
1735 703 1849 746 peregri-

93 768 339 803 mareschallus
358 768 544 810 Lituaniae,
566 769 670 814 paulo
690 773 768 815 post
787 769 966 804 Vilnensis
982 768 1167 815 palatinus,
1189 768 1209 802 J
1215 767 1507 814 erosolymitanus
1522 765 1559 800 S.
1586 764 1706 810 Sepul-
1733 742 1866 816 Γζέῗῧῗέἰ

93 831 166 866 chri
184 841 301 877 eques,
324 831 473 876 patriam
501 831 641 865 tandem
664 835 698 866 et
722 830 897 866 civitatem
917 842 1015 865 suam
1034 830 1234 865 Nesvisium
1253 828 1436 863 incolumis
1455 828 1476 861 7
1495 827 1572 861 idus
1587 825 1705 871 junias
1733 827 1797 877 tana
1818 827 1845 851 et

94 892 221 927 revisit.
258 892 361 927 Prius
389 904 491 938 quam
519 904 555 927 se
575 893 610 926 in
637 893 728 927 viam
761 893 926 933 dedisset,
956 893 1092 928 veniam
1119 891 1309 938 propositae
1336 890 1401 925 sibi
1429 887 1653 935 profectionis
1684 898 1706 920 a
1733 864 1845 892 mchtus.

99 965 182 1000 rege
202 957 236 988 et
252 965 273 988 a
291 953 460 988 Pontifice
494 954 652 988 Romano
685 955 796 1000 petiit.
827 955 990 989 Testatus
1018 954 1149 988 ultimis
1171 953 1326 999 (perinde
1353 963 1394 986 ac
1413 951 1442 986 si
1467 950 1617 985 reditum
1635 959 1706 982 non

92 1017 278 1062 sperasset)
296 1015 438 1055 tabulis,
469 1027 547 1061 quae
566 1015 706 1050 familiae
737 1028 823 1057 suae,
854 1028 1000 1062 quaeque
1032 1015 1187 1061 Collegio
1220 1015 1400 1049 Sociorum
1426 1010 1645 1047 Nesvisiensi
1663 1009 1705 1043 de

91 1078 194 1112 rebus
224 1077 296 1112 suis
314 1077 418 1113 vellet
444 1078 587 1123 reliqua,
608 1090 691 1123 rege
723 1078 899 1124 Stephano
919 1079 1072 1112 Grodnae
1092 1078 1257 1117 salutato,
1289 1075 1543 1120 obstaculisque
1570 1074 1705 1108 itineris

91 1140 248 1175 omnibus
265 1139 451 1185 perruptis,
479 1140 642 1175 Venetias
661 1144 757 1174 recta
775 1141 934 1175 terrestri
952 1140 1076 1175 itinere
1095 1138 1284 1174 contendit.
1308 1138 1387 1178 Hic,
1406 1137 1518 1171 Deum
1539 1135 1705 1181 divosque

91 1205 263 1248 precatus,
282 1205 411 1236 mutato
432 1202 526 1236 cultu
543 1202 577 1236 111
598 1201 805 1237 familiarem
819 1202 1143 1248 peregrinatoribus
1160 1201 1329 1240 habitum,
1351 1199 1468 1234 navim
1484 1210 1561 1232 cum
1575 1197 1705 1243 aliquot

90 1267 270 1302 comitibus
301 1267 394 1313 apud
427 1266 624 1300 coenobium
660 1267 697 1301 S.
720 1266 847 1300 Mariae
867 1267 908 1300 de
928 1266 1051 1301 Gratia
1079 1266 1209 1300 dictum
1239 1263 1453 1299 conscendit.
1476 1262 1586 1296 Solvit
1613 1261 1704 1296 1583

89 1330 175 1364 XVI
194 1329 365 1364 kalendas
380 1329 501 1374 majas.
525 1329 617 1366 Quot
632 1331 832 1374 quantaque
852 1328 1003 1373 pericula
1022 1327 1114 1373 apud
1134 1326 1318 1365 Balonam,
1340 1325 1520 1365 Candiam,
1542 1328 1577 1358 et
1606 1322 1702 1362 alibi,

89 1391 236 1426 maxime
255 1391 291 1425 in
321 1391 434 1425 reditu
453 1391 544 1425 inter
563 1390 695 1424 insulas
723 1390 906 1429 Divouias,
928 1390 1045 1423 divino
1073 1389 1200 1435 ubique
1219 1392 1330 1423 tectus
1362 1387 1538 1432 praesidio,
1561 1396 1703 1431 supera-

90 1453 189 1495 verit,
214 1458 334 1488 narrat
351 1453 425 1499 ipse
441 1453 478 1487 in
504 1452 753 1487 commentario
778 1464 796 1486 a
815 1463 852 1486 se
884 1451 1099 1497 conscripto;
1118 1462 1219 1496 quem
1239 1450 1436 1484 Varmiacae
1456 1452 1572 1483 custos
1587 1448 1702 1483 cathe—

89 1514 162 1549 drae
180 1515 331 1550 Thomas
349 1515 515 1550 Treterus
531 1526 572 1549 ex
588 1513 774 1549 vernaculo
795 1514 829 1547 in
849 1514 997 1548 latinum
1012 1512 1193 1547 convertit.

142 1578 236 1612 Usus
267 1577 373 1612 estin
410 1589 450 1611 eo
478 1577 603 1611 itinere
635 1587 653 1610 e
685 1579 805 1610 nostra
842 1576 946 1610 etiam
971 1575 1146 1610 Societate
1174 1574 1371 1613 comitibus,
1406 1573 1479 1607 PP.
1520 1571 1703 1607 Leonardo

90 1639 240 1674 Pacifico
281 1639 398 1674 Siculo
430 1642 463 1673 et
497 1639 635 1684 Ignatio
663 1637 833 1683 Hispano,
869 1649 911 1671 ex
951 1636 1129 1671 Dalmatia
1155 1635 1337 1681 religionis
1360 1634 1562 1669 christianae
1597 1645 1704 1668 causa

88 1702 122 1736 in
146 1702 283 1748 Syriam
314 1712 332 1735 a
363 1700 536 1746 Gregorio
560 1701 731 1735 Pontifice
762 1700 891 1734 missis.
933 1699 1098 1733 Nondum
1134 1710 1177 1733 ex
1217 1699 1342 1732 itinere
1378 1697 1572 1732 Palaestino
1605 1696 1699 1741 quie-

89 1764 279 1810 quieverat,
297 1775 374 1798 cum
398 1774 533 1798 omnem
556 1774 676 1797 curam
692 1762 738 1797 ad
761 1761 960 1808 ponendum
976 1761 1086 1796 Sociis
1106 1760 1319 1795 domicilium
1334 1759 1489 1794 Nesvisii
1517 1758 1700 1793 convertit.
1785 1752 1825 1778 20.

90 1825 159 1861 Sed
173 1825 283 1860 Sociis
302 1837 343 1860 eo
360 1825 437 1859 loco
453 1825 555 1860 sedes
574 1825 619 1859 ad
638 1825 757 1859 munia
781 1836 842 1858 sua
864 1824 940 1858 visa
967 1826 1020 1857 est
1047 1834 1115 1857 11011
1143 1826 1360 1868 opportuna:
1394 1832 1502 1867 quare
1530 1820 1702 1866 depreca-
1729 1793 1848 1861 ffiffislssll

89 1888 214 1922 bantur
228 1888 316 1922 istuc
331 1899 409 1938 ase
424 1887 552 1922 donum
571 1887 739 1933 principis
759 1886 911 1920 munifici
931 1898 936 1919 z
970 1900 985 1913 α
1007 1888 1216 1931 pergratum
1247 1884 1386 1930 quidem
1419 1884 1485 1918 sibi
1513 1883 1599 1917 illud
1625 1894 1702 1918 esse
1729 1874 1858 1941 Singili&

92 1964 107 1978 κ
129 1961 170 1985 ex
205 1949 376 1995 dignitate
407 1947 556 1983 maxime
588 1953 621 1983 et
656 1949 785 1994 pietate
816 1947 1007 1987 offerentis,
1044 1946 1220 1992 professi:
1256 1958 1333 1980 cum
1360 1945 1557 1979 rationibus
1584 1948 1702 1979 tamen
1729 1962 1780 1979 non
1799 1954 1844 1980 ad-

91 2026 107 2040 a
129 2011 283 2057 religiosi
303 2011 355 2045 sui
374 2011 523 2045 instituti
543 2022 610 2045 non
631 2021 883 2056 usquequaque
898 2020 1114 2054 congruere3
1136 2008 1184 2041 ita
1199 2011 1363 2042 censente
1387 2018 1448 2041 suo
1485 2006 1589 2041 etiam
1605 2006 1703 2041 Prae·
1730 1993 1860 2067 3335

92 2087 107 2102 α
128 2074 240 2119 posito
259 2073 424 2108 Generali
451 2073 597 2108 Claudio
623 2073 831 2118 Aquaviva:
862 2082 986 2116 nempe
1013 2082 1050 2105 se
1081 2070 1261 2116 operarios
1289 2081 1379 2110 esse,
1411 2081 1496 2114 quos
1515 2069 1549 2103 in
1573 2068 1647 2103 sole
1670 2072 1703 2103 et
1729 2078 1803 2103 cusat

92 2150 107 2164 a
128 2135 270 2181 pulvere
301 2135 436 2169 versari
471 2138 651 2181 oporteat;
680 2133 927 2180 praetereunda
961 2132 1069 2178 igitur
1098 2143 1138 2166 ea
1169 2143 1246 2167 esse
1280 2131 1369 2171 loca,
1404 2131 1439 2164 111
1471 2130 1595 2176 quibus
1626 2131 1703 2176 ipsa
1729 2114 1840 2180 ΕΞΞΠΡΒ

92 2211 107 2225 ⁶<
130 2197 270 2232 daretur
294 2198 456 2232 cessatio.
490 2198 596 2242 Atqui
623 2198 657 2231 in
685 2196 823 2242 oppidis
846 2196 920 2241 ejus
944 2194 1097 2240 generis,
1136 2193 1330 2239 cujusmodi
1365 2192 1455 2228 foret
1481 2193 1697 2234 Nesvisium,

91 2273 106 2287 α
128 2259 235 2305 ipsius
259 2260 373 2295 forent
408 2260 533 2305 quietis
564 2259 748 2294 cunabula.
786 2259 865 2292 Non
889 2256 1047 2291 aversari
1069 2268 1105 2290 se
1128 2267 1304 2301 paganam
1334 2255 1437 2290 istam
1461 2255 1697 2295 solitudinem,

91 2335 106 2349 κ
130 2332 239 2366 neque
261 2333 349 2362 esse,
371 2322 462 2368 quod
481 2322 513 2355 111
532 2322 607 2356 istis
626 2321 875 2355 rusticulorum
908 2319 1033 2364 pannis
1061 2321 1095 2352 et
1121 2317 1319 2351 humilitate
1346 2329 1420 2362 prae
1441 2317 1588 2351 lautitiis
1612 2317 1698 2352 cele-

91 2397 106 2411 «
129 2383 241 2417 brium
259 2384 396 2418 urbium
418 2388 451 2418 et
470 2384 655 2429 splendore
674 2394 846 2428 pauperes
866 2380 1067 2415 ffistidirent
1085 2393 1090 2414 :
1114 2384 1151 2414 ut
1174 2380 1231 2425 qui
1248 2380 1422 2415 debitores
1437 2383 1568 2419 essent,
1591 2379 1699 2413 0111111-

92 2458 107 2472 ιι
129 2444 206 2485 bus,
235 2445 360 2479 Judaeo
388 2445 518 2490 pariter
545 2450 579 2479 et
608 2445 757 2485 Graeco;
788 2444 890 2489 idque
920 2441 1139 2477 manifestum
1167 2441 1256 2476 foret
1286 2442 1446 2487 principi,
1469 2442 1497 2475 si
1517 2442 1700 2476 advertere

92 2521 107 2534 α
130 2507 281 2541 animum
299 2507 443 2542 voluerit
469 2507 514 2541 ad
529 2508 711 2542 Sociorum
730 2518 844 2545 curas,
861 2505 970 2540 nihilo
994 2504 1174 2550 segniores
1208 2504 1286 2538 illas
1317 2505 1352 2538 in
1375 2504 1506 2537 villulis
1537 2515 1638 2548 quan]
1667 2504 1700 2536 in
