2184 2953
205 394 267 419 1577

263 1445 303 1470 29.

210 1484 336 1517 Strphan.

208 1523 261 1549 Rex
306 1524 354 1548 (ie-

209 1565 336 1592 danenses

208 1609 306 1634 domat.

210 1649 248 1674 De
274 1647 354 1673 victo-

206 1688 249 1715 ria
274 1685 355 1719 Regis

208 1732 235 1757 et
277 1728 357 1762 perti-

211 1769 290 1796 nacia
310 1775 352 1793 re-

210 1809 321 1835 bellium

209 1850 354 1876 vid.IIisto-

209 1892 355 1918 rianiPrus-

209 1934 253 1959 sice
280 1934 355 1958 ,101111-

209 1978 250 2004 1113
262 1977 356 2003 Leonis

209 2019 356 2051 lib.v111,a

210 2067 234 2093 p.
246 2059 303 2085 450.

259 2193 300 2218 30.

210 2233 354 2260 Bruusber—

209 2282 269 2307 gam
290 2273 357 2299 Socii

210 2314 335 2339 deserunt

171 2352 174 2354 ⁷
210 2353 337 2386 pauloque

210 2394 269 2426 post
317 2399 356 2417 re-

210 2431 302 2457 deurit.

380 293 419 323 56
749 289 1025 319 LITUANICARUM
1050 287 1267 318 SOCIETATIS
1289 287 1374 316 JESU
1399 288 1651 317 HISTORIARUM

379 398 395 412 c<
417 382 584 417 mediocri
611 394 727 417 rerum
759 385 958 416 nostrarum
978 380 1147 427 profectu,
1170 390 1298 424 magno
1326 378 1427 413 nobis
1446 379 1647 425 adjumento
1678 378 1799 419 fuisse,
1833 382 1886 413 est
1910 373 2009 424 >quod

379 460 394 474 α
417 445 483 479 Dei
509 444 729 479 clementiam
747 444 943 484 laudemus,
962 443 1080 488 illique
1095 442 1230 488 gratias
1245 451 1404 485 agamus.
1424 440 1525 478 Quod
1538 451 1620 474 vero
1639 438 1807 473 Ecclesiae
1821 437 1887 472 Dei
1904 442 2009 483 atque

379 523 393 536 a
417 508 591 542 universae
606 508 808 553 reipublicae
823 507 1028 541 christianae
1047 516 1190 539 causam
1209 503 1310 537 nobis
1325 502 1514 548 diligenter
1529 502 1780 537 commendatis
1799 513 1805 535 :
1828 501 1875 541 id,
1894 513 2010 547 quem-

379 584 393 598 «
416 570 603 604 admodum
633 582 654 604 a
684 571 741 616 pio
769 569 1007 614 laudabilique
1039 571 1155 602 vestro
1182 566 1309 600 affectu
1337 564 1581 611 proficiscitur,
1616 564 1664 598 ita
1696 564 1796 598 nobis
1822 563 2010 610 praecipuae

381 647 396 661 a
419 644 513 667 curae
533 644 670 678 semper
685 632 762 673 fuit,
781 643 822 667 ac
840 632 946 677 longo
960 629 1085 676 maJ'ori
1104 629 1139 663 in
1156 632 1334 675 posterum
1362 627 1517 661 futurum
1537 627 1602 661 erit
1624 639 1631 660 z
1651 638 1730 660 nam
1751 626 1850 660 nobis
1869 625 2010 672 quidem

382 709 396 722 u
420 698 455 729 et
481 694 732 729 existimationi
752 697 896 733 nostrae,
932 692 1024 726 ultra
1055 692 1161 726 etiam
1179 691 1305 725 merita
1332 692 1467 730 nostra,
1496 689 1571 735 jam
1603 689 1685 723 olim
1717 688 1834 722 divino
1866 698 2011 723 munere

382 772 398 786 α
420 757 638 791 satisfactum
659 761 730 798 est;
754 768 845 790 nunc
861 767 901 790 eo
920 755 1022 789 labor
1038 754 1151 788 omnis
1171 752 1406 788 conferendus
1426 751 1505 791 erit,
1523 762 1589 796 quo
1609 754 1816 785 ornamenta
1835 750 1911 785 haec
1932 761 2011 796 quae

382 833 398 847 α
419 818 667 853 liberalissima
683 830 787 852 manu
807 818 842 851 in
863 829 926 851 nos
937 817 1110 861 Majestas
1131 816 1259 850 Divina
1274 816 1433 855 contulit,
1455 815 1501 849 ad
1515 827 1593 850 eum
1607 815 1751 855 fontem,
1765 815 1820 849 cui
1835 815 1869 849 in
1888 815 2012 862 primis

382 897 397 911 a
420 881 616 921 debentur,
651 880 856 915 relabantur
886 879 1025 913 :divini
1059 878 1192 913 36111661
1219 878 1369 912 11011111113
1404 877 1544 912 laudem
1577 882 1610 912 et
1641 877 1944 923 propagationem,
1980 880 2014 911 et

381 957 396 972 α
418 943 620 989 reipublicae
656 942 859 976 christianae
890 942 1119 976 incrementa.
1155 940 1211 974 Ad
1245 951 1347 986 quam
1367 952 1440 975 rem
1476 939 1601 974 melius
1630 950 1672 973 ex
1703 939 1810 973 animi
1838 939 2014 973 sententia

383 1016 397 1031 u
421 1001 671 1037 conficiendam
699 1014 775 1035 cum
803 1004 919 1035 vester
939 1001 1034 1035 Ordo
1065 1001 1118 1035 vel
1145 1001 1178 1035 111
1214 1002 1335 1048 primis
1367 1001 1467 1036 nobis
1498 1001 1656 1047 apprime
1687 1000 1733 1034 sit
1763 1000 2009 1035 necessarius:

382 1079 395 1092 a
418 1063 542 1098 merito
563 1063 662 1097 nobis
690 1066 724 1097 et
742 1066 796 1097 est
822 1066 856 1097 et
883 1062 950 1096 erit
968 1074 1105 1108 semper
1124 1063 1362 1109 gratissimus,
1385 1065 1477 1111 quod
1495 1069 1567 1099 tum
1587 1076 1625 1099 re
1644 1064 1759 1110 potius
1775 1076 1878 1110 quam
1898 1065 2013 1099 verbis

381 1141 396 1155 ιι
419 1125 688 1166 declarabimus,
719 1125 779 1159 ubi
809 1125 959 1171 primum
987 1125 1089 1171 regni
1115 1126 1219 1172 hujus
1239 1128 1347 1160 nostri
1378 1128 1522 1173 negotia
1548 1127 1860 1174 composuerimus,
1898 1138 1939 1161 ac
1969 1126 2015 1162 ad

380 1204 395 1218 a
419 1194 573 1236 optatam
593 1188 743 1234 quietem
759 1187 876 1222 onmia
894 1187 1175 1232 perduxerimus.
1198 1189 1300 1227 Quod
1318 1194 1355 1224 ut
1374 1202 1477 1236 quam
1505 1191 1653 1237 primum
1672 1190 1746 1230 fiat,
1768 1190 1834 1236 piis
1853 1190 2016 1236 precibus

381 1266 396 1281 α
419 1252 546 1287 vestris
561 1250 649 1286 effici
665 1251 767 1285 debet
781 1262 788 1291 ;
807 1250 932 1296 quibus
948 1261 1011 1284 nos
1027 1250 1133 1285 etiam
1148 1254 1253 1296 atque
1268 1253 1373 1287 etiam
1389 1253 1578 1299 diligenter
1597 1252 1894 1287 commendamus.
1912 1253 2011 1287 Bene

382 1329 398 1344 c<
420 1314 539 1349 valere
558 1313 762 1348 devotiones
777 1316 914 1346 vestras
934 1313 1106 1358 cupimus
1126 1312 1180 1347 Ex
1198 1315 1323 1349 castris
1351 1315 1397 1349 ad
1416 1315 1599 1350 Gredanum
1615 1315 1671 1349 die
1697 1315 1745 1350 24
1759 1315 1890 1349 mensis
1903 1315 2008 1361 junii,

385 1392 399 1406 u
422 1388 514 1411 anno
543 1376 647 1417 1577,
674 1375 776 1421 regni
800 1375 911 1409 nostri
935 1374 1101 1409 secundo.
1132 1393 1147 1406 ω

430 1439 484 1474 Ex
519 1438 644 1474 castris
676 1437 770 1483 apud
794 1437 978 1472 Gedanum
1014 1449 1076 1471 rex
1098 1437 1235 1471 litteras
1263 1435 1375 1477 dedit;
1404 1436 1463 1470 ubi
1487 1435 1620 1470 scilicet
1638 1447 1715 1470 cum
1747 1435 1902 1470 exercitu
1924 1446 2012 1470 con-

382 1502 534 1543 sederat,
574 1500 774 1547 perduelles
811 1500 886 1546 ejus
917 1499 1013 1533 urbis
1050 1500 1143 1534 cives
1177 1498 1451 1545 perdomiturus.
1491 1499 1543 1533 Eo
1581 1498 1748 1533 ducturus
1779 1498 1898 1544 copias
1933 1497 2013 1532 Rex

382 1568 539 1605 voverat,
579 1564 606 1598 si
644 1562 817 1597 effecisset
851 1561 1081 1608 propositum,
1116 1561 1299 1608 profanata
1338 1572 1359 1595 a
1390 1560 1577 1595 Luteranis
1614 1561 1794 1607 ejectaque
1827 1559 2011 1595 catholicae

382 1627 565 1674 religionis
601 1637 702 1660 sacra
742 1625 776 1658 in
809 1636 910 1658 suum
947 1624 1127 1670 dignitatis
1161 1623 1274 1658 locum
1311 1627 1344 1658 et
1374 1623 1632 1670 possessionem
1677 1623 1919 1658 restituturum
1959 1633 2009 1663 se,

383 1689 621 1734 coloniamque
642 1687 808 1721 Societati
832 1686 852 1720 J
858 1698 917 1720 esu
938 1686 1187 1721 collocaturum
1203 1686 1238 1719 111
1257 1686 1356 1720 urbe.
1376 1686 1596 1720 Damnarunt
1617 1685 1707 1720 votis
1727 1685 1921 1731 principem
1937 1696 2011 1719 suae

383 1764 439 1787 res
463 1755 575 1797 gestae
599 1760 780 1796 prospere.
812 1749 954 1783 Decimo
981 1753 1078 1783 sexto
1102 1748 1275 1783 kalendas
1299 1748 1407 1794 majas
1432 1752 1669 1793 expugnatum
1694 1747 1904 1782 Gredanum:
1929 1746 2012 1781 oaesi

382 1813 582 1861 perduelles
601 1825 607 1846 :
631 1812 724 1846 cives
743 1810 789 1845 ad
813 1810 963 1845 officium
984 1811 1150 1845 revocati.
1169 1811 1295 1856 Neque
1319 1814 1433 1844 tamen
1458 1809 1599 1843 omnino
1627 1813 1728 1854 parta
1748 1812 1801 1843 est
1819 1820 1901 1855 pax,
1927 1819 2012 1854 rege

382 1876 514 1912 scilicet
537 1874 717 1909 victoriam
744 1873 951 1907 clementius
975 1877 1184 1913 exercente;
1212 1872 1337 1918 reliqui
1370 1883 1534 1917 magnam
1558 1875 1693 1917 partem
1717 1883 1759 1905 ex
1791 1870 1953 1905 conflictu
1977 1874 2012 1905 et

382 1939 466 1984 fuga
490 1936 704 1984 perduelles,
730 1935 880 1980 receptis
904 1946 966 1981 por
980 1939 1185 1969 autumnum
1208 1934 1340 1968 viribus
1360 1933 1562 1973 ferocioreS,
1590 1937 1796 1979 comparant
1818 1932 1907 1967 mari
1925 1931 2013 1966 clas-

383 2015 475 2043 sem;
497 2014 539 2036 ex
565 2011 675 2046 caque
696 1999 907 2033 maritimam
931 2010 1003 2032 rem
1029 2008 1124 2031 suam
1148 2000 1373 2043 propugnant
1391 2008 1397 2030 ;
1415 2001 1511 2030 terra
1525 2008 1608 2030 vero
1632 1996 1793 2030 hostilem
1814 1996 1848 2029 in
1872 1994 2011 2029 modum

383 2065 558 2112 proximos
578 2066 684 2097 urunt
705 2073 812 2107 agros
832 2061 990 2095 Poloniae
1009 2073 1014 2094 :
1038 2059 1192 2093 varmiae
1214 2058 1343 2093 ferrum
1368 2058 1555 2104 ignemque
1584 2058 1805 2099 minitantur;
1828 2069 1894 2103 quo
1918 2060 2012 2092 certe

386 2126 478 2161 malo
497 2125 809 2170 Brunsbergenses
835 2123 939 2157 etiam
954 2125 1141 2156 mactasset
1156 2119 1388 2167 perduellium
1402 2120 1512 2161 furor,
1533 2120 1601 2153 nisi
1625 2120 1717 2154 cives
1732 2120 1890 2154 fortunas
1913 2130 2009 2161 suaS,

384 2190 542 2235 irrogata
557 2188 622 2222 sibi
641 2187 764 2227 multa,
782 2185 1025 2220 redemissent.
1056 2184 1102 2218 At
1130 2183 1285 2218 Jesuitas
1317 2182 1473 2217 residere
1503 2183 1755 2228 Brunsbergae,
1782 2182 1878 2216 nullo
1910 2185 2012 2228 pacto

383 2251 478 2297 passi
502 2254 583 2284 sunt
620 2248 825 2283 Dantiscani
848 2247 1006 2281 haeretici
1029 2259 1035 2280 :
1058 2247 1124 2280 hoc
1151 2244 1300 2279 maxime
1323 2251 1530 2290 pugnatum,
1558 2249 1594 2279 ut
1614 2256 1656 2279 ex
1684 2244 1771 2279 urbe
1803 2243 2013 2289 ejicerentur

386 2314 564 2352 continuo,
588 2312 654 2345 nisi
686 2310 831 2345 mallent
849 2310 956 2350 cives,
973 2310 1047 2356 jam
1072 2320 1163 2343 nunc
1191 2308 1292 2353 signo
1317 2307 1411 2344 dato,
1452 2306 1568 2340 omnia
1588 2318 1652 2340 sua
1682 2306 1732 2340 ire
1755 2316 1908 2351 pessum.
1931 2304 2011 2339 Non

386 2376 493 2412 multo
509 2374 555 2410 ad
570 2374 605 2408 id
618 2374 760 2421 hortatu
777 2384 862 2418 opus
878 2378 953 2407 erat
969 2372 1093 2412 Sociis,
1111 2375 1149 2405 ut
1167 2382 1259 2405 carte
1289 2369 1440 2404 civitatis
1469 2380 1524 2403 res
1543 2380 1617 2414 prae
1638 2379 1701 2403 sua
1720 2368 1825 2403 etiam
1848 2367 2015 2402 ducerent

388 2438 501 2473 salute
519 2449 526 2471 :
554 2435 708 2471 collectis
724 2436 757 2469 111
774 2447 892 2484 unum,
912 2438 1041 2480 quanta
1060 2436 1198 2480 poterat
1224 2432 1461 2472 festinatione,
1484 2430 1611 2465 reculis
1626 2430 1710 2471 suis,
1734 2441 1803 2464 uno
1822 2441 1865 2463 ex
1879 2428 2015 2476 adjuto-

389 2501 486 2536 ribus
517 2503 550 2534 et
569 2499 677 2533 altero
703 2498 748 2532 ad
783 2497 977 2532 custodiam
1010 2496 1131 2531 domus
1166 2494 1301 2536 relicto,
1329 2506 1371 2529 ex
1403 2492 1530 2539 oppido
1563 2492 1597 2526 in
1623 2503 1734 2538 pagos
1766 2503 1803 2526 se
1838 2491 2012 2526 auferunt.
