2184 2953
256 397 317 424 1582

254 437 356 463 Pericu-

252 483 307 508 lum
336 476 365 501 P.

253 516 355 547 Skarga

251 557 285 584 ab
300 558 380 584 haere-

251 597 322 623 ticis.

250 874 387 901 Nesvisium

248 915 315 941 Socii
325 915 391 941 invi-

248 958 346 983 tantur.

239 1634 366 1662 Radivilli

238 1674 333 1708 pietas.

236 1946 354 1973 Possevi-

236 1994 286 2012 nus
298 1986 363 2012 obsi-

237 2026 282 2052 des
318 2026 380 2052 libe-

235 2067 278 2092 rat
299 2075 314 2093 a
329 2067 383 2094 Μο-

236 2105 316 2132 schis.

429 302 487 333 104
806 304 1081 333 LITUANICARUM
1105 304 1317 332 SOCIETATIS
1339 304 1424 333 JESU
1448 304 1700 334 fflSTORIARUM

428 396 465 431 in
497 397 618 443 primis
646 397 805 444 Derpati,
841 398 1024 445 religionis
1057 410 1175 440 causa,
1197 398 1363 445 profecto,
1393 398 1502 433 multa
1529 411 1606 434 cum
1634 399 1745 434 Sociis
1776 402 1891 434 rector
1922 399 2049 433 Petrus

428 458 568 505 Skarga
587 459 752 494 sustinuit
774 473 780 494 :
803 472 896 507 saepe
911 473 932 495 a
949 461 1050 506 plebe
1068 461 1257 495 furibunda
1284 461 1471 507 lapidibus,
1494 462 1622 508 saepius
1638 462 1842 508 ignominiis
1856 461 2044 508 appetitus,

426 524 460 555 et
478 524 613 555 tantum
641 533 708 556 non
730 522 912 556 confossus
943 522 980 556 in
997 522 1074 568 ipsa
1101 522 1176 557 aede
1208 533 1309 557 sacra
1329 534 1350 557 a
1368 523 1564 559 facinoroso
1584 525 1799 559 Lutherano.
1821 524 1934 569 Atque
1953 523 2048 558 haud

426 583 529 619 dubie
547 584 686 630 insigne
706 584 917 631 suscepisset
935 585 1070 620 facinus
1085 586 1251 627 audacia3
1267 585 1336 620 nisi
1352 597 1414 620 suo
1435 586 1553 620 divina
1568 587 1770 632 benignitas
1785 586 1950 633 praesidio
1966 597 2047 621 suos

425 650 539 682 sartos
558 650 737 693 tectosque
756 647 925 683 voluisset
942 677 949 689 ,
971 648 1190 693 advigilante
1204 648 1355 683 maxime
1371 659 1432 693 pro
1459 659 1542 694 rege
1558 649 1602 683 ad
1621 648 1768 684 tutelam
1787 649 1962 683 commissi
1977 646 2043 682 sibi

425 712 573 758 Collegii
592 712 748 748 antistite
769 713 992 748 Vilnensium
1011 711 1165 756 Georgio
1185 709 1379 749 Radivillo,
1408 710 1642 755 gubernatore
1663 711 1835 745 Livoniae.

472 773 568 808 Inter
587 774 663 808 haec
682 785 870 820 germanus
902 774 1048 820 Georgii
1074 773 1183 807 frater
1197 771 1366 806 Nicolaus
1394 771 1591 806 Radivillus
1607 772 1675 806 dux
1701 773 1737 806 in
1752 772 1869 819 Olyka
1888 775 1922 806 et
1942 771 2046 806 Nies-

419 835 518 876 wieZ‚
554 835 591 870 8.
621 837 773 871 Romani
807 837 949 883 Imperii
980 836 1154 882 princeps,
1186 845 1335 880 magnus
1365 834 1540 868 Lituaniae
1567 834 1832 873 mareschallus‚
1855 833 1946 879 quod
1971 833 2047 879 jam

419 895 549 931 dudum
575 897 823 939 meditabatur,
845 898 1072 939 Niesvisium‚
1095 909 1194 933 suum
1214 897 1249 931 in
1269 897 1448 943 oppidum,
1471 897 1530 932 ubi
1560 898 1637 943 ipsa
1656 897 1724 932 loci
1742 898 1946 932 amoenitate
1964 896 2047 932 alle-

416 961 492 992 ctus
522 958 687 993 libentius
710 959 905 1000 habitabat,
938 960 1065 994 invitat
1101 960 1223 995 Socios
1250 959 1469 994 humanitate
1501 959 1686 1005 singulari.
1724 959 1899 1005 Oppidum
1930 959 2042 1004 primo

415 1019 614 1065 infrequens
633 1024 709 1055 erat
727 1025 762 1056 et
789 1020 929 1055 rusculo
949 1021 1098 1056 similius
1121 1034 1127 1056 z
1146 1033 1259 1067 neque
1289 1021 1499 1067 colligendae
1525 1021 1702 1067 juventuti
1722 1021 1942 1056 scholasticae
1959 1032 2037 1067 par,

413 1092 525 1127 neque
541 1082 720 1117 Sociorum
735 1083 938 1117 muneribus
957 1084 1240 1129 percommodum
1265 1096 1270 1118 :
1290 1083 1477 1130 perpaucis
1507 1083 1552 1117 ad
1570 1082 1646 1117 haec
1664 1083 1700 1117 in
1714 1083 1896 1129 provincia
1914 1082 2040 1123 Sociis,

417 1146 539 1191 eisque
571 1147 745 1192 permulta
770 1147 948 1182 distractis
979 1159 985 1181 :
1013 1150 1143 1193 praeter
1174 1145 1275 1186 alios,
1298 1145 1480 1180 Bernardo
1512 1144 1779 1191 Maciejowskio
1818 1144 2043 1179 Cracoviensi

412 1212 484 1243 tum
500 1209 679 1250 canonico,
712 1213 790 1255 post
810 1209 1037 1244 Luceoriensi
1057 1208 1235 1254 episcopo.
1263 1207 1388 1242 deinde
1406 1206 1670 1253 archiepiscopo
1691 1206 1887 1242 Gnesnensi
1905 1210 1939 1241 et
1959 1205 2042 1240 Car-

411 1270 518 1305 dinali
532 1271 634 1305 titulo
654 1271 688 1306 S.
709 1271 857 1306 Joannis
876 1275 958 1306 ante
983 1272 1127 1306 Portam
1143 1270 1319 1309 Latinam,
1342 1272 1377 1303 et
1395 1268 1544 1303 Nicolao
1566 1269 1858 1316 Zebrzydowskio
1877 1267 2042 1314 praefecto

410 1337 483 1367 tum
515 1327 701 1373 Sremens'i,
720 1334 765 1368 ad
783 1335 981 1380 ponendum
1013 1346 1034 1369 a
1053 1346 1089 1369 se
1118 1333 1260 1368 Lublini
1293 1332 1464 1367 Societati
1503 1333 1731 1374 domicilium,
1766 1337 1936 1368 rectorem
1966 1331 2043 1366 Vil-

411 1395 528 1429 nensis
558 1394 705 1440 Collegii
738 1395 954 1430 Stanislaum
972 1394 1266 1430 Varszevickium
1286 1406 1304 1429 e
1324 1394 1490 1429 Lituania
1521 1394 1557 1428 in
1585 1394 1781 1429 Poloniam·
1796 1393 2038 1429 evocantibus.

413 1455 590 1491 Intellexit
609 1456 758 1502 denique
779 1458 943 1504 princeps
968 1457 1183 1498 Radivillus,
1207 1457 1289 1502 quid
1306 1457 1340 1490 in
1355 1468 1417 1491 suo
1436 1456 1657 1491 Nesvisiensi
1673 1456 1800 1502 oppido
1818 1456 1922 1495 foret,
1946 1455 2038 1501 quod

412 1528 620 1552 consensum
640 1518 828 1564 Praepositi
857 1519 1042 1554 Societatis
1063 1519 1246 1554 Generalis
1267 1520 1379 1565 (quem
1394 1518 1579 1563 aliquoties
1587 1518 1662 1564 jani
1677 1529 1739 1564 per
1756 1517 1893 1552 litteras
1913 1528 2035 1552 conve-

409 1578 531 1625 nisset)
550 1580 751 1625 Sociosque,
770 1580 815 1614 ad
829 1582 1045 1627 propositum
1060 1586 1264 1617 cunctantes
1284 1581 1424 1622 donum,
1442 1584 1640 1616 moraretur
1661 1593 1666 1614 :
1687 1580 1812 1615 ruralis
1830 1591 1954 1626 nempe
1970 1578 2032 1614 illa

412 1643 576 1678 solitudo.
598 1643 653 1678 Ad
671 1644 954 1690 amplificandum
974 1646 1104 1691 itaque,
1122 1645 1195 1679 sive
1210 1644 1325 1690 potius
1340 1644 1384 1678 ad
1399 1654 1523 1677 novam
1542 1643 1589 1677 ibi
1605 1643 1777 1678 civitatem
1800 1643 2035 1682 condendam,

409 1716 526 1739 curam
557 1705 593 1739 in
612 1705 732 1751 primis
752 1717 888 1741 omnem
907 1707 1075 1747 contulit:
1099 1707 1234 1741 duobus
1253 1706 1392 1740 interim
1410 1706 1534 1747 Sociis,
1557 1706 1615 1751 qui
1634 1706 1727 1741 intra
1759 1717 1835 1741 eam
1854 1705 2033 1751 regionem

408 1767 603 1802 doctrinam
638 1767 825 1802 salutarem
862 1768 1108 1814 praedicarent,
1143 1768 1291 1804 Albertc
1334 1767 1612 1802 Mroszkowskio
1645 1771 1679 1802 et
1709 1767 1821 1803 altero
1854 1767 2036 1802 sacerdote

410 1841 507 1865 usus.
530 1830 708 1877 Expertus
723 1830 802 1865 illos
820 1831 916 1866 haud
935 1843 1060 1877 segnes
1076 1831 1111 1865 in
1129 1830 1234 1865 vinea
1249 1829 1389 1865 Domini
1409 1830 1598 1876 operarios.

456 1893 530 1928 Res
548 1893 652 1939 hujus
667 1893 859 1940 provinciae
881 1894 1069 1929 nonnullas
1086 1892 1317 1927 Moscovitica
1333 1892 1516 1927 Possevini
1536 1892 1668 1937 legatio
1683 1902 1801 1926 secum
1816 1891 2032 1937 circumagit.

408 1954 601 2001 Profligato
619 1955 655 1990 in
675 1956 823 1991 Livonia
846 1957 989 2002 negotio
1005 1968 1081 1990 cum
1100 1966 1183 2000 rege
1216 1953 1442 1988 Poloniarum
1460 1954 1615 2000 legatus,
1639 1953 1850 1987 Perkoviam
1885 1952 2035 1998 primum

408 2021 532 2052 octavo
563 2022 641 2064 post
672 2018 727 2054 die
758 2019 1037 2065 Novogardiam,
1060 2019 1181 2053 urbem
1214 2017 1296 2051 olim
1328 2017 1363 2050 in
1394 2016 1515 2062 primis
1536 2015 1776 2050 Moscoviticis
1795 2014 1979 2055 celebrem,
2001 2017 2036 2048 et

407 2081 539 2126 sparsis
572 2082 663 2116 circa
703 2082 874 2117 Ilmenum
904 2082 1017 2117 lacum
1050 2082 1252 2116 (111-«00011110
1284 2079 1453 2115 coenobiis
1484 2078 1733 2112 monachorum
1758 2076 1928 2116 nobilem,
1949 2075 2031 2110 inde

405 2143 542 2188 magnis
562 2143 744 2178 itineribus
776 2144 1007 2183 Moscoviam,
1029 2143 1214 2178 comitatus
1246 2140 1364 2186 magni
1395 2140 1491 2174 ducis
1520 2139 1659 2185 legatis,
1680 2139 1735 2173 d-ie
1761 2138 1864 2173 tertio
1896 2137 2030 2172 decimo

405 2204 499 2238 venit
518 2217 524 2239 2
546 2204 633 2239 nulli
651 2205 687 2240 in
715 2217 756 2240 ea
782 2206 868 2241 urbe
895 2206 1058 2253 optatior,
1082 2216 1185 2250 quam
1212 2203 1296 2243 81118,
1319 2213 1405 2247 quos
1425 2201 1472 2235 ibi
1491 2201 1674 2247 religionis
1694 2200 1791 2247 genti
1810 2198 2030 2234 insinuandae

404 2276 511 2300 causa
529 2266 731 2313 reliquerat,
754 2268 949 2303 Drenoccio
968 2272 1003 2302 et
1024 2267 1185 2301 Morieno
1216 2265 1340 2304 Sociis,
1363 2268 1484 2299 contra
1508 2275 1611 2309 quam
1631 2263 1701 2297 dux
1727 2263 1801 2309 ipse
1827 2261 1872 2295 ad
1892 2261 2030 2307 Starzy—

403 2327 493 2362 ciam
512 2333 705 2375 receperat,
727 2330 762 2364 in
779 2334 913 2365 arctam
945 2330 1036 2364 datis
1064 2327 1270 2367 custodiam,
1291 2338 1333 2361 ac
1363 2325 1505 2372 paedore
1524 2325 1709 2371 inediaque
1742 2335 1849 2371 prope
1880 2322 2026 2358 enectis.

404 2390 461 2426 Sic
480 2402 540 2425 008
563 2392 697 2426 servari
715 2392 872 2438 jusserat
890 2394 960 2427 dux
979 2393 1053 2439 ipse
1072 2404 1078 2425 ;
1100 2390 1278 2425 metuebat
1298 2400 1434 2435 nempe,
1456 2400 1500 2423 ne
1520 2389 1548 2423 si
1567 2389 1710 2423 liberius
1743 2388 1776 2421 111
1792 2387 1878 2421 urbe
1893 2397 1956 2420 sua
1971 2385 2029 2420 isti

404 2457 565 2499 agerent,
587 2453 689 2488 dictis
712 2453 949 2500 exemplisque
968 2454 1062 2488 cives
1086 2453 1121 2487 in
1149 2452 1346 2499 opinionem
1371 2450 1414 2486 de
1437 2451 1623 2485 sanctitate
1645 2449 1827 2496 religionis
1846 2447 2028 2483 catholicae

405 2512 640 2555 adducerent;
663 2515 860 2550 carceribus
879 2520 1064 2562 propterea
1083 2526 1169 2561 opus
1196 2515 1270 2549 suit.
1296 2514 1456 2559 Quinque
1481 2515 1554 2550 fere
1577 2525 1715 2549 menses
1734 2514 1769 2548 10
1789 2525 1829 2548 00
1848 2511 2027 2558 patientiae
