2184 2953
861 640 1627 673 LITUAN1OARUM

1089 780 1299 809 SOClETATls
1321 781 1405 809 JESU

687 895 1812 992 HISTORIARUM

919 1065 1162 1108 LIBER
1230 1062 1600 1108 OCTAVUS

1141 1192 1364 1233 (1630-1640.)

1159 1302 1348 1319 —0204—

270 1511 334 1537 1631

270 1557 396 1620 Conslan-
520 1580 610 1604 UCTU
642 1569 742 1614 gravi
773 1569 1036 1615 Sigismundum
1068 1582 1212 1617 regem,
1241 1571 1317 1616 jam
1344 1569 1401 1604 diu
1430 1569 1572 1604 aliunde
1593 1580 1727 1614 aegrum
1758 1567 1874 1603 animo
1906 1568 2003 1603 illum
2029 1573 2061 1604 et

270 1630 418 1696 ffiffitfflgissae
545 1643 703 1678 corpore,
728 1632 931 1678 regiamque
959 1632 1076 1667 aulam
1094 1633 1263 1678 regnique
1290 1632 1381 1667 cives
1401 1631 1515 1666 affecit
1535 1642 1628 1665 mors
1647 1630 1807 1676 conjugis
1826 1630 1950 1675 regiae,
1973 1630 2061 1664 Con-

270 1678 412 1737 }fzirilasviae.
546 1695 697 1735 stantiae,
720 1706 829 1740 eaque
844 1695 1039 1740 repentina,
1057 1694 1292 1740 imprudentia
1307 1693 1432 1728 medici
1448 1693 1627 1728 accersita.
1648 1693 1697 1726 Ut
1715 1696 1791 1727 erat
1810 1691 1954 1737 insigni,
1971 1692 2066 1726 avita

443 1758 504 1793 illa
518 1757 704 1792 Austriaca
714 1757 855 1802 pietate,
878 1757 995 1791 Caroli
1013 1756 1190 1791 Austriaei
1210 1760 1242 1791 et
1262 1756 1388 1791 Mariae
1406 1755 1573 1789 Boiorum
1588 1754 1756 1800 principis
1768 1753 1853 1794 filia,
1882 1754 1937 1788 (lie
1951 1754 1980 1788 T
1982 1753 2066 1789 heo-

442 1820 576 1868 phoriae
591 1831 704 1859 sacro,
727 1819 870 1854 ardente
888 1819 1036 1853 maxime
1053 1819 1155 1860 coelo,
1178 1819 1210 1853 V
1213 1818 1364 1853 arsaviae
1379 1817 1612 1863 supplicantes
1633 1828 1710 1850 eum
1729 1827 1814 1861 rege
1829 1820 1863 1850 et
1883 1827 1946 1850 sua
1961 1816 2067 1850 fami—

438 1883 487 1918 lia
504 1882 649 1928 pedibus
684 1893 746 1927 per
772 1881 866 1916 vicos
886 1881 981 1915 urbis
1000 1886 1147 1923 sectata,
1168 1881 1290 1927 virago
1309 1880 1344 1914 in
1364 1881 1437 1926 ipso
1457 1879 1572 1914 aetatis
1599 1878 1684 1914 flore
1706 1879 1861 1919 uberior,
1891 1878 2068 1913 delassata

442 1948 495 1981 est
522 1948 627 1991 atque
658 1943 793 1977 inarsit.
824 1942 996 1977 Ardorem
1023 1943 1179 1979 febrilem
1207 1947 1365 1978 coortum
1394 1942 1474 1977 inde
1502 1942 1656 1976 modicus
1679 1941 1955 1987 repugnantibus
1974 1940 2065 1976 salu-

442 2007 562 2042 britati
589 2007 750 2041 fomentis
770 2007 920 2041 exacuit.
955 2006 1031 2040 Neo
1058 2006 1304 2040 animadvertit
1324 2005 1415 2039 ullus
1435 2004 1627 2050 periculum
1650 2003 1760 2049 prius,
1787 2015 1889 2050 quam
1915 2004 1972 2038 ubi
1991 2004 2067 2050 jam

446 2074 559 2104 aetum
581 2072 675 2104 esset
705 2082 711 2103 2
740 2068 863 2114 regina
890 2069 1042 2103 exanimi
1076 2068 1122 2102 VI
1152 2068 1229 2102 idus
1263 2067 1427 2113 quintiles
1447 2066 1599 2100 diluculo
1619 2078 1640 2100 a
1664 2065 1887 2100 cubiculariis
1914 2070 2065 2112 reperta.

276 2141 325 2168 Cor
343 2140 421 2174 hujus
448 2132 573 2167 Casum
592 2134 803 2177 acceperunt
821 2142 954 2170 omnes,
973 2131 1007 2164 111
1032 2131 1152 2176 primis
1170 2129 1416 2176 Sigisniundus
1445 2141 1520 2163 euni
1540 2128 1638 2174 prole
1661 2140 1737 2169 sua,
1755 2129 1894 2163 Joanne
1908 2128 2066 2169 Alberto,

275 2182 422 2255 Jgnffiltlffio
449 2194 574 2229 Carolo
601 2193 842 2234 Ferdinando,
863 2192 1064 2227 Alexandro
1098 2192 1224 2227 Carolo
1256 2197 1289 2227 et
1316 2192 1419 2226 Anna
1439 2191 1630 2225 Catharina
1648 2191 1893 2236 praesentibus,
1916 2190 2069 2225 acerbis-

277 2260 399 2294 Collegii.
447 2256 545 2291 sime.
564 2255 785 2290 Desideravit
803 2258 885 2289 ante
906 2254 1032 2289 multos
1055 2255 1145 2300 piam
1160 2255 1320 2300 reginam
1335 2254 1492 2289 Societas
1508 2254 1672 2294 Lituana,
1692 2254 1886 2299 insignibus
1902 2253 2070 2288 obstricta

448 2317 637 2353 benefieiis.
658 2317 724 2351 Cor
740 2317 828 2362 ejus,
846 2316 1091 2352 benevolentia
1110 2316 1191 2350 olim
1210 2316 1362 2362 plenum,
1381 2315 1475 2361 regis
1491 2315 1684 2356 admonitu,
1700 2314 1873 2360 intemplo
1889 2314 2069 2349 Sociorum

448 2379 676 2414 Varsaviensi
696 2379 885 2413 conditum.
909 2379 1071 2413 Laudant
1102 2378 1341 2413 Constantiam
1356 2382 1531 2412 nostrates
1551 2377 1720 2417 historici,
1752 2381 1855 2422 atque
1874 2376 1965 2410 inter
1979 2375 2069 2411 alios

449 2443 524 2489 ipse
544 2452 679 2488 quoque
699 2441 832 2475 Paulus
848 2441 1054 2476 Piaseokius
1073 2440 1118 2479 (11,
1141 2440 1227 2474 alias
1243 2439 1458 2485 Sigismundi
1474 2444 1507 2474 et
1531 2441 1639 2485 regite
1670 2451 1742 2474 suae
1768 2439 1910 2473 familiae
1929 2438 2068 2484 iniquus

493 2513 531 2549 (1)
549 2512 695 2546 mironio,
714 2519 776 2547 pay.
797 2511 844 2539 5⁹2.
