2184 2953
230 392 293 419 1568

233 904 363 931 Educatio

233 945 380 972 domestica.

237 1325 357 1354 Formido

236 1374 307 1392 noxae
327 1366 355 1391 in

237 1414 324 1440 puero.

240 1507 358 1534 Pulchri-

240 1547 305 1574 tudo
333 1546 388 1573 ani—

241 1587 278 1613 mi
287 1588 314 1612 et
332 1586 388 1612 vu]-

242 1629 294 1653 tus.

252 2442 383 2469 Viennen-

249 2485 285 2510 sis
296 2484 395 2511 convic-
444 2503 450 2510 .

248 2526 300 2552 tus.

402 291 441 322 18
769 295 1045 325 LITUANICARUM
1069 296 1281 325 SOCIETATIS
1301 297 1386 326 JESU
1410 297 1660 327 HISTORIARUM

407 397 582 432 purpureo
601 386 660 422 illo
691 388 843 423 nominis
861 389 882 423 J
887 401 947 424 esu
978 390 1192 430 charactere,
1214 401 1380 435 expresso
1407 390 1552 425 mirifice
1582 391 1618 425 in
1645 394 1786 437 pectore
1805 390 2027 437 Margaritae,

405 447 471 482 hoc
489 459 597 494 puero
616 450 785 495 gravidae.
808 451 929 497 Itaque
946 451 1078 486 monita
1095 463 1237 497 parens,
1260 452 1470 486 nascituram
1496 464 1538 487 ex
1565 464 1601 488 se
1626 453 1757 499 prolem
1783 453 1938 499 impense
1957 453 2031 487 Deo

404 510 651 547 commendare
673 524 680 546 :
702 512 851 547 invitare
870 513 1036 548 familiam
1056 525 1155 548 suam
1174 514 1218 547 ad
1237 514 1541 559 comprecandum.
1564 515 1710 555 Natum,
1733 526 1812 549 mox
1833 519 2033 560 susceptum

403 582 422 606 e
442 582 541 606 sacro
562 572 670 614 fonte,
692 574 878 615 Prasnisii‚
900 575 935 609 in
958 575 1087 621 templo
1116 575 1209 610 beati
1228 574 1423 615 Adalberti‚
1445 575 1603 611 Adamus
1621 577 1781 611 Andreas
1818 577 2033 611 Radvanov-

405 632 516 673 skins,
538 633 592 668 vir
624 646 666 669 ex
698 636 820 671 ordine
840 637 1028 677 senatorio,
1059 640 1138 671 ante
1169 648 1267 671 aram
1299 637 1487 682 deposuit;
1510 638 1665 684 beneque
1687 642 1848 684 precatus
1867 639 2028 685 puerulo,

404 695 583 742 praecipua
615 697 743 742 pietate
763 699 836 732 Deo
871 699 1041 733 infantem
1073 698 1217 737 obtulit;
1240 703 1484 744 comprecante
1517 699 1598 734 aula
1629 704 1664 735 et
1681 700 1809 746 populo
1837 700 2027 746 frequenti.

407 758 603 804 Superesse
623 759 741 794 adhuc
772 761 848 806 ejus
867 761 988 806 templi
1015 764 1048 795 et
1067 760 1185 806 oppidi
1204 761 1381 795 Kostlzani
1400 761 1588 803 cineribus,
1611 762 1794 808 aliquoties
1814 763 1858 797 ab
1875 763 2035 797 hostibus

408 820 549 856 Cosacis
574 822 700 862 exusti,
722 823 831 868 ajunt,
863 823 944 857 felix
964 822 1050 857 illud
1082 822 1246 857 Stanislai
1266 823 1456 864 lavacrum,
1485 829 1520 859 et
1550 825 1584 858 in
1610 825 1743 860 honore
1762 836 1839 860 esse
1857 825 2035 871 praecipuo

407 883 500 930 apud
531 896 716 919 memores.
749 885 851 919 Domi
873 885 1041 920 educatus
1069 885 1316 921 honestissime
1339 898 1345 920 :
1368 886 1516 932 primum
1549 887 1671 921 habuit
1701 887 1898 922 litterarum
1926 887 2036 933 magi-

409 949 519 980 strum
540 946 749 992 Gregorium
764 947 1006 993 Vigilanthrm,
1028 947 1141 981 virum
1160 948 1320 983 doctrina
1340 952 1374 984 et
1393 949 1523 997 pietate
1543 949 1578 984 in
1594 950 1714 996 primis
1730 950 1938 985 academicis
1953 950 2036 985 Cra-

408 1009 627 1043 coviensibus
646 1009 798 1043 nobilem
813 1022 820 1050 ;
841 1009 965 1044 deinde
981 1010 1155 1044 Joannem
1169 1010 1401 1045 Bielinskium
1413 1012 1563 1057 equitem
1582 1012 1760 1058 polonum,
1775 1013 1811 1047 S.
1829 1013 2036 1058 Theologiae

407 1071 597 1112 doctorem,
620 1071 827 1106 Plocensem
845 1076 879 1107 et
894 1072 1156 1107 Pultoviensem
1175 1073 1394 1108 canonicum.
1419 1074 1496 1108 Hoc
1517 1074 1714 1120 paedagogo
1732 1087 1817 1110 usus
1836 1076 1984 1110 Viennae
2003 1076 2038 1109 in

407 1133 553 1168 Austria
569 1134 614 1168 ad
634 1145 834 1179 supremum
852 1137 1001 1180 tempus,
1037 1146 1103 1180 quo
1124 1135 1273 1180 denique
1293 1135 1446 1170 Romam
1465 1148 1502 1171 se
1519 1136 1675 1172 abstulit.
1699 1137 1767 1172 Sed
1798 1137 1977 1183 ingenium
2004 1141 2038 1172 et

410 1207 525 1231 mores
556 1196 633 1241 ipsa
662 1195 832 1231 formasse
859 1197 946 1237 visa,
968 1196 1074 1231 altrix
1101 1197 1201 1243 pueri
1226 1197 1270 1231 ab
1302 1197 1535 1238 incunabulis,
1571 1210 1611 1233 ac
1644 1200 1855 1246 praeceptrix
1887 1199 2037 1240 assidua,

411 1259 476 1294 Dei
495 1259 623 1304 gratia.

462 1321 549 1355 Heec
568 1320 687 1367 primis
715 1321 833 1355 statim
857 1320 959 1355 annis
978 1321 1131 1355 animum
1151 1321 1317 1356 Stanislai
1335 1322 1481 1357 horrore
1500 1333 1602 1357 noxae
1621 1322 1732 1357 omnis
1760 1323 1809 1357 sic
1827 1322 1962 1364 imbuit,
1984 1326 2035 1362 ut,

414 1384 443 1420 si
475 1384 569 1429 quid,
604 1394 641 1418 se
659 1387 848 1429 praesente,
870 1383 926 1418 vel
944 1383 1067 1418 leviter
1093 1383 1222 1418 dictum
1253 1388 1358 1423 esset,
1381 1384 1472 1429 quod
1498 1384 1608 1419 oleret
1626 1384 1836 1423 Fescennia,
1867 1384 1910 1418 ad
1930 1384 2037 1430 pesti-

412 1446 542 1482 lentem
578 1445 673 1480 velut
703 1445 872 1485 afflatum,
898 1445 1182 1491 perhorresceret
1201 1446 1377 1486 continuo,
1412 1450 1446 1481 et
1478 1446 1653 1481 interdum
1688 1446 1869 1492 repentino
1903 1446 2038 1481 solutus

412 1508 583 1554 languore
614 1507 825 1542 concideret.
849 1508 900 1542 lta
918 1519 1026 1554 purus
1045 1508 1182 1542 animus
1200 1507 1384 1554 pulchrum
1415 1519 1564 1554 quoque,
1587 1519 1692 1554 seque
1711 1508 1854 1553 dignum
1885 1508 2035 1554 hospite,

414 1574 537 1606 nactus
557 1570 780 1606 domicilium.
803 1571 934 1605 Forma
946 1571 1112 1617 juvenem
1131 1570 1250 1611 fuisse,
1273 1571 1385 1617 ajunt,
1415 1571 1564 1605 honesta
1588 1575 1719 1617 praeter
1737 1575 1883 1606 caeteros
1902 1577 1936 1606 et
1953 1571 2039 1605 libe-

415 1633 481 1668 rali
499 1645 506 1667 z
522 1632 611 1667 facie
630 1633 755 1668 decore
774 1633 937 1671 rotunda,
956 1632 1107 1667 colorem
1121 1632 1308 1667 lacteolum
1322 1644 1424 1667 roseo
1444 1632 1571 1678 integri
1592 1633 1773 1678 sanguinis
1792 1633 1828 1667 in
1848 1633 1948 1679 genis
1968 1632 2039 1667 dis-

414 1695 619 1741 tinguente;
649 1695 739 1729 inter
757 1694 850 1729 hunc
881 1694 977 1729 tenui
996 1694 1219 1729 internitente
1239 1706 1370 1741 cyaneo
1394 1707 1400 1728 τ
1423 1694 1548 1740 capillo
1578 1695 1746 1740 subnigro
1769 1708 1775 1729 1
1798 1695 1907 1729 oculis
1926 1695 2040 1740 perlu-

413 1757 513 1798 cidis,
546 1769 641 1804 saepe
660 1757 903 1798 madentibus,
933 1763 1022 1791 zestu
1042 1757 1151 1791 divini
1171 1756 1297 1791 amoris
1324 1756 1437 1792 ciente
1456 1757 1627 1803 lacrymas
1651 1770 1657 1791 :
1676 1761 1811 1792 statura
1831 1758 1875 1792 ad
1899 1761 2040 1792 aetatem

412 1819 591 1854 commoda
610 1832 616 1854 :
634 1823 708 1854 tota
727 1818 841 1864 specie
860 1818 904 1852 ad
923 1818 1129 1864 dignitatem
1143 1819 1318 1865 apposita.
1335 1819 1422 1857 Quae
1442 1830 1505 1854 sua
1524 1819 1677 1854 exterior
1695 1819 1919 1865 pulchritudo
1935 1819 2040 1854 index

412 1885 488 1916 erat
506 1881 617 1916 felicis
637 1880 757 1922 animi,
792 1880 1005 1926 perlucentis
1030 1881 1278 1927 prodentisque
1299 1892 1336 1915 se
1356 1881 1454 1926 quasi
1475 1893 1536 1927 per
1555 1881 1670 1916 velum
1700 1887 1817 1923 tenue,
1853 1882 2041 1927 floremque

412 1943 629 1978 castimoniae
655 1943 934 1988 integerrimum,
956 1943 989 1977 in
1018 1943 1117 1978 vultu
1145 1943 1333 1989 expictum,
1355 1943 1477 1977 animis
1508 1943 1716 1978 intuentium
1748 1943 2038 1978 commendantis.

413 2005 538 2040 Fiebat
552 2005 682 2051 itaque,
704 2009 743 2040 ut
756 2005 832 2051 ipse
850 2005 1015 2040 Stanislai
1029 2009 1248 2051 conspectus,
1265 2005 1370 2040 castis
1388 2005 1528 2051 quidem
1546 2017 1701 2040 amorem
1716 2006 1854 2040 virtutis
1873 2006 2041 2051 majorem

413 2072 447 2102 et
478 2067 682 2113 diligentem
702 2067 963 2102 commendaret
991 2078 1155 2102 sensuum
1175 2067 1387 2107 custodiam;
1411 2067 1575 2101 salutaris
1602 2078 1684 2102 vero
1716 2067 1859 2113 pudoris
1891 2070 1925 2101 et
1945 2078 2041 2101 vere-

416 2129 554 2164 cundiae
574 2133 822 2164 commoneret.
849 2129 937 2163 Tam
966 2129 1113 2175 elegans
1133 2129 1274 2175 juvenis
1294 2129 1368 2175 ipse
1389 2129 1514 2169 Paulo,
1534 2140 1701 2175 germano
1721 2140 1796 2169 suo,
1818 2128 1955 2174 placere
1974 2140 2044 2162 non

416 2195 573 2238 poterat;
594 2191 733 2226 tametsi
748 2191 842 2225 hunc
856 2191 984 2225 infimis
1004 2192 1109 2226 etiam
1128 2191 1302 2237 obsequiis
1321 2191 1476 2226 studeret
1494 2191 1666 2226 demereri
1688 2204 1694 2225 :
1712 2191 1935 2226 abalienabat
1953 2190 2044 2224 scili-

419 2257 474 2289 cet
491 2253 707 2287 voluntatem
726 2252 844 2287 fratris
865 2265 1000 2287 morum
1019 2257 1053 2288 et
1068 2253 1262 2288 studiorum
1276 2253 1366 2287 ratio
1382 2253 1522 2288 omnino
1541 2253 1732 2288 dissimilis.
1755 2253 1840 2291 Quae
1856 2252 1947 2286 domi
1966 2264 2044 2297 quae

422 2320 456 2350 et
476 2315 624 2350 Viennae
643 2316 828 2350 immerens
843 2315 1025 2361 pertulerit
1045 2316 1254 2357 Stanislaus,
1271 2319 1354 2350 nota
1367 2316 1443 2362 jam
1457 2316 1573 2355 nimis,
1594 2315 1780 2361 multisque
1795 2314 1898 2350 Pauli
1913 2314 2044 2349 abolita

421 2377 599 2425 lacrymis,
621 2378 746 2413 leviter
760 2379 1049 2424 perstringemus.

473 2440 553 2475 Jam
580 2440 758 2475 institutus
783 2440 1032 2486 grammaticis,
1056 2451 1148 2475 anno
1187 2440 1291 2479 1564,
1311 2440 1463 2475 aetatulae
1499 2451 1572 2475 suae
1606 2438 1725 2485 quinto
1759 2438 1907 2479 decimo,
1936 2439 2045 2485 poeti-

423 2515 472 2538 cis
496 2507 531 2539 et
557 2502 740 2538 rhetoricis
770 2502 995 2544 excolendus,
1018 2502 1191 2537 Viennam
1218 2514 1295 2537 cum
1328 2502 1437 2537 Paulo
1470 2506 1505 2538 et
1532 2502 1729 2549 paedagogo
1759 2501 1952 2537 Bielinskio
1984 2501 2044 2536 tri-
