<?xml version="1.0" encoding="UTF-8"?>
<!DOCTYPE html PUBLIC "-//W3C//DTD XHTML 1.0 Transitional//EN"
    "http://www.w3.org/TR/xhtml1/DTD/xhtml1-transitional.dtd">
<html xmlns="http://www.w3.org/1999/xhtml" xml:lang="en" lang="en">
 <head>
  <title>
</title>
<meta http-equiv="Content-Type" content="text/html;charset=utf-8" />
  <meta name='ocr-system' content='tesseract 3.04.00' />
  <meta name='ocr-capabilities' content='ocr_page ocr_carea ocr_par ocr_line ocrx_word'/>
</head>
<body>
  <div class='ocr_page' id='page_1' title='image "./lituanicarumsoci00rost_0218.png"; bbox 0 0 2184 2953; ppageno 0'>
   <div class='ocr_carea' id='block_1_1' title="bbox 413 285 1692 319">
    <p class='ocr_par' dir='ltr' id='par_1_1' title="bbox 413 285 1692 319">
     <span class='ocr_line' id='line_1_1' title="bbox 413 285 1692 319; baseline -0.002 -1"><span class='ocrx_word' id='word_1_1' title='bbox 413 286 472 319; x_wconf 84' lang='lat'>194</span> <span class='ocrx_word' id='word_1_2' title='bbox 799 286 1075 316; x_wconf 79' lang='lat' dir='ltr'><strong>LITUANICARUM</strong></span> <span class='ocrx_word' id='word_1_3' title='bbox 1098 285 1310 315; x_wconf 83' lang='lat' dir='ltr'><strong>SOCIETATIS</strong></span> <span class='ocrx_word' id='word_1_4' title='bbox 1332 285 1417 314; x_wconf 86' lang='lat' dir='ltr'>JESU</span> <span class='ocrx_word' id='word_1_5' title='bbox 1441 285 1692 316; x_wconf 82' lang='lat' dir='ltr'><strong>HISTORIARUM</strong></span> 
     </span>
    </p>
   </div>
   <div class='ocr_carea' id='block_1_2' title="bbox 240 377 2033 438">
    <p class='ocr_par' dir='ltr' id='par_1_2' title="bbox 240 377 2033 438">
     <span class='ocr_line' id='line_1_2' title="bbox 240 377 2033 438; baseline 0 -11"><span class='ocrx_word' id='word_1_6' title='bbox 240 377 305 404; x_wconf 86' lang='lat'>1600</span> <span class='ocrx_word' id='word_1_7' title='bbox 412 392 511 432; x_wconf 86' lang='lat' dir='ltr'>tidie,</span> <span class='ocrx_word' id='word_1_8' title='bbox 545 404 622 427; x_wconf 87' lang='lat' dir='ltr'>cum</span> <span class='ocrx_word' id='word_1_9' title='bbox 650 404 713 438; x_wconf 88' lang='lat' dir='ltr'>per</span> <span class='ocrx_word' id='word_1_10' title='bbox 730 392 967 427; x_wconf 87' lang='lat' dir='ltr'>valetudinem</span> <span class='ocrx_word' id='word_1_11' title='bbox 997 392 1131 431; x_wconf 85' lang='lat' dir='ltr'>liceret,</span> <span class='ocrx_word' id='word_1_12' title='bbox 1159 402 1287 436; x_wconf 78' lang='lat' dir='ltr'>magna</span> <span class='ocrx_word' id='word_1_13' title='bbox 1316 402 1393 424; x_wconf 87' lang='lat' dir='ltr'>cum</span> <span class='ocrx_word' id='word_1_14' title='bbox 1412 390 1596 426; x_wconf 89' lang='lat' dir='ltr'>devotione</span> <span class='ocrx_word' id='word_1_15' title='bbox 1629 392 1735 426; x_wconf 89' lang='lat' dir='ltr'>animi</span> <span class='ocrx_word' id='word_1_16' title='bbox 1766 392 1927 427; x_wconf 81' lang='lat' dir='ltr'>sacerdos</span> <span class='ocrx_word' id='word_1_17' title='bbox 1960 393 2033 427; x_wconf 89' lang='lat' dir='ltr'>Deo</span> 
     </span>
    </p>
   </div>
   <div class='ocr_carea' id='block_1_3' title="bbox 237 452 2043 1742">
    <p class='ocr_par' dir='ltr' id='par_1_3' title="bbox 237 452 2043 1742">
     <span class='ocr_line' id='line_1_3' title="bbox 411 452 2031 501; baseline 0.001 -13"><span class='ocrx_word' id='word_1_18' title='bbox 411 454 547 489; x_wconf 84' lang='lat' dir='ltr'>litabat.</span> <span class='ocrx_word' id='word_1_19' title='bbox 566 456 645 500; x_wconf 89' lang='lat' dir='ltr'>Ipse</span> <span class='ocrx_word' id='word_1_20' title='bbox 663 466 725 500; x_wconf 87' lang='lat' dir='ltr'>per</span> <span class='ocrx_word' id='word_1_21' title='bbox 744 466 780 489; x_wconf 92' lang='lat' dir='ltr'>se</span> <span class='ocrx_word' id='word_1_22' title='bbox 800 458 883 500; x_wconf 88' lang='lat' dir='ltr'>quot</span> <span class='ocrx_word' id='word_1_23' title='bbox 913 454 1014 488; x_wconf 88' lang='lat' dir='ltr'>annis</span> <span class='ocrx_word' id='word_1_24' title='bbox 1033 465 1133 487; x_wconf 81' lang='lat' dir='ltr'>suam</span> <span class='ocrx_word' id='word_1_25' title='bbox 1147 453 1320 487; x_wconf 85' lang='lat' dir='ltr'>lustrabat</span> <span class='ocrx_word' id='word_1_26' title='bbox 1338 452 1516 487; x_wconf 83' lang='lat' dir='ltr'>dioecesim</span> <span class='ocrx_word' id='word_1_27' title='bbox 1534 457 1607 488; x_wconf 89' lang='lat' dir='ltr'>tum</span> <span class='ocrx_word' id='word_1_28' title='bbox 1623 454 1696 489; x_wconf 85' lang='lat' dir='ltr'>sive</span> <span class='ocrx_word' id='word_1_29' title='bbox 1714 453 1870 489; x_wconf 86' lang='lat' dir='ltr'>initiaret</span> <span class='ocrx_word' id='word_1_30' title='bbox 1885 458 2031 501; x_wconf 80' lang='lat' dir='ltr'><strong>mystas,</strong></span> 
     </span>
     <span class='ocr_line' id='line_1_4' title="bbox 411 515 2038 563; baseline -0.001 -11"><span class='ocrx_word' id='word_1_31' title='bbox 411 517 484 552; x_wconf 84' lang='lat' dir='ltr'>sive</span> <span class='ocrx_word' id='word_1_32' title='bbox 511 517 689 552; x_wconf 87' lang='lat' dir='ltr'>dedicaret</span> <span class='ocrx_word' id='word_1_33' title='bbox 713 517 855 563; x_wconf 84' lang='lat' dir='ltr'>templa,</span> <span class='ocrx_word' id='word_1_34' title='bbox 880 517 952 551; x_wconf 86' lang='lat' dir='ltr'>sive</span> <span class='ocrx_word' id='word_1_35' title='bbox 982 516 1148 561; x_wconf 87' lang='lat' dir='ltr'>populum</span> <span class='ocrx_word' id='word_1_36' title='bbox 1174 515 1314 549; x_wconf 90' lang='lat' dir='ltr'>fidelem</span> <span class='ocrx_word' id='word_1_37' title='bbox 1350 520 1570 550; x_wconf 86' lang='lat' dir='ltr'>sacramento</span> <span class='ocrx_word' id='word_1_38' title='bbox 1597 517 1844 558; x_wconf 79' lang='lat' dir='ltr'>confirmaret3</span> <span class='ocrx_word' id='word_1_39' title='bbox 1878 521 1975 551; x_wconf 86' lang='lat' dir='ltr'>tanta</span> <span class='ocrx_word' id='word_1_40' title='bbox 2001 517 2038 551; x_wconf 90' lang='lat' dir='ltr'>id</span> 
     </span>
     <span class='ocr_line' id='line_1_5' title="bbox 411 577 2038 625; baseline -0.002 -10"><span class='ocrx_word' id='word_1_41' title='bbox 411 580 592 615; x_wconf 77' lang='lat' dir='ltr'>alacritate</span> <span class='ocrx_word' id='word_1_42' title='bbox 626 584 660 615; x_wconf 89' lang='lat' dir='ltr'>et</span> <span class='ocrx_word' id='word_1_43' title='bbox 689 580 858 625; x_wconf 71' lang='lat' dir='ltr'>religione</span> <span class='ocrx_word' id='word_1_44' title='bbox 885 578 1088 624; x_wconf 74' lang='lat' dir='ltr'>praestabat‚</span> <span class='ocrx_word' id='word_1_45' title='bbox 1123 582 1161 611; x_wconf 89' lang='lat' dir='ltr'>ut</span> <span class='ocrx_word' id='word_1_46' title='bbox 1192 577 1424 611; x_wconf 77' lang='lat' dir='ltr'>admiratione</span> <span class='ocrx_word' id='word_1_47' title='bbox 1455 578 1621 623; x_wconf 88' lang='lat' dir='ltr'>populum</span> <span class='ocrx_word' id='word_1_48' title='bbox 1660 578 1826 619; x_wconf 86' lang='lat' dir='ltr'>afficeret,</span> <span class='ocrx_word' id='word_1_49' title='bbox 1860 581 1963 624; x_wconf 89' lang='lat' dir='ltr'>atque</span> <span class='ocrx_word' id='word_1_50' title='bbox 1994 578 2038 612; x_wconf 86' lang='lat' dir='ltr'>ad</span> 
     </span>
     <span class='ocr_line' id='line_1_6' title="bbox 410 639 2039 686; baseline -0.002 -9"><span class='ocrx_word' id='word_1_51' title='bbox 410 654 564 677; x_wconf 88' lang='lat' dir='ltr'>amorem</span> <span class='ocrx_word' id='word_1_52' title='bbox 584 642 648 676; x_wconf 90' lang='lat' dir='ltr'>Dei</span> <span class='ocrx_word' id='word_1_53' title='bbox 663 646 697 677; x_wconf 89' lang='lat' dir='ltr'>et</span> <span class='ocrx_word' id='word_1_54' title='bbox 712 640 893 686; x_wconf 69' lang='lat' dir='ltr'>religionis</span> <span class='ocrx_word' id='word_1_55' title='bbox 913 639 1067 674; x_wconf 86' lang='lat' dir='ltr'>studium</span> <span class='ocrx_word' id='word_1_56' title='bbox 1083 639 1330 672; x_wconf 86' lang='lat' dir='ltr'>inflammaret.</span> <span class='ocrx_word' id='word_1_57' title='bbox 1351 639 1436 684; x_wconf 82' lang='lat' dir='ltr'>Ejus</span> <span class='ocrx_word' id='word_1_58' title='bbox 1452 639 1506 674; x_wconf 76' lang='lat' dir='ltr'>vel</span> <span class='ocrx_word' id='word_1_59' title='bbox 1522 639 1690 685; x_wconf 87' lang='lat' dir='ltr'>exemplis</span> <span class='ocrx_word' id='word_1_60' title='bbox 1702 640 1757 675; x_wconf 78' lang='lat' dir='ltr'>vel</span> <span class='ocrx_word' id='word_1_61' title='bbox 1776 639 1918 674; x_wconf 87' lang='lat' dir='ltr'>monitis</span> <span class='ocrx_word' id='word_1_62' title='bbox 1933 639 2039 674; x_wconf 88' lang='lat' dir='ltr'>etiam</span> 
     </span>
     <span class='ocr_line' id='line_1_7' title="bbox 408 700 2039 747; baseline -0.002 -8"><span class='ocrx_word' id='word_1_63' title='bbox 408 703 635 739; x_wconf 87' lang='lat' dir='ltr'>ecclesiarum</span> <span class='ocrx_word' id='word_1_64' title='bbox 653 707 833 738; x_wconf 76' lang='lat' dir='ltr'>curatores</span> <span class='ocrx_word' id='word_1_65' title='bbox 852 702 1007 741; x_wconf 86' lang='lat' dir='ltr'>excitati,</span> <span class='ocrx_word' id='word_1_66' title='bbox 1030 701 1235 746; x_wconf 74' lang='lat' dir='ltr'>dilig-entius</span> <span class='ocrx_word' id='word_1_67' title='bbox 1255 711 1319 734; x_wconf 89' lang='lat' dir='ltr'>sua</span> <span class='ocrx_word' id='word_1_68' title='bbox 1334 700 1477 735; x_wconf 88' lang='lat' dir='ltr'>obibant</span> <span class='ocrx_word' id='word_1_69' title='bbox 1492 713 1660 741; x_wconf 84' lang='lat' dir='ltr'>munera;</span> <span class='ocrx_word' id='word_1_70' title='bbox 1680 701 1851 736; x_wconf 78' lang='lat' dir='ltr'>coenobiis</span> <span class='ocrx_word' id='word_1_71' title='bbox 1870 701 2039 747; x_wconf 78' lang='lat' dir='ltr'>religiosa</span> 
     </span>
     <span class='ocr_line' id='line_1_8' title="bbox 410 762 2040 811; baseline -0.001 -13"><span class='ocrx_word' id='word_1_72' title='bbox 410 764 592 810; x_wconf 80' lang='lat' dir='ltr'>disciplina</span> <span class='ocrx_word' id='word_1_73' title='bbox 606 765 795 811; x_wconf 85' lang='lat' dir='ltr'>impensius</span> <span class='ocrx_word' id='word_1_74' title='bbox 810 763 1066 798; x_wconf 87' lang='lat' dir='ltr'>commendata.</span> <span class='ocrx_word' id='word_1_75' title='bbox 1086 763 1123 796; x_wconf 89' lang='lat' dir='ltr'>In</span> <span class='ocrx_word' id='word_1_76' title='bbox 1144 762 1306 796; x_wconf 88' lang='lat' dir='ltr'>omnibus</span> <span class='ocrx_word' id='word_1_77' title='bbox 1327 762 1383 796; x_wconf 90' lang='lat' dir='ltr'>his</span> <span class='ocrx_word' id='word_1_78' title='bbox 1404 763 1590 808; x_wconf 88' lang='lat' dir='ltr'>plurimum</span> <span class='ocrx_word' id='word_1_79' title='bbox 1610 765 1721 799; x_wconf 72' lang='lat' dir='ltr'>valuit</span> <span class='ocrx_word' id='word_1_80' title='bbox 1741 765 1793 799; x_wconf 90' lang='lat' dir='ltr'>sui</span> <span class='ocrx_word' id='word_1_81' title='bbox 1810 765 1966 800; x_wconf 86' lang='lat' dir='ltr'>suavitas</span> <span class='ocrx_word' id='word_1_82' title='bbox 1990 764 2040 797; x_wconf 92' lang='lat' dir='ltr'>in-</span> 
     </span>
     <span class='ocr_line' id='line_1_9' title="bbox 410 818 2039 874; baseline -0.002 -12"><span class='ocrx_word' id='word_1_83' title='bbox 410 828 505 874; x_wconf 82' lang='lat' dir='ltr'>genii</span> <span class='ocrx_word' id='word_1_84' title='bbox 515 832 549 863; x_wconf 92' lang='lat' dir='ltr'>et</span> <span class='ocrx_word' id='word_1_85' title='bbox 560 818 729 862; x_wconf 85' lang='lat' dir='ltr'>orationis</span> <span class='ocrx_word' id='word_1_86' title='bbox 744 826 974 861; x_wconf 87' lang='lat' dir='ltr'>mansuetudo</span> <span class='ocrx_word' id='word_1_87' title='bbox 986 839 992 866; x_wconf 89' lang='lat'>;</span> <span class='ocrx_word' id='word_1_88' title='bbox 1006 837 1084 871; x_wconf 74' lang='lat' dir='ltr'>quae</span> <span class='ocrx_word' id='word_1_89' title='bbox 1095 825 1180 858; x_wconf 86' lang='lat' dir='ltr'>satis</span> <span class='ocrx_word' id='word_1_90' title='bbox 1193 825 1269 870; x_wconf 84' lang='lat' dir='ltr'>ipsa</span> <span class='ocrx_word' id='word_1_91' title='bbox 1287 825 1517 860; x_wconf 78' lang='lat' dir='ltr'>acerbitatem</span> <span class='ocrx_word' id='word_1_92' title='bbox 1529 824 1688 870; x_wconf 80' lang='lat' dir='ltr'>quamvis</span> <span class='ocrx_word' id='word_1_93' title='bbox 1701 823 1895 858; x_wconf 82' lang='lat' dir='ltr'>edulcaret.</span> <span class='ocrx_word' id='word_1_94' title='bbox 1910 823 2039 858; x_wconf 87' lang='lat' dir='ltr'>Secun-</span> 
     </span>
     <span class='ocr_line' id='line_1_10' title="bbox 409 885 2039 935; baseline -0.003 -11"><span class='ocrx_word' id='word_1_95' title='bbox 409 890 490 924; x_wconf 86' lang='lat' dir='ltr'>dum</span> <span class='ocrx_word' id='word_1_96' title='bbox 517 890 628 924; x_wconf 86' lang='lat' dir='ltr'>Deum</span> <span class='ocrx_word' id='word_1_97' title='bbox 655 890 785 935; x_wconf 87' lang='lat' dir='ltr'>primas</span> <span class='ocrx_word' id='word_1_98' title='bbox 818 888 1011 922; x_wconf 87' lang='lat' dir='ltr'>officiorum</span> <span class='ocrx_word' id='word_1_99' title='bbox 1039 891 1157 933; x_wconf 85' lang='lat' dir='ltr'>partes</span> <span class='ocrx_word' id='word_1_100' title='bbox 1181 890 1323 922; x_wconf 88' lang='lat' dir='ltr'>senator</span> <span class='ocrx_word' id='word_1_101' title='bbox 1354 888 1431 933; x_wconf 88' lang='lat' dir='ltr'>pius</span> <span class='ocrx_word' id='word_1_102' title='bbox 1452 886 1631 921; x_wconf 79' lang='lat' dir='ltr'>tribuebat</span> <span class='ocrx_word' id='word_1_103' title='bbox 1650 885 1789 931; x_wconf 69' lang='lat' dir='ltr'>patriae.</span> <span class='ocrx_word' id='word_1_104' title='bbox 1813 885 1929 920; x_wconf 89' lang='lat' dir='ltr'>Multa</span> <span class='ocrx_word' id='word_1_105' title='bbox 1948 897 2039 920; x_wconf 88' lang='lat' dir='ltr'>com-</span> 
     </span>
     <span class='ocr_line' id='line_1_11' title="bbox 410 948 2037 996; baseline -0.002 -10"><span class='ocrx_word' id='word_1_106' title='bbox 410 951 525 986; x_wconf 89' lang='lat' dir='ltr'>munis</span> <span class='ocrx_word' id='word_1_107' title='bbox 544 962 652 986; x_wconf 88' lang='lat' dir='ltr'>causa</span> <span class='ocrx_word' id='word_1_108' title='bbox 677 951 758 985; x_wconf 87' lang='lat' dir='ltr'>boni</span> <span class='ocrx_word' id='word_1_109' title='bbox 777 950 848 996; x_wconf 81' lang='lat' dir='ltr'>egit</span> <span class='ocrx_word' id='word_1_110' title='bbox 867 949 1034 995; x_wconf 61' lang='lat' dir='ltr'>praeclare</span> <span class='ocrx_word' id='word_1_111' title='bbox 1055 961 1061 983; x_wconf 92' lang='lat'><strong>:</strong></span> <span class='ocrx_word' id='word_1_112' title='bbox 1083 948 1214 994; x_wconf 86' lang='lat' dir='ltr'>templa</span> <span class='ocrx_word' id='word_1_113' title='bbox 1241 949 1409 994; x_wconf 76' lang='lat' dir='ltr'>impensis</span> <span class='ocrx_word' id='word_1_114' title='bbox 1438 949 1510 983; x_wconf 91' lang='lat' dir='ltr'>suis</span> <span class='ocrx_word' id='word_1_115' title='bbox 1530 948 1586 983; x_wconf 89' lang='lat' dir='ltr'>vel</span> <span class='ocrx_word' id='word_1_116' title='bbox 1610 948 1789 993; x_wconf 66' lang='lat' dir='ltr'>reparavit</span> <span class='ocrx_word' id='word_1_117' title='bbox 1816 948 2037 987; x_wconf 58' lang='lat' dir='ltr'>collabentia⁸</span> 
     </span>
     <span class='ocr_line' id='line_1_12' title="bbox 408 1009 2042 1056; baseline -0.001 -10"><span class='ocrx_word' id='word_1_118' title='bbox 408 1013 465 1048; x_wconf 76' lang='lat' dir='ltr'>vel</span> <span class='ocrx_word' id='word_1_119' title='bbox 483 1025 574 1047; x_wconf 78' lang='lat' dir='ltr'>nova</span> <span class='ocrx_word' id='word_1_120' title='bbox 592 1024 613 1046; x_wconf 89' lang='lat' dir='ltr'>a</span> <span class='ocrx_word' id='word_1_121' title='bbox 631 1012 866 1047; x_wconf 82' lang='lat' dir='ltr'>fundamentis</span> <span class='ocrx_word' id='word_1_122' title='bbox 899 1011 1075 1046; x_wconf 86' lang='lat' dir='ltr'>excitavit.</span> <span class='ocrx_word' id='word_1_123' title='bbox 1099 1011 1137 1045; x_wconf 84' lang='lat' dir='ltr'>In</span> <span class='ocrx_word' id='word_1_124' title='bbox 1166 1010 1326 1056; x_wconf 80' lang='lat' dir='ltr'>Collegia</span> <span class='ocrx_word' id='word_1_125' title='bbox 1357 1009 1562 1050; x_wconf 83' lang='lat' dir='ltr'>Societatis‚</span> <span class='ocrx_word' id='word_1_126' title='bbox 1591 1010 1760 1044; x_wconf 87' lang='lat' dir='ltr'>Vilnense</span> <span class='ocrx_word' id='word_1_127' title='bbox 1788 1010 1821 1043; x_wconf 93' lang='lat' dir='ltr'>in</span> <span class='ocrx_word' id='word_1_128' title='bbox 1854 1010 1974 1055; x_wconf 89' lang='lat' dir='ltr'>primis</span> <span class='ocrx_word' id='word_1_129' title='bbox 2007 1014 2042 1045; x_wconf 81' lang='lat' dir='ltr'>et</span> 
     </span>
     <span class='ocr_line' id='line_1_13' title="bbox 409 1071 2035 1118; baseline -0.003 -9"><span class='ocrx_word' id='word_1_130' title='bbox 409 1075 636 1115; x_wconf 89' lang='lat' dir='ltr'>Lublinense‚</span> <span class='ocrx_word' id='word_1_131' title='bbox 674 1075 710 1109; x_wconf 90' lang='lat' dir='ltr'>in</span> <span class='ocrx_word' id='word_1_132' title='bbox 741 1075 930 1109; x_wconf 86' lang='lat' dir='ltr'>seminaria</span> <span class='ocrx_word' id='word_1_133' title='bbox 952 1072 1180 1108; x_wconf 68' lang='lat' dir='ltr'>instituendae</span> <span class='ocrx_word' id='word_1_134' title='bbox 1209 1072 1398 1118; x_wconf 83' lang='lat' dir='ltr'>juventuti,</span> <span class='ocrx_word' id='word_1_135' title='bbox 1438 1072 1474 1105; x_wconf 96' lang='lat' dir='ltr'>in</span> <span class='ocrx_word' id='word_1_136' title='bbox 1510 1071 1680 1112; x_wconf 84' lang='lat' dir='ltr'>coenobia,</span> <span class='ocrx_word' id='word_1_137' title='bbox 1712 1082 1881 1117; x_wconf 66' lang='lat' dir='ltr'>gynecaea</span> <span class='ocrx_word' id='word_1_138' title='bbox 1922 1082 2035 1111; x_wconf 83' lang='lat' dir='ltr'>sacra,</span> 
     </span>
     <span class='ocr_line' id='line_1_14' title="bbox 410 1133 2041 1183; baseline -0.003 -11"><span class='ocrx_word' id='word_1_139' title='bbox 410 1137 720 1183; x_wconf 78' lang='lat' dir='ltr'>orphanotrophia,</span> <span class='ocrx_word' id='word_1_140' title='bbox 737 1137 951 1176; x_wconf 77' lang='lat' dir='ltr'>nosocomia,</span> <span class='ocrx_word' id='word_1_141' title='bbox 974 1135 1246 1180; x_wconf 88' lang='lat' dir='ltr'>ptochotrophia</span> <span class='ocrx_word' id='word_1_142' title='bbox 1260 1134 1419 1168; x_wconf 82' lang='lat' dir='ltr'>fortunas</span> <span class='ocrx_word' id='word_1_143' title='bbox 1438 1145 1521 1167; x_wconf 89' lang='lat' dir='ltr'>suas</span> <span class='ocrx_word' id='word_1_144' title='bbox 1536 1133 1702 1179; x_wconf 84' lang='lat' dir='ltr'>profudit.</span> <span class='ocrx_word' id='word_1_145' title='bbox 1726 1133 1904 1168; x_wconf 82' lang='lat' dir='ltr'>Exhausto</span> <span class='ocrx_word' id='word_1_146' title='bbox 1919 1133 1965 1167; x_wconf 83' lang='lat' dir='ltr'>ita</span> <span class='ocrx_word' id='word_1_147' title='bbox 1977 1133 2041 1168; x_wconf 87' lang='lat' dir='ltr'>ali-</span> 
     </span>
     <span class='ocr_line' id='line_1_15' title="bbox 410 1194 2043 1244; baseline -0.003 -11"><span class='ocrx_word' id='word_1_148' title='bbox 410 1200 548 1244; x_wconf 85' lang='lat' dir='ltr'>quando</span> <span class='ocrx_word' id='word_1_149' title='bbox 563 1199 606 1232; x_wconf 87' lang='lat' dir='ltr'>ad</span> <span class='ocrx_word' id='word_1_150' title='bbox 627 1210 757 1244; x_wconf 85' lang='lat' dir='ltr'>paucos</span> <span class='ocrx_word' id='word_1_151' title='bbox 777 1209 937 1232; x_wconf 79' lang='lat' dir='ltr'>nummos</span> <span class='ocrx_word' id='word_1_152' title='bbox 958 1196 1098 1234; x_wconf 73' lang='lat' dir='ltr'>aerario,</span> <span class='ocrx_word' id='word_1_153' title='bbox 1125 1207 1202 1229; x_wconf 83' lang='lat' dir='ltr'>cuni</span> <span class='ocrx_word' id='word_1_154' title='bbox 1221 1202 1254 1230; x_wconf 87' lang='lat' dir='ltr'>et</span> <span class='ocrx_word' id='word_1_155' title='bbox 1278 1207 1334 1230; x_wconf 88' lang='lat' dir='ltr'>res</span> <span class='ocrx_word' id='word_1_156' title='bbox 1349 1196 1425 1241; x_wconf 83' lang='lat' dir='ltr'>ipsa</span> <span class='ocrx_word' id='word_1_157' title='bbox 1446 1200 1480 1230; x_wconf 94' lang='lat' dir='ltr'>et</span> <span class='ocrx_word' id='word_1_158' title='bbox 1501 1194 1655 1241; x_wconf 83' lang='lat' dir='ltr'>praefecti</span> <span class='ocrx_word' id='word_1_159' title='bbox 1683 1195 1842 1241; x_wconf 56' lang='lat' dir='ltr'>pecuniae</span> <span class='ocrx_word' id='word_1_160' title='bbox 1861 1200 2043 1230; x_wconf 88' lang='lat' dir='ltr'>monerent</span> 
     </span>
     <span class='ocr_line' id='line_1_16' title="bbox 409 1257 2042 1306; baseline -0.002 -11"><span class='ocrx_word' id='word_1_161' title='bbox 409 1261 613 1306; x_wconf 77' lang='lat' dir='ltr'>principem,</span> <span class='ocrx_word' id='word_1_162' title='bbox 635 1260 834 1306; x_wconf 84' lang='lat' dir='ltr'>ponendum</span> <span class='ocrx_word' id='word_1_163' title='bbox 854 1259 1056 1294; x_wconf 73' lang='lat' dir='ltr'>liberalitati</span> <span class='ocrx_word' id='word_1_164' title='bbox 1083 1257 1223 1291; x_wconf 89' lang='lat' dir='ltr'>modum</span> <span class='ocrx_word' id='word_1_165' title='bbox 1243 1269 1249 1291; x_wconf 80' lang='lat' dir='ltr'>z</span> <span class='ocrx_word' id='word_1_166' title='bbox 1273 1258 1347 1303; x_wconf 91' lang='lat' dir='ltr'>ipse</span> <span class='ocrx_word' id='word_1_167' title='bbox 1377 1258 1471 1291; x_wconf 82' lang='lat' dir='ltr'>Deus</span> <span class='ocrx_word' id='word_1_168' title='bbox 1499 1257 1575 1291; x_wconf 86' lang='lat' dir='ltr'>auri</span> <span class='ocrx_word' id='word_1_169' title='bbox 1594 1257 1744 1302; x_wconf 78' lang='lat' dir='ltr'>aerisque</span> <span class='ocrx_word' id='word_1_170' title='bbox 1767 1257 1951 1291; x_wconf 81' lang='lat' dir='ltr'>thesauros</span> <span class='ocrx_word' id='word_1_171' title='bbox 1979 1269 2042 1291; x_wconf 89' lang='lat' dir='ltr'>suo</span> 
     </span>
     <span class='ocr_line' id='line_1_17' title="bbox 408 1320 2042 1368; baseline 0 -12"><span class='ocrx_word' id='word_1_172' title='bbox 408 1322 488 1356; x_wconf 89' lang='lat' dir='ltr'>huic</span> <span class='ocrx_word' id='word_1_173' title='bbox 506 1333 640 1368; x_wconf 89' lang='lat' dir='ltr'>promo,</span> <span class='ocrx_word' id='word_1_174' title='bbox 659 1322 694 1356; x_wconf 92' lang='lat' dir='ltr'>in</span> <span class='ocrx_word' id='word_1_175' title='bbox 712 1321 828 1355; x_wconf 84' lang='lat' dir='ltr'>fundis</span> <span class='ocrx_word' id='word_1_176' title='bbox 848 1321 1017 1355; x_wconf 90' lang='lat' dir='ltr'>bonorum</span> <span class='ocrx_word' id='word_1_177' title='bbox 1043 1320 1298 1365; x_wconf 82' lang='lat' dir='ltr'>pontificalium</span> <span class='ocrx_word' id='word_1_178' title='bbox 1322 1332 1464 1355; x_wconf 88' lang='lat' dir='ltr'>suorum</span> <span class='ocrx_word' id='word_1_179' title='bbox 1492 1321 1738 1355; x_wconf 80' lang='lat' dir='ltr'>Kielcensibus</span> <span class='ocrx_word' id='word_1_180' title='bbox 1753 1321 1927 1361; x_wconf 82' lang='lat' dir='ltr'>conditos,</span> <span class='ocrx_word' id='word_1_181' title='bbox 1947 1325 2042 1367; x_wconf 84' lang='lat' dir='ltr'>pate-</span> 
     </span>
     <span class='ocr_line' id='line_1_18' title="bbox 410 1382 2036 1430; baseline -0.001 -12"><span class='ocrx_word' id='word_1_182' title='bbox 410 1384 501 1418; x_wconf 88' lang='lat' dir='ltr'>fecit.</span> <span class='ocrx_word' id='word_1_183' title='bbox 522 1384 732 1418; x_wconf 84' lang='lat' dir='ltr'>Societatem</span> <span class='ocrx_word' id='word_1_184' title='bbox 751 1382 868 1417; x_wconf 88' lang='lat' dir='ltr'>multis</span> <span class='ocrx_word' id='word_1_185' title='bbox 880 1388 914 1417; x_wconf 88' lang='lat' dir='ltr'>ot</span> <span class='ocrx_word' id='word_1_186' title='bbox 933 1384 1071 1417; x_wconf 86' lang='lat' dir='ltr'>ornavit</span> <span class='ocrx_word' id='word_1_187' title='bbox 1090 1384 1269 1425; x_wconf 83' lang='lat' dir='ltr'>laudibus,</span> <span class='ocrx_word' id='word_1_188' title='bbox 1283 1388 1318 1419; x_wconf 92' lang='lat' dir='ltr'>et</span> <span class='ocrx_word' id='word_1_189' title='bbox 1329 1384 1476 1418; x_wconf 81' lang='lat' dir='ltr'>munivit</span> <span class='ocrx_word' id='word_1_190' title='bbox 1490 1383 1678 1430; x_wconf 75' lang='lat' dir='ltr'>praesidiis,</span> <span class='ocrx_word' id='word_1_191' title='bbox 1698 1388 1731 1417; x_wconf 88' lang='lat' dir='ltr'>et</span> <span class='ocrx_word' id='word_1_192' title='bbox 1746 1383 1833 1418; x_wconf 85' lang='lat' dir='ltr'>fovit</span> <span class='ocrx_word' id='word_1_193' title='bbox 1847 1383 2036 1418; x_wconf 88' lang='lat' dir='ltr'>beneficiis.</span> 
     </span>
     <span class='ocr_line' id='line_1_19' title="bbox 242 1445 2038 1497; baseline -0.001 -16"><span class='ocrx_word' id='word_1_194' title='bbox 242 1463 366 1497; x_wconf 81' lang='lat' dir='ltr'>Sepultus</span> <span class='ocrx_word' id='word_1_195' title='bbox 457 1447 682 1481; x_wconf 87' lang='lat' dir='ltr'>Testamento</span> <span class='ocrx_word' id='word_1_196' title='bbox 718 1445 822 1485; x_wconf 77' lang='lat' dir='ltr'>cavit,</span> <span class='ocrx_word' id='word_1_197' title='bbox 862 1446 1187 1492; x_wconf 78' lang='lat' dir='ltr'>commendavitque</span> <span class='ocrx_word' id='word_1_198' title='bbox 1225 1447 1441 1487; x_wconf 84' lang='lat' dir='ltr'>executuris,</span> <span class='ocrx_word' id='word_1_199' title='bbox 1468 1452 1517 1487; x_wconf 83' lang='lat' dir='ltr'>ut,</span> <span class='ocrx_word' id='word_1_200' title='bbox 1557 1447 1613 1481; x_wconf 87' lang='lat' dir='ltr'>cui</span> <span class='ocrx_word' id='word_1_201' title='bbox 1649 1446 1780 1480; x_wconf 78' lang='lat' dir='ltr'>viventi</span> <span class='ocrx_word' id='word_1_202' title='bbox 1804 1447 1838 1480; x_wconf 92' lang='lat' dir='ltr'>in</span> <span class='ocrx_word' id='word_1_203' title='bbox 1875 1457 1952 1480; x_wconf 91' lang='lat' dir='ltr'>eam</span> <span class='ocrx_word' id='word_1_204' title='bbox 1976 1458 2038 1491; x_wconf 87' lang='lat' dir='ltr'>per</span> 
     </span>
     <span class='ocr_line' id='line_1_20' title="bbox 237 1499 2038 1565; baseline -0.001 -22"><span class='ocrx_word' id='word_1_205' title='bbox 237 1499 383 1565; x_wconf 41' lang='lat' dir='ltr'>{bctissffiig</span> <span class='ocrx_word' id='word_1_206' title='bbox 406 1514 520 1544; x_wconf 82' lang='lat' dir='ltr'>certas</span> <span class='ocrx_word' id='word_1_207' title='bbox 539 1509 693 1543; x_wconf 84' lang='lat' dir='ltr'>rationes</span> <span class='ocrx_word' id='word_1_208' title='bbox 718 1520 786 1542; x_wconf 87' lang='lat' dir='ltr'>non</span> <span class='ocrx_word' id='word_1_209' title='bbox 808 1508 918 1548; x_wconf 87' lang='lat' dir='ltr'>licuit,</span> <span class='ocrx_word' id='word_1_210' title='bbox 940 1513 1098 1542; x_wconf 83' lang='lat' dir='ltr'>mortuus</span> <span class='ocrx_word' id='word_1_211' title='bbox 1118 1510 1235 1554; x_wconf 81' lang='lat' dir='ltr'>utique</span> <span class='ocrx_word' id='word_1_212' title='bbox 1264 1509 1296 1542; x_wconf 88' lang='lat' dir='ltr'>in</span> <span class='ocrx_word' id='word_1_213' title='bbox 1318 1509 1499 1544; x_wconf 81' lang='lat' dir='ltr'>Sociorum</span> <span class='ocrx_word' id='word_1_214' title='bbox 1519 1520 1701 1543; x_wconf 89' lang='lat' dir='ltr'>commune</span> <span class='ocrx_word' id='word_1_215' title='bbox 1729 1508 1926 1554; x_wconf 86' lang='lat' dir='ltr'>sepulcrum</span> <span class='ocrx_word' id='word_1_216' title='bbox 1951 1509 2038 1543; x_wconf 89' lang='lat' dir='ltr'>reci-</span> 
     </span>
     <span class='ocr_line' id='line_1_21' title="bbox 407 1570 2038 1617; baseline 0.001 -12"><span class='ocrx_word' id='word_1_217' title='bbox 407 1575 562 1617; x_wconf 85' lang='lat' dir='ltr'>peretur.</span> <span class='ocrx_word' id='word_1_218' title='bbox 597 1571 718 1605; x_wconf 86' lang='lat' dir='ltr'>Funus</span> <span class='ocrx_word' id='word_1_219' title='bbox 740 1571 822 1604; x_wconf 89' lang='lat' dir='ltr'>boni</span> <span class='ocrx_word' id='word_1_220' title='bbox 849 1570 1028 1616; x_wconf 79' lang='lat' dir='ltr'>principis,</span> <span class='ocrx_word' id='word_1_221' title='bbox 1054 1571 1157 1616; x_wconf 83' lang='lat' dir='ltr'>jussu</span> <span class='ocrx_word' id='word_1_222' title='bbox 1184 1571 1374 1606; x_wconf 86' lang='lat' dir='ltr'>Clementis</span> <span class='ocrx_word' id='word_1_223' title='bbox 1394 1572 1494 1612; x_wconf 89' lang='lat' dir='ltr'><strong>VIII,</strong></span> <span class='ocrx_word' id='word_1_224' title='bbox 1517 1572 1658 1617; x_wconf 84' lang='lat' dir='ltr'>majoris</span> <span class='ocrx_word' id='word_1_225' title='bbox 1678 1571 1893 1606; x_wconf 87' lang='lat' dir='ltr'>celebritatis</span> <span class='ocrx_word' id='word_1_226' title='bbox 1918 1583 2038 1612; x_wconf 86' lang='lat' dir='ltr'>causa,</span> 
     </span>
     <span class='ocr_line' id='line_1_22' title="bbox 410 1632 2041 1679; baseline -0.001 -11"><span class='ocrx_word' id='word_1_227' title='bbox 410 1645 470 1679; x_wconf 89' lang='lat' dir='ltr'>per</span> <span class='ocrx_word' id='word_1_228' title='bbox 493 1634 569 1679; x_wconf 84' lang='lat' dir='ltr'>ipsa</span> <span class='ocrx_word' id='word_1_229' title='bbox 597 1633 765 1679; x_wconf 86' lang='lat' dir='ltr'>pontificii</span> <span class='ocrx_word' id='word_1_230' title='bbox 792 1633 905 1678; x_wconf 87' lang='lat' dir='ltr'>spatia</span> <span class='ocrx_word' id='word_1_231' title='bbox 932 1632 1055 1678; x_wconf 84' lang='lat' dir='ltr'>palatii</span> <span class='ocrx_word' id='word_1_232' title='bbox 1079 1633 1287 1674; x_wconf 85' lang='lat' dir='ltr'>deductum;</span> <span class='ocrx_word' id='word_1_233' title='bbox 1316 1645 1445 1679; x_wconf 71' lang='lat' dir='ltr'>magno</span> <span class='ocrx_word' id='word_1_234' title='bbox 1471 1633 1747 1674; x_wconf 79' lang='lat' dir='ltr'>omniumluctu,</span> <span class='ocrx_word' id='word_1_235' title='bbox 1770 1634 1804 1667; x_wconf 89' lang='lat' dir='ltr'>in</span> <span class='ocrx_word' id='word_1_236' title='bbox 1830 1634 1905 1668; x_wconf 78' lang='lat' dir='ltr'>aede</span> <span class='ocrx_word' id='word_1_237' title='bbox 1932 1634 2041 1668; x_wconf 89' lang='lat' dir='ltr'>nomi-</span> 
     </span>
     <span class='ocr_line' id='line_1_23' title="bbox 410 1695 2039 1742; baseline 0 -12"><span class='ocrx_word' id='word_1_238' title='bbox 410 1697 464 1730; x_wconf 83' lang='lat' dir='ltr'>nis</span> <span class='ocrx_word' id='word_1_239' title='bbox 483 1697 568 1731; x_wconf 84' lang='lat' dir='ltr'>Jesu</span> <span class='ocrx_word' id='word_1_240' title='bbox 593 1700 727 1736; x_wconf 87' lang='lat' dir='ltr'>nostra,</span> <span class='ocrx_word' id='word_1_241' title='bbox 752 1695 876 1729; x_wconf 62' lang='lat' dir='ltr'>Romae</span> <span class='ocrx_word' id='word_1_242' title='bbox 909 1695 1087 1729; x_wconf 86' lang='lat' dir='ltr'>conditum</span> <span class='ocrx_word' id='word_1_243' title='bbox 1120 1696 1167 1741; x_wconf 61' lang='grc' dir='ltr'>(Ι).</span> <span class='ocrx_word' id='word_1_244' title='bbox 1198 1696 1237 1729; x_wconf 93' lang='lat' dir='ltr'>In</span> <span class='ocrx_word' id='word_1_245' title='bbox 1258 1696 1406 1730; x_wconf 87' lang='lat' dir='ltr'>Polonia</span> <span class='ocrx_word' id='word_1_246' title='bbox 1425 1695 1565 1730; x_wconf 85' lang='lat' dir='ltr'>difficile</span> <span class='ocrx_word' id='word_1_247' title='bbox 1586 1700 1619 1730; x_wconf 87' lang='lat' dir='ltr'>et</span> <span class='ocrx_word' id='word_1_248' title='bbox 1643 1700 1745 1731; x_wconf 77' lang='lat' dir='ltr'>atrox</span> <span class='ocrx_word' id='word_1_249' title='bbox 1766 1700 1903 1742; x_wconf 91' lang='lat' dir='ltr'>tempus</span> <span class='ocrx_word' id='word_1_250' title='bbox 1926 1696 2039 1741; x_wconf 88' lang='lat' dir='ltr'>reipu-</span> 
     </span>
    </p>
   </div>
   <div class='ocr_carea' id='block_1_4' title="bbox 296 1719 326 1744">
    <p class='ocr_par' dir='ltr' id='par_1_4' title="bbox 296 1719 326 1744">
     <span class='ocr_line' id='line_1_24' title="bbox 296 1719 326 1744; baseline 0 0"><span class='ocrx_word' id='word_1_251' title='bbox 296 1719 326 1744; x_wconf 77' lang='lat'>18</span> 
     </span>
    </p>
   </div>
   <div class='ocr_carea' id='block_1_5' title="bbox 237 1756 2037 1830">
    <p class='ocr_par' dir='ltr' id='par_1_5' title="bbox 237 1756 2037 1830">
     <span class='ocr_line' id='line_1_25' title="bbox 237 1756 2037 1803; baseline 0.001 -13"><span class='ocrx_word' id='word_1_252' title='bbox 237 1765 365 1791; x_wconf 72' lang='lat' dir='ltr'>Pestileu-</span> <span class='ocrx_word' id='word_1_253' title='bbox 410 1758 511 1792; x_wconf 73' lang='lat' dir='ltr'>blicae</span> <span class='ocrx_word' id='word_1_254' title='bbox 564 1757 792 1803; x_wconf 83' lang='lat' dir='ltr'>Superiorum</span> <span class='ocrx_word' id='word_1_255' title='bbox 820 1756 1039 1791; x_wconf 77' lang='lat' dir='ltr'>sterilitatem</span> <span class='ocrx_word' id='word_1_256' title='bbox 1074 1768 1246 1791; x_wconf 90' lang='lat' dir='ltr'>annorum</span> <span class='ocrx_word' id='word_1_257' title='bbox 1283 1758 1405 1799; x_wconf 82' lang='lat' dir='ltr'>fames,</span> <span class='ocrx_word' id='word_1_258' title='bbox 1434 1758 1559 1792; x_wconf 87' lang='lat' dir='ltr'>famem</span> <span class='ocrx_word' id='word_1_259' title='bbox 1595 1762 1783 1792; x_wconf 81' lang='lat' dir='ltr'>consecuta</span> <span class='ocrx_word' id='word_1_260' title='bbox 1819 1758 2037 1803; x_wconf 83' lang='lat' dir='ltr'>pestilentia,</span> 
     </span>
     <span class='ocr_line' id='line_1_26' title="bbox 237 1804 384 1830; baseline 0.014 -2"><span class='ocrx_word' id='word_1_261' title='bbox 237 1804 384 1830; x_wconf 78' lang='lat' dir='ltr'>tialacerat</span> 
     </span>
    </p>
   </div>
   <div class='ocr_carea' id='block_1_6' title="bbox 236 1819 2042 1868">
    <p class='ocr_par' dir='ltr' id='par_1_6' title="bbox 236 1819 2042 1868">
     <span class='ocr_line' id='line_1_27' title="bbox 236 1819 2042 1868; baseline -0.001 -13"><span class='ocrx_word' id='word_1_262' title='bbox 236 1842 367 1868; x_wconf 78' lang='lat' dir='ltr'>civitates.</span> <span class='ocrx_word' id='word_1_263' title='bbox 411 1821 536 1855; x_wconf 83' lang='lat' dir='ltr'>misere</span> <span class='ocrx_word' id='word_1_264' title='bbox 562 1820 686 1854; x_wconf 88' lang='lat' dir='ltr'>afflixit</span> <span class='ocrx_word' id='word_1_265' title='bbox 713 1819 885 1853; x_wconf 83' lang='lat' dir='ltr'>civitates.</span> <span class='ocrx_word' id='word_1_266' title='bbox 914 1819 1075 1853; x_wconf 79' lang='lat' dir='ltr'>Exeunte</span> <span class='ocrx_word' id='word_1_267' title='bbox 1106 1819 1222 1853; x_wconf 80' lang='lat' dir='ltr'>sextili</span> <span class='ocrx_word' id='word_1_268' title='bbox 1242 1824 1410 1866; x_wconf 84' lang='lat' dir='ltr'>concepta</span> <span class='ocrx_word' id='word_1_269' title='bbox 1429 1821 1535 1865; x_wconf 84' lang='lat' dir='ltr'>pestis</span> <span class='ocrx_word' id='word_1_270' title='bbox 1557 1820 1759 1861; x_wconf 74' lang='lat' dir='ltr'>Varsaviae;</span> <span class='ocrx_word' id='word_1_271' title='bbox 1782 1820 1840 1854; x_wconf 88' lang='lat' dir='ltr'>ubi</span> <span class='ocrx_word' id='word_1_272' title='bbox 1865 1824 1938 1854; x_wconf 88' lang='lat' dir='ltr'>tum</span> <span class='ocrx_word' id='word_1_273' title='bbox 1958 1831 2042 1865; x_wconf 83' lang='lat' dir='ltr'>qua·</span> 
     </span>
    </p>
   </div>
   <div class='ocr_carea' id='block_1_7' title="bbox 237 1881 2042 2423">
    <p class='ocr_par' dir='ltr' id='par_1_7' title="bbox 237 1881 2042 2423">
     <span class='ocr_line' id='line_1_28' title="bbox 410 1881 2042 1927; baseline -0.001 -11"><span class='ocrx_word' id='word_1_274' title='bbox 410 1886 490 1917; x_wconf 88' lang='lat' dir='ltr'>tuor</span> <span class='ocrx_word' id='word_1_275' title='bbox 509 1894 527 1917; x_wconf 89' lang='lat' dir='ltr'>e</span> <span class='ocrx_word' id='word_1_276' title='bbox 547 1882 722 1916; x_wconf 82' lang='lat' dir='ltr'>Societatc</span> <span class='ocrx_word' id='word_1_277' title='bbox 747 1881 962 1920; x_wconf 79' lang='lat' dir='ltr'>sacerdotes,</span> <span class='ocrx_word' id='word_1_278' title='bbox 986 1884 1019 1914; x_wconf 86' lang='lat' dir='ltr'>et</span> <span class='ocrx_word' id='word_1_279' title='bbox 1038 1881 1106 1915; x_wconf 88' lang='lat' dir='ltr'>duo</span> <span class='ocrx_word' id='word_1_280' title='bbox 1141 1881 1321 1927; x_wconf 76' lang='lat' dir='ltr'>adjutores</span> <span class='ocrx_word' id='word_1_281' title='bbox 1346 1882 1425 1916; x_wconf 88' lang='lat' dir='ltr'>laici</span> <span class='ocrx_word' id='word_1_282' title='bbox 1455 1882 1667 1916; x_wconf 85' lang='lat' dir='ltr'>domicilium</span> <span class='ocrx_word' id='word_1_283' title='bbox 1693 1882 1858 1916; x_wconf 84' lang='lat' dir='ltr'>habuere.</span> <span class='ocrx_word' id='word_1_284' title='bbox 1882 1882 1929 1916; x_wconf 89' lang='lat' dir='ltr'>Hi</span> <span class='ocrx_word' id='word_1_285' title='bbox 1959 1893 2042 1927; x_wconf 88' lang='lat' dir='ltr'>ope-</span> 
     </span>
     <span class='ocr_line' id='line_1_29' title="bbox 410 1942 2041 1989; baseline 0 -11"><span class='ocrx_word' id='word_1_286' title='bbox 410 1956 485 1979; x_wconf 86' lang='lat' dir='ltr'>ram</span> <span class='ocrx_word' id='word_1_287' title='bbox 509 1945 655 1984; x_wconf 85' lang='lat' dir='ltr'>civitati‚</span> <span class='ocrx_word' id='word_1_288' title='bbox 677 1944 823 1989; x_wconf 85' lang='lat' dir='ltr'>dilapsis</span> <span class='ocrx_word' id='word_1_289' title='bbox 843 1947 937 1977; x_wconf 88' lang='lat' dir='ltr'>metu</span> <span class='ocrx_word' id='word_1_290' title='bbox 965 1942 1113 1988; x_wconf 84' lang='lat' dir='ltr'>periculi</span> <span class='ocrx_word' id='word_1_291' title='bbox 1146 1944 1398 1985; x_wconf 88' lang='lat' dir='ltr'>sacerdotibus,</span> <span class='ocrx_word' id='word_1_292' title='bbox 1420 1944 1647 1989; x_wconf 56' lang='lat' dir='ltr'>praebuerunt</span> <span class='ocrx_word' id='word_1_293' title='bbox 1670 1944 1860 1989; x_wconf 73' lang='lat' dir='ltr'>insignem.</span> <span class='ocrx_word' id='word_1_294' title='bbox 1886 1943 1943 1978; x_wconf 93' lang='lat' dir='ltr'>Illi</span> <span class='ocrx_word' id='word_1_295' title='bbox 1968 1947 2041 1978; x_wconf 88' lang='lat' dir='ltr'>tum</span> 
     </span>
     <span class='ocr_line' id='line_1_30' title="bbox 409 2005 2041 2052; baseline -0.001 -12"><span class='ocrx_word' id='word_1_296' title='bbox 409 2007 474 2052; x_wconf 89' lang='lat' dir='ltr'>ipsi</span> <span class='ocrx_word' id='word_1_297' title='bbox 502 2007 598 2041; x_wconf 80' lang='lat' dir='ltr'>obire</span> <span class='ocrx_word' id='word_1_298' title='bbox 617 2006 753 2052; x_wconf 84' lang='lat' dir='ltr'>plateas</span> <span class='ocrx_word' id='word_1_299' title='bbox 784 2005 1001 2050; x_wconf 86' lang='lat' dir='ltr'>domosque:</span> <span class='ocrx_word' id='word_1_300' title='bbox 1025 2009 1208 2050; x_wconf 83' lang='lat' dir='ltr'>exceptare</span> <span class='ocrx_word' id='word_1_301' title='bbox 1232 2006 1470 2041; x_wconf 87' lang='lat' dir='ltr'>confessiones</span> <span class='ocrx_word' id='word_1_302' title='bbox 1493 2019 1499 2040; x_wconf 89' lang='lat'>:</span> <span class='ocrx_word' id='word_1_303' title='bbox 1524 2006 1650 2040; x_wconf 87' lang='lat' dir='ltr'>adesse</span> <span class='ocrx_word' id='word_1_304' title='bbox 1683 2006 1900 2040; x_wconf 88' lang='lat' dir='ltr'>moribundis</span> <span class='ocrx_word' id='word_1_305' title='bbox 1923 2019 1929 2040; x_wconf 86' lang='lat'><strong>:</strong></span> <span class='ocrx_word' id='word_1_306' title='bbox 1952 2006 2041 2040; x_wconf 83' lang='lat' dir='ltr'>fame</span> 
     </span>
     <span class='ocr_line' id='line_1_31' title="bbox 238 2067 2042 2114; baseline 0.001 -14"><span class='ocrx_word' id='word_1_307' title='bbox 238 2087 370 2113; x_wconf 75' lang='lat' dir='ltr'>Sociorum</span> <span class='ocrx_word' id='word_1_308' title='bbox 412 2068 631 2114; x_wconf 84' lang='lat' dir='ltr'>pereuntium</span> <span class='ocrx_word' id='word_1_309' title='bbox 664 2079 794 2113; x_wconf 69' lang='lat' dir='ltr'>greges</span> <span class='ocrx_word' id='word_1_310' title='bbox 824 2067 1003 2111; x_wconf 78' lang='lat' dir='ltr'>colligere,</span> <span class='ocrx_word' id='word_1_311' title='bbox 1033 2071 1068 2101; x_wconf 88' lang='lat' dir='ltr'>et</span> <span class='ocrx_word' id='word_1_312' title='bbox 1096 2073 1284 2113; x_wconf 72' lang='lat' dir='ltr'>corrogata</span> <span class='ocrx_word' id='word_1_313' title='bbox 1315 2068 1404 2113; x_wconf 89' lang='lat' dir='ltr'>stipe</span> <span class='ocrx_word' id='word_1_314' title='bbox 1440 2072 1650 2102; x_wconf 87' lang='lat' dir='ltr'>sustentare.</span> <span class='ocrx_word' id='word_1_315' title='bbox 1682 2068 1808 2102; x_wconf 89' lang='lat' dir='ltr'>Alieno</span> <span class='ocrx_word' id='word_1_316' title='bbox 1838 2068 1990 2102; x_wconf 87' lang='lat' dir='ltr'>antehac</span> <span class='ocrx_word' id='word_1_317' title='bbox 2021 2079 2042 2102; x_wconf 88' lang='lat' dir='ltr'>a</span> 
     </span>
     <span class='ocr_line' id='line_1_32' title="bbox 237 2128 2041 2193; baseline -0.001 -29"><span class='ocrx_word' id='word_1_318' title='bbox 237 2128 357 2193; x_wconf 52' lang='grc' dir='ltr'>3ῖέξίῗίΐο</span> <span class='ocrx_word' id='word_1_319' title='bbox 413 2130 523 2164; x_wconf 85' lang='lat' dir='ltr'>Sociis</span> <span class='ocrx_word' id='word_1_320' title='bbox 543 2131 659 2164; x_wconf 83' lang='lat' dir='ltr'>animo</span> <span class='ocrx_word' id='word_1_321' title='bbox 678 2131 771 2165; x_wconf 81' lang='lat' dir='ltr'>cives</span> <span class='ocrx_word' id='word_1_322' title='bbox 800 2129 909 2164; x_wconf 88' lang='lat' dir='ltr'>fuisse</span> <span class='ocrx_word' id='word_1_323' title='bbox 929 2128 1155 2169; x_wconf 70' lang='lat' dir='ltr'>videbantur3</span> <span class='ocrx_word' id='word_1_324' title='bbox 1178 2129 1258 2163; x_wconf 89' lang='lat' dir='ltr'>inde</span> <span class='ocrx_word' id='word_1_325' title='bbox 1278 2130 1328 2164; x_wconf 92' lang='lat' dir='ltr'>illi</span> <span class='ocrx_word' id='word_1_326' title='bbox 1347 2134 1487 2164; x_wconf 85' lang='lat' dir='ltr'>nostros</span> <span class='ocrx_word' id='word_1_327' title='bbox 1507 2142 1569 2176; x_wconf 87' lang='lat' dir='ltr'>pro</span> <span class='ocrx_word' id='word_1_328' title='bbox 1602 2130 1806 2174; x_wconf 82' lang='lat' dir='ltr'>parentibus</span> <span class='ocrx_word' id='word_1_329' title='bbox 1825 2130 1898 2164; x_wconf 86' lang='lat' dir='ltr'>suis</span> <span class='ocrx_word' id='word_1_330' title='bbox 1922 2141 2041 2164; x_wconf 88' lang='lat' dir='ltr'>amare</span> 
     </span>
     <span class='ocr_line' id='line_1_33' title="bbox 237 2209 356 2235; baseline 0 -1"><span class='ocrx_word' id='word_1_331' title='bbox 237 2209 356 2235; x_wconf 83' lang='lat' dir='ltr'>ministe-</span> 
     </span>
     <span class='ocr_line' id='line_1_34' title="bbox 238 2248 2033 2300; baseline -0.001 -12"><span class='ocrx_word' id='word_1_332' title='bbox 238 2248 284 2273; x_wconf 78' lang='lat' dir='ltr'>ria.</span> <span class='ocrx_word' id='word_1_333' title='bbox 411 2257 525 2288; x_wconf 85' lang='lat' dir='ltr'>stante</span> <span class='ocrx_word' id='word_1_334' title='bbox 566 2253 760 2293; x_wconf 82' lang='lat' dir='ltr'>Poloniam,</span> <span class='ocrx_word' id='word_1_335' title='bbox 791 2252 903 2287; x_wconf 87' lang='lat' dir='ltr'>eidem</span> <span class='ocrx_word' id='word_1_336' title='bbox 935 2252 1058 2287; x_wconf 88' lang='lat' dir='ltr'>eadem</span> <span class='ocrx_word' id='word_1_337' title='bbox 1081 2256 1289 2298; x_wconf 81' lang='lat' dir='ltr'>tempestate</span> <span class='ocrx_word' id='word_1_338' title='bbox 1323 2253 1453 2288; x_wconf 88' lang='lat' dir='ltr'>bellum</span> <span class='ocrx_word' id='word_1_339' title='bbox 1485 2254 1628 2300; x_wconf 86' lang='lat' dir='ltr'>duplex,</span> <span class='ocrx_word' id='word_1_340' title='bbox 1662 2254 1743 2288; x_wconf 90' lang='lat' dir='ltr'>hinc</span> <span class='ocrx_word' id='word_1_341' title='bbox 1782 2265 1803 2287; x_wconf 92' lang='lat' dir='ltr'>a</span> <span class='ocrx_word' id='word_1_342' title='bbox 1834 2253 2033 2293; x_wconf 87' lang='lat' dir='ltr'>Vallachia,</span> 
     </span>
     <span class='ocr_line' id='line_1_35' title="bbox 412 2305 933 2349; baseline 0 -1"><span class='ocrx_word' id='word_1_343' title='bbox 412 2315 507 2349; x_wconf 91' lang='lat' dir='ltr'>illinc</span> <span class='ocrx_word' id='word_1_344' title='bbox 530 2325 551 2347; x_wconf 89' lang='lat' dir='ltr'>a</span> <span class='ocrx_word' id='word_1_345' title='bbox 571 2314 696 2348; x_wconf 84' lang='lat' dir='ltr'>Suecia</span> <span class='ocrx_word' id='word_1_346' title='bbox 716 2305 933 2349; x_wconf 83' lang='lat' dir='ltr'>imminebat.</span> 
     </span>
     <span class='ocr_line' id='line_1_36' title="bbox 460 2375 2031 2423; baseline 0 -12"><span class='ocrx_word' id='word_1_347' title='bbox 460 2377 656 2411; x_wconf 77' lang='lat' dir='ltr'>Vallachiae</span> <span class='ocrx_word' id='word_1_348' title='bbox 684 2376 870 2410; x_wconf 85' lang='lat' dir='ltr'>Palatinus</span> <span class='ocrx_word' id='word_1_349' title='bbox 894 2375 1048 2410; x_wconf 87' lang='lat' dir='ltr'>Michacl</span> <span class='ocrx_word' id='word_1_350' title='bbox 1084 2375 1282 2410; x_wconf 85' lang='lat' dir='ltr'>Simeonem</span> <span class='ocrx_word' id='word_1_351' title='bbox 1317 2376 1476 2423; x_wconf 78' lang='lat' dir='ltr'>Mohyla,</span> <span class='ocrx_word' id='word_1_352' title='bbox 1505 2378 1688 2423; x_wconf 87' lang='lat' dir='ltr'>expulsum</span> <span class='ocrx_word' id='word_1_353' title='bbox 1715 2389 1734 2412; x_wconf 92' lang='lat' dir='ltr'>e</span> <span class='ocrx_word' id='word_1_354' title='bbox 1766 2377 1965 2417; x_wconf 72' lang='lat' dir='ltr'>Vallacffia,</span> <span class='ocrx_word' id='word_1_355' title='bbox 1995 2381 2031 2411; x_wconf 85' lang='lat' dir='ltr'>et</span> 
     </span>
    </p>
   </div>
   <div class='ocr_carea' id='block_1_8' title="bbox 408 2437 2027 2485">
    <p class='ocr_par' dir='ltr' id='par_1_8' title="bbox 408 2437 2027 2485">
     <span class='ocr_line' id='line_1_37' title="bbox 408 2437 2027 2485; baseline -0.001 -12"><span class='ocrx_word' id='word_1_356' title='bbox 408 2440 512 2485; x_wconf 79' lang='lat' dir='ltr'>hujus</span> <span class='ocrx_word' id='word_1_357' title='bbox 543 2439 685 2473; x_wconf 87' lang='lat' dir='ltr'>fratrem</span> <span class='ocrx_word' id='word_1_358' title='bbox 714 2437 928 2471; x_wconf 83' lang='lat' dir='ltr'>Hieremiam</span> <span class='ocrx_word' id='word_1_359' title='bbox 960 2437 1150 2471; x_wconf 72' lang='lat' dir='ltr'>Moldaviae</span> <span class='ocrx_word' id='word_1_360' title='bbox 1182 2438 1388 2483; x_wconf 80' lang='lat' dir='ltr'>palatinum,</span> <span class='ocrx_word' id='word_1_361' title='bbox 1413 2439 1624 2474; x_wconf 81' lang='lat' dir='ltr'>Polonoruin</span> <span class='ocrx_word' id='word_1_362' title='bbox 1651 2440 1825 2479; x_wconf 83' lang='lat' dir='ltr'>clientem,</span> <span class='ocrx_word' id='word_1_363' title='bbox 1847 2440 1954 2473; x_wconf 82' lang='lat' dir='ltr'>arinis</span> <span class='ocrx_word' id='word_1_364' title='bbox 1974 2439 2027 2472; x_wconf 91' lang='lat' dir='ltr'>in-</span> 
     </span>
    </p>
   </div>
   <div class='ocr_carea' id='block_1_9' title="bbox 411 2191 2037 2237">
    <p class='ocr_par' dir='ltr' id='par_1_9' title="bbox 411 2191 2037 2237">
     <span class='ocr_line' id='line_1_38' title="bbox 411 2191 2037 2237; baseline -0.001 -11"><span class='ocrx_word' id='word_1_365' title='bbox 411 2196 444 2226; x_wconf 90' lang='lat' dir='ltr'>et</span> <span class='ocrx_word' id='word_1_366' title='bbox 486 2191 625 2226; x_wconf 79' lang='lat' dir='ltr'>colere:</span> <span class='ocrx_word' id='word_1_367' title='bbox 649 2191 729 2225; x_wconf 85' lang='lat' dir='ltr'>inde</span> <span class='ocrx_word' id='word_1_368' title='bbox 771 2191 864 2236; x_wconf 87' lang='lat' dir='ltr'>ipsos</span> <span class='ocrx_word' id='word_1_369' title='bbox 895 2191 1047 2224; x_wconf 83' lang='lat' dir='ltr'>civitatis</span> <span class='ocrx_word' id='word_1_370' title='bbox 1091 2202 1164 2225; x_wconf 57' lang='lat' dir='ltr'>suae</span> <span class='ocrx_word' id='word_1_371' title='bbox 1204 2196 1470 2226; x_wconf 86' lang='lat' dir='ltr'>conservatores</span> <span class='ocrx_word' id='word_1_372' title='bbox 1497 2192 1689 2237; x_wconf 85' lang='lat' dir='ltr'>appellare.</span> <span class='ocrx_word' id='word_1_373' title='bbox 1730 2192 1807 2226; x_wconf 88' lang='lat' dir='ltr'>Hoc</span> <span class='ocrx_word' id='word_1_374' title='bbox 1847 2191 1938 2226; x_wconf 88' lang='lat' dir='ltr'>malo</span> <span class='ocrx_word' id='word_1_375' title='bbox 1977 2203 2037 2225; x_wconf 88' lang='lat' dir='ltr'>va-</span> 
     </span>
    </p>
   </div>
   <div class='ocr_carea' id='block_1_10' title="bbox 452 2507 1135 2545">
    <p class='ocr_par' dir='ltr' id='par_1_10' title="bbox 452 2507 1135 2545">
     <span class='ocr_line' id='line_1_39' title="bbox 452 2507 1135 2545; baseline -0.003 -9"><span class='ocrx_word' id='word_1_376' title='bbox 452 2511 490 2545; x_wconf 74' lang='grc'>(1)</span> <span class='ocrx_word' id='word_1_377' title='bbox 509 2508 654 2544; x_wconf 67' lang='lat' dir='ltr'>Epitaphia</span> <span class='ocrx_word' id='word_1_378' title='bbox 671 2508 734 2535; x_wconf 82' lang='lat' dir='ltr'>vide</span> <span class='ocrx_word' id='word_1_379' title='bbox 752 2507 777 2534; x_wconf 86' lang='lat' dir='ltr'>in</span> <span class='ocrx_word' id='word_1_380' title='bbox 795 2507 947 2542; x_wconf 71' lang='lat' dir='ltr'>appendice</span> <span class='ocrx_word' id='word_1_381' title='bbox 964 2507 1045 2541; x_wconf 79' lang='lat' dir='ltr'>liujus</span> <span class='ocrx_word' id='word_1_382' title='bbox 1062 2507 1135 2534; x_wconf 82' lang='lat' dir='ltr'>libri.</span> 
     </span>
    </p>
   </div>
  </div>
 </body>
</html>
