2184 2953
837 293 1068 323 APPENDICES.
1695 290 1756 323 429

184 387 296 419 honore
328 390 360 421 et
389 389 487 431 gloria
529 391 750 424 internuntiis:
778 391 889 424 Joanni

188 433 329 474 Sapieha.
359 437 406 468 19.
429 437 546 469 Caetera
569 439 638 470 vide
664 440 719 470 lib.
750 439 889 480 inscript.

185 481 221 512 R.
263 482 297 514 P.
337 483 479 516 Matthiae
500 485 643 517 Casimiri
681 486 830 518 Sar-bievii
873 496 888 518 e

185 529 252 561 Soc.
263 530 285 562 J
287 539 341 562 esu
356 533 506 571 poemata,
525 542 558 564 ex
571 534 702 565 vetustis
716 536 887 566 manuscri-

1042 390 1115 431 ptis,
1141 389 1173 421 et
1198 389 1290 421 variis
1315 389 1484 426 codicillis,
1530 389 1605 421 olim
1630 388 1668 420 ab
1693 397 1750 420 au-

1042 437 1135 473 ctore,
1173 436 1368 468 dissimulato
1411 437 1533 468 nomine
1569 436 1671 475 editis,
1695 436 1748 467 de-

1042 485 1191 525 prompta.
1209 484 1308 524 Opera
1332 483 1374 515 M.
1389 484 1502 516 Adami
1526 483 1748 516 Naruszewicz.

1041 531 1152 566 Vilnae‚
1179 531 1269 563 1757.

196 588 404 640 Skarga‚
422 605 571 636 PETRUS,
594 595 723 641 scripta
736 608 814 642 quae
831 596 886 632 vel
903 597 939 632 in
952 595 1119 632 lituanica
1136 594 1192 630 vel
1217 594 1253 629 in
1279 594 1395 640 polon.
1418 595 1602 630 Provincia
1619 595 1727 631 edidit
1744 607 1751 629 :

167 680 173 685 .
206 656 287 688 Vitae
316 658 511 699 Sanctorum,
551 662 582 692 in
628 662 767 703 singulos
821 663 895 694 anni

185 702 382 737 diesAddita
397 706 580 739 documenta
591 708 629 740 ad
644 719 742 741 mores
759 710 893 741 forman-

184 751 238 782 dos
250 752 366 785 idonea.
386 755 414 784 2.
429 755 597 787 Annalium
616 757 893 789 ecelesiasticorum

185 799 265 831 card.
293 800 417 831 Bai-onii
432 802 530 833 tomos
555 803 616 834 XII
631 803 662 834 in
678 804 892 844 compendium

184 846 343 879 contraxit.
358 848 448 879 Edid.
466 849 611 888 polonice.
627 851 657 881 3.
673 851 838 883 Conciones
862 852 892 882 in

184 893 352 925 dominicos
376 895 439 926 dies
455 897 613 936 singulos:
639 898 667 928 4.
680 898 845 930 Conciones
860 899 892 929 in

184 950 288 972 omnes
304 941 368 973 dies
380 942 473 973 festos
492 957 496 972 :
525 944 552 974 5.
574 944 739 976 Coneiones
773 946 864 976 variae
883 955 890 976 :

183 988 331 1020 Kazam’a
342 990 540 1030 Przyqodne.
555 991 582 1022 6.
595 991 718 1031 Septem
730 992 891 1029 columnae,

185 1036 216 1066 in
229 1036 340 1075 quibus
366 1037 514 1068 fundatur
528 1038 678 1069 catholica
691 1039 767 1070 fides
790 1040 826 1070 de
839 1039 889 1070 Sa-

184 1085 338 1115 cramento
351 1085 532 1124 altarisQui
546 1085 623 1116 liber
635 1086 770 1126 polonice
783 1086 891 1118 deinde

184 1131 363 1168 translatus,
389 1132 421 1162 in
442 1134 560 1163 tomum
584 1134 727 1172 quartum
753 1133 888 1165 insertus

183 1179 238 1209 est.
253 1179 279 1208 7.
290 1179 347 1209 Pro
359 1178 412 1210 SS.
426 1179 622 1210 Eucharistia
634 1181 738 1211 contra
750 1181 890 1212 haeresim

183 1225 396 1265 Zvinglianam
414 1227 444 1256 et
458 1226 612 1257 Andream
629 1227 790 1258 Volanum.
806 1227 891 1259 Libri

184 1273 257 1303 tres.
275 1272 480 1309 Vilnae,1576.
496 1274 525 1304 8.
537 1274 629 1304 Artes
645 1273 706 1304 XII
719 1283 890 1305 sacramen-

183 1319 343 1356 tariorum,
378 1329 431 1350 seu
471 1320 888 1361 Zvinglio—Calvinistarum;

184 1365 295 1406 quibus
311 1368 495 1406 oppugnant,
512 1368 543 1398 et
554 1367 683 1398 totidem
694 1376 777 1398 arma
785 1369 890 1400 catho-

182 1413 323 1450 lieorum,
340 1413 450 1453 quibus
469 1415 662 1454 propugnant
692 1416 888 1453 praesentiam

183 1460 315 1499 corporis
326 1460 360 1491 1).
373 1461 411 1492 N.
421 1461 497 1492 Jesu
510 1460 625 1492 Christi
641 1461 670 1492 in
692 1461 889 1493 Eucharistia

183 1509 287 1539 contra
306 1507 469 1538 Volanum.
489 1507 598 1544 Vilnae,
615 1509 703 1539 1582.
722 1510 750 1539 9.
766 1509 838 1540 Vita
849 1510 884 1541 B.

183 1556 269 1587 doun.
279 1554 380 1586 Cantii
391 1556 421 1586 et
432 1554 584 1586 Casimiri.
596 1555 757 1587 lO.Contra
764 1556 887 1587 threnos

182 1603 214 1633 et
228 1602 479 1634 lamentationem
504 1603 640 1643 theologi
666 1602 834 1644 Orthologi,
847 1604 885 1635 ad

1043 661 1179 692 Rutenos
1192 660 1306 693 Graecae
1321 661 1479 701 religionis
1494 661 1623 693 cautela.
1638 662 1686 692 11.
1702 661 1751 691 In-

1043 708 1151 739 vitatio
1176 708 1213 739 ad
1233 707 1445 747 poenitentiam
1469 708 1639 739 incolarum
1663 708 1750 748 regni

1043 755 1108 786 Pol.
1121 756 1152 787 et
1167 755 1290 786 Lituan.
1311 755 1476 787 12.Concio
1488 755 1525 787 de
1538 756 1747 788 misericordia

1043 812 1095 843 pro
1152 802 1295 834 sodalitio
1340 802 1570 834 misericordiae.
1624 803 1747 834 Additae

1042 850 1187 882 lectiones
1199 849 1335 890 legendae
1347 850 1491 881 sodalitio
1506 850 1638 891 singulis
1649 850 1748 882 domi-

1042 897 1119 929 nicis
1134 906 1321 937 perannum,
1343 897 1429 929 1584.
1456 898 1504 928 13.
1523 897 1687 929 Conciones
1714 899 1750 929 de

1042 945 1159 985 septem
1170 944 1368 976 sacramentis
1378 944 1618 981 ecclesiae,1600.
1631 946 1678 975 14.
1692 945 1751 976 Mi-

1041 991 1140 1023 litaris
1157 991 1286 1029 devotio,
1313 1001 1366 1023 seu
1389 992 1540 1023 orationes
1567 994 1597 1022 et
1611 993 1748 1032 exempla

1040 1039 1169 1070 militari
1185 1040 1283 1070 ordini
1296 1040 1515 1071 convenientia.
1531 1039 1746 1071 Cracov.1606.

1043 1087 1091 1118 15.
1108 1087 1274 1127 Responsio
1289 1096 1342 1127 pro
1365 1086 1517 1118 Societate
1543 1086 1620 1118 Jesu
1646 1087 1750 1118 contra

1041 1134 1207 1165 articulum
1219 1133 1508 1165 Sendorniriensem.
1524 1134 1611 1165 1606.
1626 1134 1747 1165 16.Pr0-

1041 1182 1124 1213 batio
1139 1182 1301 1213 Societatis
1316 1182 1336 1214 J
1339 1191 1392 1213 esu
1407 1182 1512 1213 contra
1528 1181 1658 1213 eundem
1671 1182 1748 1213 arti-

1041 1228 1156 1260 culum.
1169 1229 1257 1260 1607.
1277 1228 1454 1269 17.Triplex
1469 1228 1605 1260 confusio
1622 1228 1751 1259 Ariano-

1040 1285 1120 1313 rum,
1137 1277 1242 1307 contra
1257 1275 1480 1317 Hieronymum
1490 1275 1745 1312 Moskorzevium,

1042 1324 1130 1355 1608.
1163 1324 1210 1355 18.
1228 1324 1358 1355 Messias
1383 1332 1530 1355 novorum
1565 1323 1749 1354 Arianorum

1040 1370 1211 1402 secundum
1233 1371 1419 1402 Alcoranum
1442 1370 1618 1402 Turcicum.
1637 1370 1750 1402 Contra

1040 1418 1181 1449 eundem.
1201 1418 1289 1449 1612.
1310 1418 1560 1458 19.Areopagus‚
1585 1427 1638 1449 seu
1663 1427 1749 1458 expo·

1039 1465 1110 1496 sitio
1136 1465 1297 1496 verborum
1323 1464 1353 1496 S.
1380 1465 1489 1502 Pauli;
1518 1465 1571 1505 qui
1587 1464 1745 1505 judicibus

1038 1511 1102 1542 illis
1117 1511 1306 1551 agnitionem
1324 1512 1416 1542 unius
1428 1511 1492 1542 veri
1515 1511 1573 1543 Dei
1586 1511 1746 1551 persuade-

1038 1559 1101 1590 bat.
1132 1560 1182 1591 20.
1209 1559 1363 1590 Francisci
1387 1558 1505 1590 Costeri
1539 1558 1683 1590 libellum
1710 1558 1748 1590 de

1036 1606 1080 1638 IV
1091 1606 1267 1638 novissimis
1284 1606 1375 1638 vertit
1390 1606 1421 1637 in
1444 1606 1638 1646 polonicum..
1658 1606 1746 1638 1606.

193 1661 489 1704 Schbnhoff,
512 1675 730 1705 GREGORIUS,
751 1665 849 1711 cujus
862 1665 1014 1712 elogium
1031 1667 1196 1703 historico
1215 1668 1386 1715 scripturo
1407 1671 1542 1715 partem
1560 1667 1751 1704 secundam

142 1717 391 1764 relinquimus;
417 1719 555 1765 scripsit
579 1719 719 1760 librum,
742 1721 797 1755 cui
815 1721 937 1756 titulus
956 1733 962 1756 :
1749 1721 1753 1722 ⁷

141 1779 380 1819 Praxisjubilaei
391 1780 505 1811 certius
522 1781 734 1820 consequendi.
761 1781 870 1817 Vilnze,
890 1783 978 1814 1651.

193 1828 264 1866 De
287 1826 434 1870 SOXO,
451 1840 681 1871 BENEDIGTUS,
700 1830 891 1876 Hispanus,
914 1842 1004 1872 eum,
1018 1834 1096 1877 post
1112 1831 1310 1878 praelectam
1328 1831 1543 1877 theologiam
1553 1831 1754 1877 accingeret

141 1895 178 1918 se
197 1884 241 1918 ad
261 1884 465 1919 Missionem
485 1885 781 1926 Indicam,litteris
801 1886 904 1920 Mutii
916 1886 1099 1921 Generalis
1110 1892 1253 1922 vocatus
1268 1887 1303 1922 in
1315 1887 1512 1922 Lituaniam
1530 1888 1624 1922 venit
1643 1888 1748 1923 1624.

144 1941 210 1975 Hie
228 1941 345 1987 plures
365 1953 475 1977 annos
494 1943 611 1977 docuit
640 1943 868 1988 theologiam,
891 1943 1031 1989 egitque
1059 1943 1172 1978 officia
1190 1943 1466 1990 procancellarii.
1491 1942 1576 1977 Cum
1594 1943 1753 1978 doctrina

142 1996 269 2030 eximia
283 1996 456 2042 insignem
475 1998 653 2043 conjunxit
668 1998 845 2044 pietatem.
864 1998 1040 2033 Orationis
1060 1998 1362 2044 diligentissimus,
1385 1998 1660 2033 studiosissimus
1675 1999 1754 2034 reli-

143 2052 254 2098 giosae
271 2052 476 2098 disciplina),
498 2053 544 2087 ad
563 2066 667 2099 quam
690 2054 857 2100 exemplis
885 2054 1054 2100 privatus,
1077 2058 1110 2089 et
1138 2055 1277 2089 monitis
1300 2054 1483 2100 impositus
1499 2054 1654 2100 Collegio
1680 2054 1754 2089 Vil-

144 2109 243 2143 nensi
273 2112 399 2150 rector,
434 2113 468 2143 et
497 2109 582 2144 alias
602 2110 778 2149 Patribus,
809 2110 866 2155 qui
893 2110 1032 2144 tertium
1051 2110 1117 2145 ritu
1137 2114 1254 2144 nostro
1284 2109 1489 2155 probantur,
1508 2109 1661 2145 Nesvisii
1680 2122 1751 2145 ma-

143 2164 266 2210 gister,
287 2165 505 2200 hortabatur.
535 2166 620 2200 Post
638 2170 784 2201 mortem
802 2165 905 2200 Mutii
924 2165 1052 2200 Gener.
1075 2166 1224 2201 Romam
1238 2177 1259 2200 a
1273 2165 1450 2211 provincia
1468 2165 1594 2201 missus
1609 2165 1752 2201 elector.

144 2220 306 2256 Mortuus
325 2220 525 2266 Antverpiae
548 2222 660 2263 16683
683 2222 820 2267 scripsit
838 2234 844 2256 :

187 2278 214 2308 1.
233 2277 448 2308 Institutiones
476 2277 496 2309 J
500 2277 562 2308 uris
600 2277 778 2317 generales,
795 2277 843 2308 tit.
864 2277 972 2309 Claves
983 2278 1003 2310 J
1007 2278 1078 2310 uris.
1097 2278 1184 2308 1648.
1203 2278 1231 2308 2.
1248 2276 1404 2316 Praecepta
1417 2273 1620 2316 grammatica
1634 2273 1750 2315 linguae

165 2324 302 2356 olonieae.

144 2333 163 2364 p
196 2370 491 2419 Smiglecki,
513 2383 708 2413 MARTINUS,
738 2372 835 2418 cujus
860 2372 982 2408 laudes
1019 2372 1173 2408 narrabit
1200 2371 1347 2417 scriptor
1373 2371 1455 2406 hist.
1486 2370 1751 2417 provincialium

144 2428 402 2474 polonicarum;
437 2432 596 2463 versatus
624 2428 658 2462 in
676 2428 830 2473 Collegio
863 2429 961 2463 acad.
992 2429 1118 2470 Vssnae,
1148 2427 1379 2474 philosophi-ee
1407 2426 1537 2462 ibidem
1569 2426 1752 2471 magister,

146 2483 254 2518 edidit
271 2483 363 2530 typis
382 2483 607 2518 Vilnensibus
627 2496 633 2517 :
657 2483 708 2518 De
723 2483 893 2529 dignitate
914 2483 994 2518 Filii
1023 2484 1099 2523 Dei,
1120 2484 1288 2518 adversus
1314 2481 1464 2517 Arianos
1477 2509 1485 2523 ‚
1520 2492 1611 2516 anno
1648 2481 1753 2518 1595.

147 2538 280 2575 Multos
297 2539 398 2581 alios,
415 2540 536 2586 plenos
556 2539 701 2575 salutari
720 2539 890 2580 doctrina,
909 2539 1017 2575 libros
1032 2539 1168 2588 scripsit
1188 2539 1224 2575 in
1239 2538 1401 2575 Polonia.
