2184 2953
621 304 724 332 LIBER
749 302 924 331 SEPTWMUS
948 300 1154 337 m6204630l
1657 292 1714 323 291

113 393 286 434 volutans,
308 393 342 427 in
371 404 447 428 eam
474 393 630 428 veritatis
657 393 777 428 incidit
799 393 922 433 lucem,
940 392 985 426 ad
1011 401 1114 437 quam
1132 388 1306 423 horrenda
1334 400 1406 422 suae
1438 390 1591 421 monstra
1611 388 1714 420 seotae

113 454 264 495 clarius,
309 465 411 500 quam
455 455 584 495 vellet,
635 455 858 501 conspiceret.
899 454 949 488 Eo
995 452 1124 486 lumine
1163 450 1261 496 quasi
1300 448 1437 494 fulgure
1472 448 1709 493 praestrictus,

112 515 213 550 simul
246 515 371 550 librum
414 516 523 551 iratus
558 516 592 550 in
629 528 753 562 rogum
783 515 933 562 conjicit,
972 513 1086 552 simul,
1136 522 1320 558 percussus
1357 510 1455 555 quasi
1491 509 1644 548 fulmine,
1677 508 1712 542 in

107 581 236 612 terram
287 577 428 618 labitur,
466 577 602 612 amissis
646 582 789 623 repente
832 577 989 612 sensibus
1032 575 1104 609 fere
1141 573 1310 608 omnibus.
1345 571 1523 606 Remediis
1570 571 1711 605 tentatis

108 639 250 678 frustra,
286 639 381 673 brevi
416 639 557 674 interiit.
604 639 656 673 Ea
687 639 793 685 plaga
824 638 982 673 haeredes
1014 638 1065 671 sui
1104 635 1282 670 domestici
1314 634 1420 668 nihilo
1457 633 1708 679 prudentiores,

107 700 245 741 librum,
266 712 339 735 suae
369 701 469 746 quasi
499 700 615 735 domui
646 701 798 742 fatalem,
820 712 921 746 quem
951 710 1049 734 urere
1075 698 1149 744 jam
1180 701 1394 734 vererentur,
1417 695 1449 728 in
1474 694 1652 740 angollum
1680 698 1713 728 et

107 762 310 808 quisquilias
328 762 505 808 abjiciunt.
531 764 569 797 In
589 763 758 808 abjectum
774 763 822 796 ita
837 761 957 796 incidit
970 762 1058 795 forte
1075 761 1201 805 hospes
1216 758 1405 793 catholicus
1421 770 1427 791 :
1448 757 1562 791 aufert
1576 756 1712 790 domum

105 835 216 863 suam,
239 823 376 858 domino
398 836 465 859 non
484 824 584 859 modo
603 836 672 859 non
699 824 820 865 invito,
850 824 911 858 sed
938 823 1026 857 ultro
1054 822 1157 856 etiam
1185 820 1362 855 offerente.
1386 819 1451 853 Hic
1482 819 1599 859 etiam,
1622 819 1712 863 quod

107 890 263 927 narrant,
285 886 420 920 mirum.
445 886 534 920 Dum
553 887 644 932 apud
663 887 753 920 hunc
784 885 990 920 catholicum
1017 883 1201 918 haereticus
1228 881 1386 922 conviva,
1408 885 1614 926 argumento
1634 880 1710 914 reli-

107 947 222 993 gionis
253 948 434 982 catholioae
465 947 576 982 obiter
602 947 704 987 lecto,
738 948 773 981 in
805 948 960 982 chartam
991 944 1281 980 conscindendam
1312 943 1338 978 it
1370 943 1556 989 unguibus,
1590 953 1711 977 manus

106 1013 248 1055 repente
280 1021 418 1055 spasmo
445 1009 682 1050 contrahitur;
706 1020 816 1054 neque
841 1009 937 1054 prius
967 1008 1145 1043 restitutus
1173 1010 1225 1041 est
1254 1018 1349 1047 usus,
1372 1017 1473 1051 quam
1497 1005 1590 1045 facti,
1620 1016 1712 1039 erro-

106 1071 222 1116 risque
252 1071 304 1105 sui
332 1071 366 1105 in
396 1073 490 1105 secta
516 1070 653 1116 perdita
681 1071 848 1111 diuturni,
878 1070 1065 1115 poenitens,
1099 1069 1304 1114 religionem
1336 1067 1538 1102 catholicam
1565 1067 1609 1101 sit
1636 1078 1710 1112 pro-

105 1132 237 1173 fessus;
277 1132 322 1166 ad
357 1142 459 1177 quam
494 1131 701 1166 domesticos
737 1131 828 1166 idem
859 1143 940 1166 suos
975 1135 1009 1166 et
1043 1130 1237 1176 complures
1269 1129 1433 1176 gregales
1464 1128 1518 1163 vel
1554 1128 1710 1175 exemplo

105 1193 255 1240 perpulit
280 1205 342 1229 suo
369 1194 424 1228 vel
455 1192 558 1228 etiam
583 1193 735 1228 hortatu.

375 1669 1410 1697 ——uQfflffl—Q-

1741 391 1804 417 1630

1742 432 1857 457 hmretici

1741 473 1885 506 percellun-

1741 514 1792 538 tur.
