2184 2953
637 297 740 325 LIBER
765 296 932 329 QUARTUS
953 297 1162 332 (timo-thou).
1694 298 1749 329 185

183 387 285 422 Anno
307 388 397 423 1597
414 388 453 423 P.
471 388 689 423 Bernardino
710 389 950 424 Confalonerio
970 389 1237 423 administrante
1273 390 1502 434 provinciam,
1534 391 1707 425 Pultoviae
1730 402 1751 424 a
1781 406 1844 432 1597

137 449 299 485 XXXIV
318 450 426 485 Sociis
445 450 620 485 celebrata
648 452 884 497 congregatio.
923 451 1054 485 Missus
1077 462 1120 486 ex
1151 462 1192 485 ea
1218 451 1367 485 Romam
1388 456 1592 496 procurator
1623 452 1754 487 Paulus
1831 452 1886 497 10⁴

136 512 286 546 Boksza.
304 512 429 547 Actum
448 513 482 546 111
498 513 583 547 urbe
607 514 755 548 maxime
776 513 818 548 de
841 513 1020 559 provincia
1039 513 1073 546 111
1091 513 1177 547 (11135
1196 517 1313 559 partes
1327 513 1528 548 dividenda.
1548 514 1617 549 Sed
1632 515 1754 561 partiri
1781 492 1909 564 {2112ssssng

137 573 201 608 fuit
218 573 356 608 difficile
375 587 381 608 :
407 575 585 608 Prussiam
602 575 762 610 Lituanis
781 587 867 616 suae,
885 587 958 609 suaa
978 575 1122 609 Polonis
1136 575 1280 610 attribui
1311 575 1514 620 provincite,
1548 577 1753 621 postulanti·
1782 571 1869 634 {ziiioe
1894 609 1924 634 de

135 635 199 670 bus
217 648 224 676 ;
243 635 333 681 quod
354 636 438 681 ipsis
458 636 602 677 nullum,
630 637 788 672 Lituanis
818 642 934 672 autem
962 637 1029 671 duo
1061 641 1163 672 erant
1196 638 1412 672 seminaria:
1446 637 1563 672 Vilnae
1590 638 1751 680 alterum,
1783 626 1927 674 dividenda

138 699 286 733 alterum
316 699 567 746 Bruusbergae.
599 702 818 748 Quapropter
851 713 1020 747 suspensa
1053 712 1108 736 res
1141 705 1215 742 est;
1255 701 1336 736 dato
1372 702 1516 747 negotio
1550 702 1756 748 dispiciendi
1784 695 1918 762 ξὲἳζὲῗωᾶ

138 764 246 796 status
266 765 299 796 et
317 761 466 796 faciendi
486 763 630 807 periculi
650 764 829 798 Friderico
849 763 1010 797 Bartscio
1029 775 1035 797 1
1059 763 1117 808 qui
1136 763 1275 797 interim
1290 764 1384 798 vices
1399 775 1592 809 munusque
1614 765 1754 810 provin-

138 823 237 858 cialis
257 823 440 864 obtineret,
464 824 720 865 Confalonerio,
743 825 880 870 utrique
899 825 990 871 parti
1010 825 1212 871 praeposito,
1231 825 1416 860 obnoxius.
1434 825 1489 860 Ne
1500 825 1643 860 Polonis
1658 837 1757 860 suum

138 885 397 920 desideraretur
431 887 668 926 seminarium,
698 887 732 920 id
775 886 959 933 Aquaviva
986 887 1084 922 duxit
1120 888 1308 922 Posnaniae
1344 887 1596 922 collocandum.
1630 888 1754 923 Mense

138 948 242 994 hujus
259 948 342 981 anni
359 948 523 993 januario
544 948 809 982 Confalonerius
828 948 933 994 Rigae
957 952 991 983 et
1009 949 1157 994 Dorpati
1178 949 1293 983 onmia
1312 949 1443 996 reperit
1462 949 1664 995 tranquilla.
1687 949 1756 984 Sed

140 1009 329 1055 Rigenses,
350 1021 458 1044 verno
477 1014 645 1056 tempore,
683 1011 732 1044 VI
757 1010 927 1044 kalendas
955 1011 1080 1057 majas,
1110 1023 1217 1057 prope
1245 1015 1332 1052 erat,
1364 1015 1402 1046 ut
1427 1011 1632 1046 interirent:
1667 1011 1756 1046 adeo
1785 1057 1815 1083 R*
1843 1018 1879 1082 llf
1908 1057 1916 1082 l

1809 1065 1857 1090 lgae
1878 1065 1934 1083 oeca

140 1072 249 1106 amnis
267 1072 382 1112 Duna,
406 1071 520 1106 soluta
535 1072 660 1117 glacie,
682 1073 878 1118 peregrinis
896 1076 1020 1107 auctus
1036 1073 1262 1114 torrentibus,
1286 1073 1471 1119 congelato
1500 1073 1643 1118 insuper
1670 1073 1757 1107 mari
1786 1099 1893 1125 eluvies.

139 1135 385 1180 impeditoque,
407 1145 474 1179 quo
495 1145 531 1168 se
551 1139 769 1175 exoneraret,
793 1135 904 1175 alveo,
928 1133 1131 1180 superfusus
1152 1139 1203 1170 est
1222 1149 1228 1176 ;
1250 1139 1389 1180 pontes,
1410 1135 1516 1175 valla,
1545 1135 1758 1170 anteriorem

140 1197 304 1232 moenium
320 1200 454 1242 partein
473 1196 607 1230 subruit
625 1209 631 1237 ;
658 1200 746 1231 tecta
765 1196 919 1241 corrupit
934 1196 1016 1238 alia,
1043 1197 1113 1231 alia
1133 1209 1249 1232 secum
1269 1198 1435 1243 corripuit
1452 1210 1459 1238 ;
1490 1197 1650 1244 perculsa
1677 1197 1759 1232 civi-

141 1263 213 1293 tate
231 1262 316 1299 tota,
339 1257 493 1304 nihilque
512 1258 639 1292 certius
659 1269 763 1303 quam
782 1270 882 1292 suum
901 1259 1080 1293 interitum
1100 1259 1337 1304 praestolante.
1363 1260 1452 1294 Tum
1475 1259 1612 1294 demum
1638 1259 1689 1293 illi
1714 1259 1761 1293 ad

142 1320 335 1366 Collegium
357 1320 537 1354 Sociorum
556 1331 675 1354 omnes
694 1331 916 1361 concurrere,
939 1324 1012 1354 tum
1042 1321 1199 1356 haeretici
1217 1322 1348 1367 pariter
1370 1325 1475 1367 atque
1490 1321 1652 1356 catholici
1675 1321 1761 1355 divi-

141 1396 222 1418 num
240 1395 366 1418 numen
387 1383 566 1428 deprecari
584 1396 590 1417 :
613 1395 723 1429 neque
745 1384 836 1417 enim
858 1387 947 1423 erat,
965 1395 1031 1430 quo
1051 1387 1110 1418 aut
1129 1395 1197 1430 qua
1212 1387 1438 1429 penetrarent
1466 1384 1501 1417 in
1528 1383 1660 1429 fugam,
1691 1383 1761 1417 elu-

141 1446 243 1480 vione
268 1445 421 1491 undique
447 1445 630 1490 repentina
656 1445 849 1480 interclusi.
884 1446 1025 1481 Cunctis
1053 1446 1089 1480 in
1129 1457 1171 1480 ea
1204 1445 1438 1491 trepidatione
1469 1444 1759 1491 supplicantibus,

141 1509 243 1544 citius
262 1521 364 1555 quam
388 1512 583 1555 sperarent,
609 1509 857 1555 colliquescere
876 1509 1026 1544 hiberna
1053 1510 1158 1543 maris
1177 1508 1349 1555 repagula
1364 1522 1371 1550 ;
1387 1509 1496 1543 relabi
1511 1509 1545 1543 in
1565 1521 1659 1550 suos,
1688 1509 1761 1555 jam

141 1569 283 1611 liberos,
310 1574 444 1604 meatus
463 1570 686 1612 interluvies;
714 1572 889 1617 respirare
921 1583 942 1605 a
969 1576 1061 1606 metu
1094 1572 1185 1606 cives
1216 1576 1250 1606 et
1279 1571 1523 1617 requiescere;
1555 1571 1762 1605 familiarius

143 1632 222 1667 inde
254 1632 303 1666 uti
336 1632 465 1666 nostris
495 1632 676 1667 haeretici:
707 1633 906 1679 frequentes
940 1645 980 1668 ex
1011 1634 1097 1668 urbe
1124 1637 1158 1668 et
1192 1633 1293 1679 pagis
1321 1633 1571 1667 catholicorum
1598 1632 1761 1678 templum

142 1694 279 1736 visere;
302 1695 471 1729 interesse
486 1695 673 1741 mysteriis,
696 1695 841 1730 laudare
862 1699 895 1729 et
910 1700 1101 1741 apparatus
1120 1707 1252 1735 sacros,
1288 1700 1322 1730 et
1348 1696 1581 1741 precationes,
1617 1700 1651 1730 et
1681 1706 1761 1729 con-

143 1758 273 1797 ciones,
304 1761 337 1791 et
371 1757 458 1791 ritus
486 1768 616 1792 omues.
648 1758 808 1798 Tirones,
849 1758 906 1803 qui
935 1758 968 1791 in
993 1757 1168 1792 domicilio
1185 1757 1333 1802 Collegii
1362 1758 1626 1795 exercebantur,
1661 1768 1763 1791 casus

143 1818 336 1864 Raphaelis
355 1818 590 1861 W'asilewicz,
608 1831 626 1854 e
642 1831 704 1853 suo
725 1819 955 1854 contubernio
972 1831 1080 1865 nuper
1096 1819 1245 1859 dimissi,
1277 1818 1509 1859 miserandus,
1540 1818 1575 1851 in
1603 1822 1762 1864 suscepto
1849 1837 1880 1863 12

144 1880 225 1915 vitae
244 1880 420 1926 religiosae
435 1881 579 1915 consilio
599 1882 828 1916 confirmavit,
852 1882 975 1916 Mense
996 1881 1054 1916 ille
1086 1893 1107 1915 a
1134 1881 1336 1916 dimissione
1365 1881 1499 1927 quinto,
1531 1881 1611 1914 dum
1636 1881 1762 1926 hospes
1790 1877 1933 1942 ggfflgssiitess

143 1944 233 1988 apud
254 1943 395 1977 fratrem
415 1944 616 1985 rusticatur,
638 1948 672 1978 et
686 1943 900 1978 caedentibus
916 1943 951 1977 in
973 1943 1072 1990 sylva
1087 1943 1220 1978 abietes
1240 1943 1377 1977 famulis
1397 1944 1529 1977 otiosus
1553 1947 1644 1978 astat
1662 1956 1669 1984 ;
1687 1954 1763 1977 suc-
1791 1956 1924 1983 interitus.

144 2005 217 2040 cisa
235 2005 351 2045 arbor,
373 2016 415 2039 ea
434 2005 591 2051 regione,
615 2017 682 2051 qua
700 2006 840 2040 minime
860 2010 1001 2051 putares
1031 2017 1203 2046 casuram,
1238 2010 1311 2040 tota
1341 2006 1375 2039 in
1404 2005 1657 2051 imprudentem
1678 2005 1760 2046 ruit,

144 2067 259 2113 itaque
290 2067 446 2107 conterit,
473 2070 511 2101 ut
541 2078 666 2113 corpus
692 2068 811 2102 miseri
837 2067 1012 2115 frustatim
1043 2067 1115 2113 legi
1148 2067 1319 2101 debuerit.
1345 2067 1403 2102 Sic
1420 2079 1483 2102 sua
1504 2067 1710 2113 amplissimi
1728 2067 1764 2102 in

144 2129 328 2164 Polocensi
347 2129 503 2167 dioecesi.
524 2129 569 2163 ad
590 2129 679 2175 quod
699 2141 735 2164 se
759 2118 881 2164 affines
902 2130 955 2163 sui
970 2141 988 2163 e
1009 2129 1184 2164 Societate
1204 2129 1407 2170 elicuerant,
1437 2129 1623 2164 sacerdotii
1652 2129 1761 2164 Rute-

143 2191 211 2225 nici
226 2190 397 2236 potiundi,
415 2202 625 2236 suorumque
646 2192 778 2237 pariter
805 2202 883 2236 spes
903 2191 1027 2225 occidit
1045 2204 1052 2231 ;
1075 2190 1196 2225 relicto
1216 2191 1266 2225 eis
1291 2190 1510 2232 documento,
1537 2190 1762 2236 qui,rsponte

144 2264 208 2288 sua
226 2254 298 2288 Deo
317 2254 353 2287 in
367 2257 459 2287 statu
478 2253 558 2288 vitae
577 2253 753 2299 religiosae
773 2253 914 2293 addicti,
949 2253 993 2287 ad
1020 2253 1205 2287 illecebras
1237 2253 1392 2298 profanis
1424 2254 1578 2293 relictas,
1601 2253 1760 2299 illasque,

144 2326 230 2360 quas
249 2315 420 2361 cupiditas
441 2320 675 2361 exaggeraret
691 2316 780 2361 ipsa,
805 2315 1063 2361 amplitudines,
1082 2315 1309 2360 respicerent.
1852 2346 1881 2371 13

194 2377 409 2412 Praeclarum
422 2377 525 2423 hujus
545 2378 732 2423 provinciae
757 2378 874 2412 lumen
902 2377 1088 2411 extinctum
1119 2377 1309 2417 Cracoviae,
1340 2377 1381 2410 P.
1411 2377 1565 2412 Jacobus
1587 2376 1758 2422 Vujekus,
1790 2385 1818 2410 P.
1829 2384 1918 2429 qacpbi

145 2439 259 2485 patria
277 2440 309 2473 V
312 2439 588 2485 angrovicensiS,
606 2439 722 2474 Vilnae
746 2439 826 2474 olim
852 2438 1041 2474 academici
1073 2439 1207 2473 Rector
1227 2438 1387 2484 Collegii.
1417 2439 1546 2474 Vivere
1574 2439 1703 2485 pariter
1722 2450 1762 2472 ac
1791 2423 1904 2495 Σὲὲῖξζῃ

145 2500 306 2536 laborare
324 2501 424 2536 desiit
452 2513 542 2535 nono
566 2501 735 2535 kalendas
766 2501 921 2541 sextiles,
950 2512 1060 2535 annos
1087 2506 1188 2535 natus
1209 2506 1340 2546 septem
1359 2504 1394 2535 et
1421 2500 1686 2547 quinquaginta,
1718 2511 1760 2534 ex

1596 2561 1628 2586 24
