2184 2953
643 290 749 319 LIBER
775 289 911 317 SEXTUS
936 288 1144 324 (1610-16020).
1669 285 1727 317 251

121 383 240 424 animi,
261 384 507 428 temperantia,
528 384 754 425 abstinentia,
772 395 888 418 rerum
908 393 1002 423 usus,
1022 384 1055 415 et
1074 381 1160 415 fides
1179 384 1322 426 experta
1353 381 1651 417 commendarunt.
1668 382 1732 416 Vir
1758 382 1901 447 &wforffs

121 445 262 483 stoicus,
285 445 438 479 moribus
456 445 620 491 antiquis,
644 445 917 480 assentationum
945 442 1138 484 fastidiens,
1161 442 1280 487 gravis
1307 453 1347 476 ac
1373 442 1530 488 simplex,
1552 443 1731 489 religionis
1759 429 1910 494 Piiiijijusgi,

122 505 233 540 cultor
251 506 564 541 constantissimus.
588 508 725 541 Primus
746 507 800 541 hic
818 507 853 540 in
872 505 1018 539 comitiis
1037 504 1138 549 regni
1155 503 1377 538 molientibus
1396 515 1457 538 sua
1470 504 1639 539 adversus
1654 505 1732 540 reli-

122 567 260 613 gionem
279 567 486 602 catholicam
505 568 681 603 haereticis
701 569 826 614 etipse
854 568 989 602 fortiter
1016 565 1154 605 restitit,
1188 569 1222 599 et
1244 565 1287 599 ad
1315 564 1557 610 profitendam,
1581 566 1733 611 juratam
1760 547 1907 616 fflxlilillaffi

122 629 208 669 Deo,
231 628 334 663 fidem
353 640 415 663 suo
436 630 599 664 excitavit
613 630 783 675 exemplo.
806 630 918 668 Quam
928 628 995 662 viri
1014 627 1244 661 constantiam
1260 637 1422 660 romanus
1438 626 1541 660 etiam
1558 627 1730 667 Pontifex,
1761 632 1878 673 Romano

123 691 213 725 datis
232 691 276 725 ad
296 691 474 725 Andrean]
495 692 632 732 litteris,
653 692 765 737 plenis
784 691 980 726 testimonio
1001 689 1093 735 grati
1113 689 1232 728 animi,
1255 688 1475 723 collaudavit.
1496 689 1683 734 Egcntium
1702 693 1735 723 et
1761 674 1897 734 ffiffifice,

123 752 357 798 subjectorum
376 758 474 798 pater
494 754 598 799 vulgo
620 754 864 800 appellabatur
882 765 887 787 :
910 754 957 786 ita
978 751 1109 786 scilicet
1124 762 1242 785 eorum
1263 751 1353 785 bona
1374 750 1590 796 salutemque
1612 763 1733 796 procu·
1761 750 1907 821 iiiiiiferum

122 814 235 848 rabat.
259 814 440 860 Sapientia
464 828 527 850 sua
545 816 591 849 ad
610 828 685 850 eam
706 816 882 850 hominum
902 813 1178 849 exstimationem'
1197 812 1401 853 dimanavit,
1425 816 1462 846 ut
1488 824 1557 846 non
1581 813 1634 847 sui
1657 817 1732 847 tan·
1760 828 1856 852 noetus
1879 834 1908 852 ac

124 880 196 910 tum
221 876 325 917 cives,
354 877 415 911 sed
443 877 521 912 Itali
549 879 664 918 etiam,
693 877 871 917 Germani,
902 876 1007 917 Galli,
1037 875 1198 921 Hispani,
1230 885 1404 920 proceres,
1425 874 1459 908 in
1488 874 1558 909 suis
1584 875 1732 920 negotiis
1761 874 1907 930 ἶᾶζίἒξέ·8ὺ

124 936 296 972 Polonum
320 938 412 973 hunc
439 939 531 974 irent
561 940 767 974 consultum.
798 940 893 973 Vixit
923 949 1033 973 annos
1061 937 1120 977 72,
1155 936 1295 976 caelebs,
1325 940 1359 971 et
1385 936 1489 971 laude
1516 937 1731 972 castimoniae
1761 944 1858 984 castus.

123 1010 228 1034 senex
247 1000 386 1034 omnino
405 1001 556 1046 integra.
580 1002 703 1040 Quoad
722 1001 819 1041 vixit,
842 1001 945 1036 certis
965 999 1117 1045 quotidie
1139 999 1235 1033 horis
1254 1003 1325 1033 tum
1344 999 1577 1033 meditabatur
1600 999 1729 1040 divina,
1760 981 1905 1047 ἕιξξξῌξῃί

121 1061 307 1107 propositis
327 1062 392 1096 sibi
419 1062 616 1097 christianae
636 1063 716 1097 vitae
735 1063 877 1104 officiis3
899 1067 985 1102 tum,
1007 1061 1205 1107 vespertino
1225 1061 1373 1095 maxime
1390 1064 1559 1107 tempore,
1582 1062 1734 1096 rationes
1760 1061 1904 1093 inspector.

122 1123 368 1169 cogitatorum,
391 1123 574 1165 dictorum,
605 1125 842 1170 factorumque
869 1136 890 1158 a
917 1135 953 1158 se
978 1123 1150 1168 exigebat.
1184 1123 1300 1158 Probe
1329 1123 1394 1157 sibi
1420 1124 1597 1169 cognitum
1628 1123 1732 1163 hunc,

121 1188 223 1230 atque
238 1185 326 1219 adeo
340 1184 558 1225 familiarem,
577 1187 704 1225 Petrus
721 1187 860 1231 Skarga
877 1197 969 1231 saepe
985 1185 1018 1218 in
1036 1185 1106 1219 suis
1123 1185 1259 1230 scriptis
1271 1184 1383 1219 virum
1398 1185 1549 1231 appellat
1562 1189 1731 1220 sanctum.

122 1245 350 1281 Existimator
370 1252 444 1282 erat
463 1252 497 1282 et
515 1248 677 1282 laudator
704 1248 857 1282 omnium
887 1247 1133 1292 religiosorum
1155 1246 1337 1287 Ordinum,
1356 1247 1537 1282 Societatis
1567 1251 1734 1293 patronus

120 1307 224 1342 etiam
243 1308 437 1344 munificus.
461 1309 509 1344 Ut
541 1310 689 1349 mittam,
720 1321 798 1355 quse
829 1309 864 1343 in
897 1309 1099 1343 Polonicam
1121 1309 1299 1343 Sociorum
1326 1310 1540 1355 provinciam
1567 1310 1733 1344 beneficia
1759 1302 1857 1327 Amans

120 1369 316 1410 contulerit,
349 1370 570 1405 Varsaviensi
591 1370 746 1416 Collegio
766 1374 897 1405 certam
921 1370 1077 1416 pecunia}
1102 1381 1270 1404 summani
1288 1374 1497 1406 testamento
1524 1372 1728 1417 assignavit.
1760 1341 1860 1409 {giggnsso

119 1431 231 1472 Alter,
253 1443 353 1477 quem
373 1443 479 1478 supra
497 1444 574 1467 cum
598 1432 663 1467 hoc
688 1433 956 1478 composuimuS,
979 1433 1134 1467 Joannes
1155 1432 1467 1474 Chociszewskius,
1490 1437 1524 1468 et
1549 1433 1622 1479 ipse
1646 1434 1731 1468 inte·
1758 1423 1866 1489 *1033ssss

120 1493 305 1539 gei-rimus,
327 1494 612 1540 religiosissimus
632 1495 809 1535 sacerdos,
832 1496 866 1529 in
886 1495 1136 1541 philosophicis
1160 1500 1194 1529 et
1220 1495 1425 1541 theologicis
1448 1497 1591 1542 egregie
1618 1508 1731 1531 versa-
1761 1501 1871 1544 cnosi-U

118 1558 173 1589 tus
196 1567 202 1589 τ
225 1555 269 1589 ad
292 1555 367 1590 haec
384 1556 562 1602 eloquens,
584 1557 682 1602 isque
701 1558 854 1591 moribus
874 1557 1138 1602 percommodis,
1160 1557 1354 1598 munificus,
1378 1557 1465 1603 pius.
1489 1558 1610 1592 Multis
1628 1559 1732 1593 rebus
1759 1547 1902 1605 ῖίΐέεᾞθ

118 1627 195 1650 cum
212 1616 316 1651 laude
335 1617 454 1663 gestis,
476 1618 619 1664 copiolis
640 1619 815 1653 nascentis
843 1619 981 1653 Lomsae
1001 1618 1159 1663 Collegii,
1179 1619 1283 1652 etiam
1312 1618 1532 1659 bibliotheca,
1558 1619 1645 1654 lecta
1671 1620 1731 1654 illa
1760 1622 1820 1646 rita.

118 1689 139 1712 a
164 1690 201 1713 se
229 1678 428 1724 diligenter,
462 1679 656 1714 liberaliter
674 1681 799 1721 auctis,
826 1681 913 1715 bene
933 1680 978 1714 ad
997 1681 1228 1715 {eternitatem
1247 1685 1479 1727 comparatus,
1502 1682 1592 1716 diem
1612 1693 1729 1728 supre-

118 1751 210 1775 mum
228 1740 315 1775 obiit
330 1741 512 1775 Varsaviae
530 1745 654 1787 quarto
674 1754 788 1776 nonas
802 1743 997 1788 januarias.

168 1802 284 1837 Crosis
309 1802 402 1837 Socii
421 1814 532 1848 nuper
558 1802 729 1843 collocati,
753 1804 829 1849 jan]
858 1815 971 1837 rerum
1001 1803 1290 1849 Samogiticarum
1317 1815 1385 1837 non
1414 1804 1462 1838 ita
1480 1804 1666 1850 peregrini,
1690 1805 1725 1838 in
1755 1799 1842 1866 ΟΥΟΞΞ
1857 1841 1888 1867 So

117 1864 212 1900 lucos
231 1866 375 1900 deorum
394 1867 574 1912 gentilium
600 1867 754 1906 intimos,
776 1872 808 1901 et
828 1867 1073 1901 obscurissima
1092 1867 1376 1913 superstitionum
1395 1868 1556 1909 claustra,
1579 1880 1724 1914 sagaces
1753 1879 1849 1905 ciorum
1862 1858 1900 1906 iaI

1754 1919 1827 1945 bores
1846 1920 1899 1946 fru-

118 1927 315 1962 mortalium
335 1933 531 1968 venatores,
555 1932 796 1973 penetrarunt.
818 1929 973 1963 Narrare
1001 1928 1068 1969 hic,
1088 1928 1164 1973 jam
1189 1929 1271 1962 alibi
1299 1928 1402 1969 dicta,
1429 1941 1724 1975 supervacaneum
1753 1958 1805 1991 gire
1808 1959 1828 1984 ri

117 1988 162 2022 sit
191 1988 314 2034 quibus
345 1990 483 2035 quantis
513 1989 693 2024 fraudibus
729 1990 1012 2030 circumventam,
1047 1990 1130 2024 mali
1162 1991 1337 2024 daemones
1368 1991 1530 2025 miseram
1561 1992 1725 2037 simplicis

117 2050 232 2095 gentis
257 2050 473 2096 plebeculam
491 2051 604 2085 adhuc
630 2052 815 2086 tenuerint.
848 2052 1014 2086 Excussae
1041 2052 1107 2086 hoc
1132 2063 1224 2086 anno
1251 2052 1385 2086 curiose
1406 2064 1523 2087 omnes
1541 2053 1724 2088 interiores

117 2111 225 2146 hostis
243 2111 386 2146 latebrae
408 2124 414 2146 :
438 2112 655 2158 deprehensa
680 2113 797 2147 multis
824 2113 922 2153 locis,
953 2113 981 2147 si
1001 2125 1114 2147 mores
1129 2117 1163 2147 et
1181 2113 1369 2159 religiones
1395 2114 1533 2148 homine
1564 2115 1725 2160 indignas
1754 2124 1863 2151 Deorum

118 2176 264 2218 spectes,
298 2174 505 2208 rusticorum
522 2174 643 2209 feritas
665 2187 671 2208 :
695 2179 845 2210 exsectae
865 2175 1043 2215 Pei-lunio,
1076 2175 1155 2209 Jovi
1184 2175 1233 2209 illi
1269 2175 1446 2216 lituanioe,
1465 2176 1600 2211 devotae
1624 2189 1724 2222 quer·
1746 2166 1881 2192 excidium.

118 2245 177 2268 cus
199 2246 206 2268 :
229 2233 322 2268 edita
348 2234 496 2281 insignis
524 2235 666 2270 deorum
686 2240 823 2282 strages
843 2249 849 2271 z
872 2236 997 2271 exinde
1024 2236 1088 2270 viri
1107 2248 1275 2282 senesque
1304 2237 1345 2271 ad
1372 2236 1618 2283 professionem
1644 2238 1722 2273 reli-

118 2296 231 2341 gionis
246 2297 391 2332 sincerae
406 2301 440 2332 et
458 2302 755 2332 sacramentorum
773 2310 871 2333 usum
888 2298 1017 2332 inducti
1041 2311 1046 2331 :
1069 2310 1191 2333 census
1211 2299 1356 2333 istorum
1376 2299 1527 2345 capitum
1541 2300 1586 2334 ad
1609 2301 1723 2346 sesqui

118 2368 178 2392 sex
204 2358 313 2393 millia
340 2359 414 2394 fuit.
440 2360 469 2394 E
489 2361 656 2406 gregibus
682 2360 762 2394 hinc
789 2361 946 2399 Lutlieri‚
964 2360 1057 2394 illinc
1090 2360 1236 2400 Calvini,
1255 2360 1394 2396 aliunde
1425 2361 1554 2402 Photii,
1582 2363 1653 2397 522
1680 2362 1724 2396 ad

117 2419 306 2455 Ecclesiam
317 2421 446 2455 Christi
457 2422 597 2456 retracti
610 2435 615 2456 :
628 2421 802 2456 Sodalitas
818 2422 987 2456 cultorum
998 2422 1202 2467 B.Virginis
1214 2422 1339 2457 Mariae
1348 2423 1500 2458 instituta
1511 2424 1543 2470 (1)
1555 2436 1562 2458 ;
1576 2423 1723 2458 infantes

158 2500 196 2538 (1)
220 2502 359 2531 Sodalitas
374 2503 506 2532 Mariana.
526 2504 613 2532 Senes
629 2504 770 2539 baptizati.
