2184 2953
443 311 500 342 118
801 313 1073 342 LlTUANlCARUM
1098 314 1311 342 SOCIETATIS
1333 314 1416 341 JESU
1443 314 1693 342 HlSTORIARUM

274 410 332 435 1584
443 418 459 431 α
481 416 616 440 morum
635 406 800 452 impendi.
828 407 927 445 Quod
957 407 985 441 si
1005 407 1123 451 justas
1144 406 1383 452 operariorum
1407 405 1529 440 liceret
1554 406 1717 440 continuo
1736 405 1867 441 habere
1893 406 2059 449 familias,

444 481 460 496 a
483 467 596 502 minus
624 472 716 502 esset
742 468 964 503 incommodi.
988 469 1057 503 Sed
1087 468 1228 514 explere
1243 469 1361 503 statim
1387 467 1559 513 Collegia‚
1580 468 1675 502 nullo
1698 468 1813 510 inodo,
1838 472 1875 502 ut
1894 481 1986 504 nunc
2005 481 2061 504 res

445 544 459 558 a
482 534 574 571 sunt,
595 529 696 565 licet:
717 531 878 577 primum,
902 531 993 576 quod
1009 543 1078 566 non
1099 535 1179 566 sunt
1193 535 1354 577 prompta
1373 530 1551 572 subsidia;
1578 530 1716 571 deinde,
1740 530 1834 576 quod
1851 535 1904 565 est
1923 531 2061 577 gravis-

445 605 460 620 a
487 592 624 633 simum,
646 593 737 639 quod
756 604 867 638 neque
886 593 1024 628 idoneae
1045 593 1145 627 nobis
1165 604 1276 638 neque
1303 592 1407 638 plane
1427 591 1508 626 ullae
1528 596 1716 637 suppetunt
1731 593 1842 637 copiae
1863 593 2058 629 Sociorum.

445 669 459 682 u
483 654 583 689 Nihil
596 654 657 695 ita,
679 666 740 689 rex
767 655 896 700 optime
923 655 968 701 (et
987 659 1069 689 ante
1089 655 1207 689 oculos
1230 659 1311 689 suut
1334 654 1436 700 plura
1456 654 1638 700 exempla),
1661 655 1748 689 nihil
1770 655 1819 689 ita
1841 667 1981 701 pessum
2001 656 2061 691 dat

447 732 461 746 α
484 717 728 752 auctoritatem
749 717 1008 763 religiosorum,
1026 717 1155 752 obterit
1179 717 1412 763 disciplinam,
1436 728 1550 751 mores
1570 717 1700 751 sensim
1719 719 1925 764 corrumpit,
1945 723 1981 754 ut
2000 719 2062 753 mi-

443 794 458 808 «
486 783 588 814 nutos
602 779 636 813 in
656 783 766 814 coetus
787 780 966 826 dissipatae
983 780 1138 814 familiae.
1154 780 1254 818 Quod
1274 780 1303 813 si
1318 779 1477 814 omnibus
1498 783 1551 813 est
1566 780 1706 814 noxium
1722 780 1923 821 ordinibus;
1942 786 2062 816 nostro

442 858 457 872 κ
484 847 591 882 certe,
610 843 664 877 cui
691 855 759 877 non
783 843 876 877 intra
906 846 1005 889 septa
1030 843 1223 884 latendum,
1246 843 1309 877 sed
1336 842 1577 889 prodeundum
1601 842 1636 876 in
1660 843 1769 877 solem
1793 844 1975 889 aciemque
1993 848 2059 884 est,

442 921 457 935 α
483 906 682 952 pestiferum
699 905 803 951 plane
821 910 885 940 est.
905 905 989 943 Quis
1008 905 1146 946 melius,
1169 917 1274 951 quam
1288 910 1348 940 tua
1368 905 1534 951 majestas
1553 905 1731 951 intelligit,
1747 906 1862 940 valido
1889 906 2061 941 exercitui

442 982 457 996 α
480 968 679 1003 enervando
713 967 799 1001 nihil
827 978 904 1002 esse
938 967 1163 1013 praesentius,
1197 978 1299 1013 quani
1342 967 1371 1001 si
1411 967 1444 1000 in
1478 967 1625 1012 exiguas
1658 967 1852 1013 discerptus
1884 968 2059 1007 cohortes,

439 1045 453 1058 α
476 1030 511 1064 111
538 1030 654 1064 varias
673 1028 858 1074 ablegetur
888 1029 1108 1074 provincias.²
1139 1029 1185 1063 At
1216 1029 1309 1063 enim
1336 1028 1392 1063 hic
1420 1029 1517 1063 locus
1546 1028 1777 1075 periclitatur,
1800 1034 1833 1064 et
1864 1029 1924 1064 ille
1957 1029 2059 1069 alter,

439 1108 454 1122 α
476 1093 628 1138 itemque
658 1092 784 1126 tertius
807 1104 813 1125 :
835 1095 941 1137 atque
971 1091 1027 1126 hic
1059 1092 1147 1125 bene
1182 1091 1329 1137 gerendi
1348 1102 1421 1125 rem
1447 1091 1602 1136 alibique
1630 1090 1775 1125 offertur
1795 1092 1955 1133 occasio;
1978 1103 2061 1126 num

438 1154 583 1200 “igitur
605 1154 758 1200 prudens
785 1153 867 1189 belli
902 1154 1094 1199 imperator
1130 1165 1226 1199 spem
1254 1153 1405 1199 partium
1437 1164 1609 1187 summam
1641 1153 1676 1187 in
1707 1154 1905 1199 periculum
1938 1153 2061 1188 dabit?

438 1231 452 1245 κ
480 1217 659 1251 Praeterea
691 1216 790 1251 nobis
817 1216 911 1250 haud
946 1216 1084 1262 privata
1111 1227 1230 1256 causa,
1253 1215 1314 1250 sed
1333 1215 1378 1249 ad
1399 1214 1560 1249 effectum
1591 1226 1724 1254 eorum,
1744 1227 1822 1260 quae
1850 1219 2058 1257 tractamus,

436 1294 450 1308 α
473 1279 675 1313 necessaria
689 1283 742 1313 est
759 1279 939 1313 hominum
956 1278 1202 1313 benevolentia
1220 1282 1324 1323 atque
1344 1277 1567 1312 existimatio.
1591 1277 1637 1312 At
1656 1288 1773 1312 rerum
1792 1278 1957 1324 imperiti,
1979 1278 2061 1313 dum

436 1357 450 1370 a
473 1341 592 1376 vident
607 1344 679 1374 tam
694 1340 816 1381 inulta,
835 1345 967 1386 quanta
983 1352 1069 1386 opus
1090 1344 1171 1374 sunt
1189 1339 1235 1374 ad
1250 1351 1420 1374 novorum
1433 1339 1660 1374 fundamenta
1677 1338 1915 1385 Collegiorum
1928 1339 2058 1382 addici,

436 1418 451 1432 α
475 1415 542 1438 11011
563 1402 675 1437 solum
693 1402 865 1443 haeretici,
883 1414 1004 1438 verum
1024 1403 1127 1437 etiam
1142 1402 1319 1443 catholici,
1342 1414 1409 1436 non
1426 1402 1461 1436 in
1481 1413 1522 1437 ea
1545 1402 1663 1437 vocari
1683 1413 1761 1443 nos,
1784 1402 1846 1437 sed
1866 1402 2060 1448 irrumpere

436 1480 451 1495 ιε
474 1465 921 1511 interpretantur.Quidam
943 1465 1062 1505 odere,
1081 1466 1172 1510 quod
1191 1470 1333 1511 sperata
1352 1465 1418 1499 sibi
1442 1465 1534 1500 bona
1551 1464 1732 1500 interverti
1747 1468 1883 1510 putant.
1902 1465 2060 1511 Denique

438 1544 452 1558 α
474 1527 580 1574 vulgo
599 1528 672 1563 fere
687 1538 821 1568 omneS,
841 1539 909 1562 non
938 1528 1134 1562 animarum
1158 1528 1270 1573 magis
1295 1538 1372 1568 nos,
1390 1538 1493 1573 quam
1514 1527 1741 1573 pecuniarum
1769 1527 1892 1561 avidos
1906 1528 2057 1573 Jactant.

437 1605 452 1620 α
479 1591 569 1625 Tum
588 1602 669 1625 vero
693 1590 774 1635 quid
798 1589 979 1635 reliquum,
1004 1590 1070 1624 nisi
1085 1593 1122 1624 ut
1138 1601 1283 1635 quorum
1303 1590 1374 1623 vita
1398 1589 1487 1636 (jure
1512 1601 1573 1624 seu
1600 1589 1741 1635 injuria,
1763 1589 1907 1634 perinde
1924 1589 1981 1624 hic
1996 1590 2060 1637 est)

436 1668 452 1682 α
479 1653 681 1699 despicitur,
709 1664 828 1687 eorum
847 1656 881 1687 et
905 1652 1064 1686 doctrina
1080 1651 1283 1698 repudietur
1294 1652 1307 1686 ‘3
1325 1652 1445 1697 Itaque
1469 1650 1710 1697 amplexantes
1727 1655 1799 1685 toto
1818 1652 1935 1686 animo
1960 1663 2059 1687 oscu—

437 1731 452 1745 ιι
478 1716 662 1761 lantesque
690 1716 782 1749 hanc
811 1719 881 1749 ture
900 1714 1094 1761 majestatis
1122 1725 1206 1760 erga
1235 1725 1297 1748 nos
1316 1714 1535 1753 charitatem,
1562 1716 1597 1747 et
1622 1713 1688 1747 hoc
1708 1713 1888 1758 singulare
1911 1714 2060 1760 juvandi

437 1793 452 1807 κ
474 1778 622 1824 populos
653 1778 807 1812 studium¹
839 1780 1060 1816 venerantes,
1082 1788 1266 1822 precamur
1286 1775 1328 1811 'et
1346 1776 1574 1815 obtestamur,
1596 1778 1633 1809 ut
1653 1774 1794 1809 Ordinis
1809 1776 1912 1822 hujus
1931 1776 2006 1816 tibi,
2029 1777 2058 1811 si

435 1855 450 1869 u
474 1852 543 1875 non
570 1840 665 1874 aliud
693 1839 921 1874 addictissimi
940 1839 1185 1885 patrocinium,
1210 1838 1302 1883 quod
1324 1837 1520 1877 instituisti,
1542 1837 1632 1871 tueri
1653 1848 1795 1883 pergas,
1812 1849 1874 1883 pro
1895 1841 2059 1884 certoque

433 1918 448 1931 α
472 1903 617 1942 habeas,
638 1905 719 1936 tunc
734 1905 828 1937 recte
852 1913 915 1935 nos
934 1901 1156 1936 consulturos
1172 1899 1366 1935 rationibus
1389 1899 1548 1945 publicis,
1576 1910 1654 1933 cum
1672 1898 1771 1945 leges
1795 1900 2053 1935 servaverimus

433 1980 448 1993 α
471 1969 631 2005 nostras;
652 1968 725 1998 tum
740 1964 809 1998 tuis
824 1963 925 1998 bonis
944 1964 1033 1997 votis
1053 1964 1182 2009 optime
1202 1973 1446 2008 responsuros,
1465 1972 1543 1996 cum
1566 1961 1631 2007 ipsi
1646 1960 1813 1996 fuerimus
1829 1961 1962 2008 optimi.
1987 1979 2002 1993 η

480 2027 593 2061 Haesit
625 2026 834 2061 deliberanti
854 2026 977 2060 similis
997 2037 1071 2066 rex,
1100 2029 1133 2060 et
1160 2024 1253 2071 quod
1272 2036 1313 2059 ex
1340 2024 1415 2069 ipso
1444 2023 1565 2057 habitu
1586 2023 1657 2057 oris
1677 2023 1865 2065 eminebat,
1894 2024 2056 2059 oratione

429 2090 596 2135 Campani
624 2089 862 2135 perturbatus.
885 2088 1010 2122 Vereri
1039 2092 1170 2127 orator,
1194 2098 1236 2121 110
1268 2085 1350 2132 quid
1373 2086 1461 2120 forte
1484 2085 1682 2131 peccaverit
1709 2085 1742 2119 in
1771 2085 2056 2120 benevolentiam

428 2151 596 2198 principis
626 2151 771 2185 liberior
802 2162 866 2184 sua
899 2149 1112 2196 deprecatio.
1135 2149 1308 2194 Utrinque
1334 2148 1415 2182 hinc
1442 2146 1506 2181 fuit
1534 2147 1732 2187 silentium;
1765 2158 1805 2182 ac
1836 2147 2055 2193 Stephanum

429 2214 568 2260 quidem
583 2213 664 2247 hinc
683 2213 902 2259 deprecantis
920 2224 941 2246 a
961 2212 1072 2247 Sociis
1093 2211 1164 2246 suis
1184 2223 1237 2252 ea,
1260 2222 1338 2256 quae
1357 2209 1523 2244 mortales
1538 2209 1639 2244 facile
1653 2213 1913 2255 aucuparentur
1932 2210 2052 2251 etiam,

429 2287 637 2321 suspensum
656 2275 767 2309 tenuit
781 2274 973 2309 moderatio
988 2287 994 2315 ;
1017 2273 1112 2308 illinc
1127 2285 1198 2313 eos,
1222 2283 1307 2318 quos
1323 2272 1500 2312 invitaret,
1515 2274 1643 2317 praesto
1658 2271 1811 2305 habendi
1826 2270 2051 2306 desiderium.

429 2337 602 2373 Meditata
616 2337 819 2383 aliquandiu
836 2336 957 2372 codem
974 2336 1006 2370 in
1023 2335 1172 2381 vestig-io
1187 2346 1237 2374 ro,
1248 2334 1422 2380 princeps,
1439 2334 1653 2379 Campanum
1667 2333 1813 2367 intuitus
1832 2345 1838 2367 :
1860 2348 1875 2362 α
1894 2345 1960 2379 ego
1977 2345 2051 2375 vos,

260 2398 387 2443 Stephani
432 2415 446 2428 α
470 2399 594 2445 inquit,
616 2411 693 2433 mea
712 2399 908 2445 praesertim
923 2410 1038 2439 causa,
1062 2399 1097 2432 in
1116 2397 1294 2431 hominum
1322 2396 1490 2430 invidiam
1518 2399 1555 2430 ut
1573 2407 1705 2435 vocem,
1723 2398 1784 2429 aut
1802 2395 1845 2430 de
1868 2395 2054 2430 sanctitate

264 2440 388 2465 rationes.
432 2477 446 2490 a
471 2461 577 2496 vestri
598 2461 746 2495 instituti
767 2460 959 2495 detractum
984 2464 1020 2495 ut
1038 2460 1143 2494 velim
1160 2472 1167 2499 3
1190 2470 1276 2504 quos
1295 2461 1479 2504 tantopere
1508 2461 1541 2492 ct
1560 2470 1651 2498 amo,
1674 2461 1709 2492 et
1727 2460 1840 2491 sartos
1876 2461 2054 2503 tectosque

432 2540 446 2552 α
470 2524 622 2569 undique
637 2528 671 2558 111
688 2526 863 2569 praestem,
886 2524 993 2557 curo?
1013 2523 1128 2557 Hodie
1143 2521 1275 2555 scilicet
1294 2521 1428 2564 cogniti
1444 2532 1585 2561 sumus3
1603 2523 1664 2555 aut
1681 2523 1753 2554 tam
1768 2523 1884 2565 grata,
1902 2523 2050 2566 oportet,
