2184 2953
651 295 756 323 LIBER
777 294 896 322 NONUS
922 294 1131 329 (1640-1650).
1680 288 1738 320 341

122 394 215 425 tatus
229 389 408 434 suffragiis
429 389 618 423 electorum
636 387 681 421 ad
710 386 949 433 praefecturam
968 385 1174 419 Vincentius
1194 382 1346 418 Caraffa.
1369 383 1423 416 Ab
1455 383 1624 417 electione
1644 392 1739 427 aegre
1767 388 1830 414 1645

123 466 159 489 se
179 465 221 488 ex
239 454 364 488 itinere
384 453 588 487 Varsaviam
617 451 733 485 retulit
758 450 798 483 P.
818 447 1064 486 Gruzevskius,
1087 446 1214 481 affecta
1232 444 1453 484 valetudine,
1477 445 1629 478 indidem
1658 455 1740 478 evo·
1766 427 1876 493 vincii-

122 520 219 550 catus
239 518 292 549 est
310 514 355 548 ad
374 514 528 559 requiem
548 513 793 558 sempiternam
810 522 901 544 anno
917 508 997 542 vitae
1012 512 1109 543 sexto
1125 519 1230 553 supra
1245 506 1515 551 sexagesimum,
1534 505 1644 551 pridie
1664 505 1740 539 idus
1766 509 1820 535 tius
1835 508 1884 535 Ga-

123 575 276 610 sextiles.
300 574 556 620 philosophicis
576 574 755 607 institutus
779 571 883 608 domi,
913 570 1037 604 Romae
1055 569 1278 614 theologicis,
1301 568 1441 602 easdem
1475 567 1675 613 disciplinas
1706 567 1740 600 in
1765 548 1905 623 agag?

124 636 335 676 academica,
358 648 398 670 ac
429 635 640 680 theologiam
661 634 798 679 quidem
828 632 1070 667 scholasticam
1091 631 1191 665 annis
1219 630 1389 676 pluribus,
1413 629 1569 663 tradidit.
1602 629 1686 663 Inde
1706 629 1741 662 in
1768 628 1907 654 Soeietatis

124 699 205 734 aula
237 698 337 744 regia
356 698 581 744 sigismundo
604 698 655 731 ΙΙΙ
681 697 744 730 fuit
767 707 788 730 a
811 693 1046 729 concionibus.
1075 694 1183 728 Rexit
1204 693 1321 727 Vilnae
1349 692 1541 737 Collegium
1570 691 1741 725 001111οῐ111-
1768 667 1904 731 Geue2rglis

125 774 215 802 cum,
241 761 369 795 ibidem
396 762 536 795 domum
564 760 768 806 professam,
800 762 833 792 et
860 757 947 792 alias
966 756 1161 794 Varsaviae,
1180 755 1328 800 denique
1348 754 1575 800 provinciam.
1597 753 1742 787 Animus
1769 744 1893 771 RJoan-

1790 785 1811 810 is
1825 785 1893 810 Gru-

126 828 199 859 0131
217 823 347 858 Joanni
366 823 525 857 laborum
546 822 705 867 cupidus,
739 831 865 866 corpus
892 819 1058 853 tolerans.
1093 819 1281 864 Nunquam
1316 818 1459 857 otiosus,
1482 828 1659 861 nunquam
1679 815 1743 849 sibi
1771 794 1872 851 1zievskii

127 887 328 932 indulgens,
347 886 607 920 ,Iucundissima
622 888 695 919 erat
709 884 759 918 illi
775 884 885 928 quies,
903 883 1020 916 divina
1036 881 1217 915 meditari:
1240 880 1306 914 hoc
1325 891 1362 914 se
1380 879 1534 913 fomento
1562 889 1623 924 per
1640 878 1744 912 inter·
1771 864 1894 897 elogium.

127 949 231 988 valla,
253 960 343 983 nunc
357 948 523 982 laborans
538 947 702 985 vicissim,
721 957 812 979 1111110
827 956 943 984 orans,
971 943 1162 978 recreabat.
1180 942 1303 976 Victus
1322 941 1449 980 tenuis,
1470 939 1623 974 interula
1641 951 1742 974 cana-

128 1013 181 1048 bis
199 1012 348 1051 hirsuta,
368 1011 488 1045 subter
506 1011 596 1044 hanc
613 1022 654 1044 ex
669 1014 815 1054 utroque
840 1008 984 1043 humero
1008 1005 1178 1041 catenulae
1196 1005 1333 1044 ferreae,
1358 1003 1468 1038 lectus
1487 1003 1620 1042 durior,
1650 1002 1746 1047 quies

130 1073 282 1113 brevior,
305 1084 412 1117 eaque
441 1072 570 1117 saepius
598 1071 758 1116 precibus
778 1070 973 1114 interrupta
999 1072 1033 1102 et
1064 1067 1227 1113 lacrymis
1256 1067 1328 1100 Deo
1348 1065 1576 1111 supplicibus,
1598 1063 1748 1109 flagellis

130 1134 308 1169 intercisa.
336 1134 437 1179 Saepe
469 1133 529 1167 ille
561 1143 719 1167 carceres
745 1132 872 1170 visere,
907 1130 1013 1165 solari
1044 1133 1244 1169 moerentes,
1275 1132 1419 1174 egentes
1447 1127 1535 1172 stipe
1563 1130 1749 1172 corrogata

131 1196 326 1236 sublevare,
345 1194 563 1240 plebeculam
579 1194 623 1227 ad
643 1194 887 1228 catechismum
905 1193 1069 1238 colligere
1088 1204 1094 1226 :
1121 1203 1215 1237 saepe
1245 1190 1338 1225 domi
1367 1189 1409 1224 ad
1434 1189 1642 1228 humillima,
1665 1188 1748 1222 culi-

133 1259 234 1294 naria
252 1258 370 1297 etiam,
389 1256 584 1291 ministeria
601 1267 639 1290 se
655 1256 817 1301 abjicere.
838 1256 914 1293 Quo
933 1254 1070 1289 facilius
1097 1254 1290 1288 doctrinam
1309 1252 1559 1287 catecheticam
1584 1250 1751 1285 memoria

135 1324 295 1356 tenerent
323 1321 433 1366 pueri,
466 1331 607 1354 carmen
635 1319 841 1364 composuit,
863 1316 1028 1351 articulos
1056 1319 1089 1350 et
1107 1316 1283 1361 praecipua
1300 1314 1381 1349 fidei
1408 1314 1575 1359 dogmata
1601 1313 1750 1358 comple-

135 1387 252 1423 ctens,
283 1382 386 1427 idque
406 1382 491 1415 utin
507 1381 633 1426 plateis
653 1384 686 1415 et
701 1380 785 1415 foris
800 1380 910 1415 otioso
931 1382 1115 1414 caneretur
1134 1378 1275 1424 populo,
1298 1377 1457 1412 curabat.
1490 1376 1617 1416 Vilnae,
1649 1375 1753 1421 pesti-

134 1446 243 1481 lentia
257 1445 432 1479 civitatem
452 1443 655 1490 populante,
673 1443 830 1489 Collegio
847 1447 960 1477 rector
981 1454 1043 1477 suo
1060 1454 1129 1477 non
1142 1443 1302 1477 hortator
1314 1445 1450 1476 tantum
1462 1441 1506 1475 ad
1526 1452 1644 1475 curam
1663 1450 1754 1473 mor-

134 1507 268 1547 talium,
291 1506 352 1541 sed
372 1507 442 1540 dux
456 1506 561 1540 etiam
580 1510 614 1540 et
636 1505 776 1551 adjutor
795 1505 879 1545 fuit;
902 1505 975 1551 ipse
995 1504 1127 1550 pariter
1155 1504 1199 1538 ad
1215 1515 1363 1550 corpora
1389 1503 1425 1537 in
1451 1502 1577 1548 plateis
1605 1501 1755 1536 morien-

135 1569 218 1604 tium
238 1568 481 1614 procumbens,
508 1566 746 1601 confitentium
773 1570 960 1612 exceptans
992 1566 1240 1612 querimonias,
1278 1569 1313 1600 et
1341 1565 1453 1599 modis
1469 1564 1594 1609 quibus
1622 1566 1752 1608 posset,

136 1631 281 1665 miseros
317 1630 497 1676 adjuvans,
520 1629 589 1663 illis
614 1630 686 1674 ipse
718 1629 858 1663 domum
890 1629 995 1663 etiam
1024 1628 1229 1673 ampliorem
1256 1626 1465 1672 colligendis
1495 1626 1531 1660 in
1556 1625 1757 1660 suburbano

137 1693 282 1728 curavit.
307 1692 499 1726 Praesentis
527 1692 591 1725 Dei
610 1702 742 1726 memor
761 1702 909 1735 semper,
933 1690 1120 1735 diligenter
1137 1690 1293 1729 cavebat,
1315 1689 1444 1735 nequid
1475 1688 1676 1723 admitteret
1694 1686 1756 1720 im-

138 1755 328 1801 probabile.
361 1754 568 1789 Observavit
587 1753 621 1787 id
647 1758 777 1799 praeter
802 1753 900 1791 alios,
923 1752 1074 1797 diligens
1104 1752 1320 1786 existimator
1347 1752 1516 1785 bonorum
1538 1755 1571 1784 et
1589 1749 1755 1787 imitator,

140 1817 306 1851 Nicolaus
336 1816 532 1856 Lancicius‚
555 1816 766 1860 scriptoque,
788 1815 878 1860 quod
899 1809 1061 1859 legimus,
1084 1818 1251 1848 testatum
1278 1813 1437 1858 reliquit:
1460 1812 1579 1858 plures
1606 1811 1664 1845 1110
1681 1822 1759 1845 011111

140 1879 276 1913 Joanne
314 1881 540 1912 conversatus
568 1889 678 1911 annos
698 1877 743 1922 (1).
772 1876 977 1916 Moriturus‚
1002 1875 1122 1910 Socios
1142 1875 1269 1909 adesse
1297 1874 1424 1914 voluit,
1458 1873 1588 1908 exitum
1620 1872 1760 1918 quidem

139 1952 239 1975 suum
259 1939 514 1985 precationibus
533 1939 599 1984 piis
627 1939 791 1977 omnium,
815 1938 984 1982 magistro
1015 1941 1131 1972 autem
1160 1936 1364 1971 Sodalitatis
1389 1936 1576 1975 Marianae,
1600 1945 1710 1980 nuper
1739 1944 1760 1968 a

141 2013 224 2047 rege
240 2005 273 2036 et
287 2001 490 2046 proceribus
505 2000 687 2039 institutae,
709 2011 827 2034 curam
844 1999 1004 2044 Virginei
1020 1998 1133 2033 cultus
1148 1998 1335 2044 diligenter
1349 1997 1616 2032 commendavit.
1640 1996 1761 2031 Defer-

142 2063 342 2108 buissejam
361 2062 456 2096 visus
471 2062 602 2107 primus
617 2062 676 2096 ille
691 2062 725 2095 in
741 2061 917 2096 sodalibus
934 2061 1099 2094 salutaris
1114 2060 1238 2101 ard0r;
1256 2064 1406 2094 exeunte
1420 2059 1557 2093 demum
1572 2059 1637 2092 hoc
1652 2069 1758 2098 anno,

139 2136 256 2160 mense
275 2124 468 2165 novembri,
492 2124 568 2159 luce
583 2124 694 2159 Beato
715 2123 889 2158 Stanislao
908 2126 1027 2157 nostro
1048 2133 1161 2163 sacra,
1185 2123 1296 2168 pietas
1315 2121 1473 2156 recaluit.

188 2186 326 2222 Revisit
352 2186 519 2231 templum
551 2198 628 2220 cum
648 2197 731 2231 rege
762 2186 924 2230 frequens
952 2184 1029 2218 aula
1057 2197 1062 2218 :
1085 2185 1121 2218 in
1148 2184 1201 2218 his
1221 2183 1362 2218 nuntius
1382 2183 1535 2217 Romani
1552 2182 1758 2217 Pontificis:
1789 2157 1918 2222 Sodaiiia—

139 2249 249 2294 legati
267 2249 470 2294 principum,
499 2248 720 2294 imperatoris
741 2247 903 2286 Romani,
928 2247 1021 2291 regis
1041 2246 1248 2285 Galliarum,
1270 2245 1472 2291 reipublicae
1491 2245 1685 2280 Veneticae.
1710 2245 1763 2278 Ad
1788 2235 1929 2301 Ξέῆθὶἶξέῗὸ

140 2315 347 2346 conventum
364 2310 457 2344 hunc
476 2310 597 2344 eodem
611 2310 667 2343 die
685 2309 870 2343 conciones
890 2309 1020 2342 habitzsse
1040 2314 1119 2341 sunt
1144 2307 1273 2353 linguis
1288 2307 1393 2341 variis
1412 2319 1418 2341 :
1442 2307 1612 2352 polonice,
1631 2307 1760 2347 italice,
1791 2313 1935 2341 Varsaviae.

141 2372 351 2418 germanice,
370 2371 507 2417 gallice.
527 2372 665 2406 Praeses
680 2371 840 2405 Sodalitii
855 2370 1030 2414 suffragiis
1042 2381 1224 2414 procerum
1239 2369 1369 2403 electus
1383 2369 1524 2403 nuntius
1536 2368 1759 2413 apostolicus.

141 2434 312 2473 Antehac,
331 2444 448 2468 mense
461 2433 575 2479 junio,
606 2436 714 2478 nupta
744 2432 926 2466 Vladislao
953 2443 1075 2477 nuper,
1098 2431 1275 2465 Ludovica
1294 2430 1422 2469 Maria,
1445 2442 1462 2465 e
1477 2430 1609 2464 familia
1629 2430 1763 2464 Gonza-

182 2504 223 2538 (1)
247 2504 345 2531 Libros
361 2511 375 2530 a
390 2503 497 2531 Joanne
516 2503 607 2530 editos
622 2502 675 2529 vid.
696 2502 722 2529 in
734 2500 869 2538 Catalogo
886 2501 1069 2535 scriptorum.
