2184 2953
274 404 339 433 1653

284 1788 388 1816 Polocia

284 1828 372 1862 fugati

286 1869 363 1895 Socii.

286 2050 424 2078 Eveititur

287 2090 425 2124 templum.

444 300 504 333 370
845 294 1121 326 LITUANICARUM
1145 294 1360 325 SOCIETATIS
1382 294 1469 325 JESU
1493 292 1749 323 HISTORIARUM

447 404 648 441 Tridentini
667 403 813 440 Concilii
832 406 867 438 et
881 401 1150 438 constitutiones
1167 399 1353 436 Societatis
1373 412 1380 440 ;
1402 409 1548 444 cumque
1566 397 1621 431 his
1640 395 1751 431 voluit
1769 394 1922 442 sepeliri.
1944 393 2076 429 Triduo

449 471 531 503 ante
550 471 697 502 mortem
715 465 932 513 propositum
951 464 1075 499 habuit
1098 463 1133 497 in
1150 462 1308 498 cubiculo
1329 473 1391 496 suo
1410 460 1575 495 viaticum
1596 470 1734 494 sacrum
1753 471 1760 500 ;
1791 458 1826 492 in
1858 457 1923 492 hoc
1956 456 2078 491 defixis

450 530 559 566 oculis
579 532 613 565 et
630 532 757 570 mente,
777 527 991 575 supplicans,
1015 537 1173 573 gemens,
1207 525 1420 572 lacrymans,
1447 523 1584 557 duravit
1612 521 1855 556 continenter:
1890 518 2079 554 succeden-

448 593 542 627 tibus
561 591 607 627 ad
625 590 918 638 comprecandum
935 589 1060 630 Sociis,
1084 592 1118 623 et
1137 599 1238 623 sacra
1265 587 1433 627 carmina,
1463 585 1615 620 maxime
1643 584 1722 618 11105
1746 583 1919 630 hymnos:
1950 584 2080 617 Salutis

450 658 614 689 humanae
633 657 748 694 Sator,
768 655 852 687 Jesa
885 663 1015 686 corona
1035 653 1234 694 vir-qimam,
1262 653 1384 696 gratos
1412 649 1446 682 in
1474 647 1594 694 primis
1623 645 1785 687 Nicolao,
1814 643 2077 680 cantitantibus.

452 718 605 753 Chorum
623 718 717 752 hunc
735 716 911 755 diurnum,
935 713 1133 760 excipiebat
1153 716 1360 754 nocturnus,
1383 712 1482 757 isque
1502 711 1610 745 multo
1624 709 1814 756 jucundior
1833 721 1839 743 2
1874 718 2011 754 nempe,
2046 709 2083 740 ut

452 782 636 822 creditum,
658 780 826 820 coelicus;
849 789 952 825 quein
972 789 1049 812 cum
1082 777 1231 811 Nicolao
1263 776 1405 810 audisse
1437 774 1600 809 dicuntur
1636 772 1829 808 domestici.
1870 772 1989 806 Laetus
2021 769 2081 810 ita,

452 847 601 882 salutato
620 846 656 880 in
667 855 767 880 sacra
785 843 901 878 hostia
920 844 1096 888 praesente
1110 839 1273 879 Domino,
1290 837 1511 873 adstantibus
1526 848 1602 870 cum
1614 834 1763 882 praeside
1779 834 1901 868 domus
1917 831 2082 869 Floriano

452 908 650 945 Malevskio
671 906 795 947 Sociis,
814 905 941 941 clausit
959 903 1106 943 lumina,
1130 901 1401 947 compositisque
1432 898 1607 938 manibus,
1627 908 1827 943 supremum
1851 895 1995 941 quievit,
2028 893 2083 929 die

452 971 635 1007 Dominica
672 968 866 1009 Passionis,
898 979 918 1002 a
948 965 1094 1001 meridie
1124 965 1223 999 horae
1252 963 1415 999 secundae
1441 962 1636 1008 quadrante
1663 960 1780 1000 tertio,
1809 970 1902 993 anno
1936 958 2017 993 vitae
2036 957 2084 992 78

451 1038 573 1071 exacto
588 1034 633 1080 (1).
657 1033 748 1067 Tota
786 1031 907 1066 statim
940 1030 986 1064 ad
1014 1033 1152 1076 portam
1186 1026 1361 1062 concurrit
1389 1025 1537 1065 civitas;
1574 1035 1686 1070 neque
1716 1022 1830 1057 arceri
1849 1024 2013 1068 poterant
2040 1019 2083 1053 ab

454 1097 581 1132 osculis
600 1095 729 1131 mortui
748 1094 881 1134 Patris,
901 1097 934 1128 et
955 1091 1174 1131 exhibendis,
1197 1089 1384 1136 quasijam
1416 1088 1483 1122 rite
1511 1092 1642 1127 sancto,
1674 1084 1879 1120 honoribus.
1917 1083 2085 1119 Conditus

454 1163 489 1197 in
516 1159 645 1206 templo
678 1157 801 1198 veteri,
836 1167 935 1191 sacro
963 1154 1155 1190 honoribus
1174 1152 1279 1187 Beati
1301 1150 1470 1186 Stanislai
1502 1141 1655 1189 misum,
1700 1148 1743 1183 ab
1787 1147 1946 1188 introitu,
1985 1148 2085 1192 parte

455 1225 601 1260 dextera
619 1236 626 1263 ;
649 1221 707 1256 ubi
725 1219 834 1266 ipsius
851 1219 1048 1265 depositum
1068 1220 1145 1252 erat
1163 1215 1279 1249 adhuc
1298 1224 1425 1259 corpus
1440 1213 1480 1247 P.
1498 1212 1627 1247 Adami
1648 1209 1885 1246 Sobolevskii.
1908 1209 2086 1244 Statuerat

454 1285 597 1321 exuvias
615 1282 754 1318 Nicolai
768 1281 953 1316 transferri
977 1279 1131 1318 Vilnam,
1161 1274 1450 1311 honorificentius
1480 1273 1752 1320 componendas,
1787 1271 1968 1307 Vilnensis
2000 1270 2086 1317 epis-

455 1359 562 1394 copus
582 1340 757 1392 Georgius
777 1342 1016 1391 Tyszkievicz,
1041 1341 1090 1376 Ut
1105 1353 1148 1376 ne
1162 1340 1198 1374 id
1217 1340 1357 1385 injuria>
1381 1338 1626 1373 Cannensibus
1647 1337 1795 1371 antistes
1818 1335 1961 1375 faceret,
1979 1334 2087 1368 inter-

456 1410 561 1445 cessit
575 1421 653 1444 cum
669 1419 733 1443 sua
751 1417 883 1454 praeses
900 1405 1053 1446 civitate,
1074 1403 1250 1438 Lituaniae
1273 1401 1517 1442 cancellarius,
1540 1400 1702 1446 princeps
1727 1399 1761 1434 S.
1794 1398 1840 1432 R.
1874 1397 1899 1432 I.
1922 1396 2088 1431 Albcrtus

457 1473 671 1510 Radivillus.
689 1471 795 1517 Atqui
814 1470 930 1505 divino
951 1468 987 1502 id
1006 1469 1134 1503 sactum
1153 1467 1308 1502 creditur
1332 1465 1492 1505 consilio,
1525 1468 1557 1498 et
1579 1463 1688 1510 ipsius
1715 1464 1816 1497 oratu
1843 1459 1983 1494 Nicolai
2001 1472 2008 1500 ;
2031 1458 2089 1504 qui

460 1537 542 1572 olim
570 1536 604 1570 id
624 1538 785 1582 precatus
813 1536 906 1569 esset
925 1543 946 1566 a
965 1532 1053 1572 Deo,
1076 1534 1113 1565 ut
1130 1542 1174 1565 ne
1194 1529 1286 1563 ullus
1310 1529 1434 1569 honor,
1457 1530 1535 1573 post
1553 1529 1701 1560 mortem
1719 1524 1836 1563 etiam,
1859 1522 1925 1557 sibi
1943 1521 2090 1556 habere-

456 1605 535 1636 tur:
554 1611 635 1634 nam
654 1598 759 1645 paulo
778 1601 859 1644 post
878 1607 1004 1641 corpus
1020 1597 1195 1633 exustum,
1221 1592 1428 1637 cineresque
1448 1601 1511 1636 per
1529 1600 1667 1624 amnem
1687 1588 1883 1623 Nemenum
1904 1584 2052 1632 dispersi
2069 1595 2090 1618 a

459 1663 599 1699 Cosacis
617 1661 790 1713 liostibi1S‚
814 1658 992 1695 Lituaniae
1013 1657 1173 1692 civitates
1192 1654 1446 1701 praedantibus.

509 1724 674 1760 Cladibus
706 1723 773 1758 hoc
803 1726 961 1768 tempore
994 1720 1027 1754 in
1058 1719 1237 1759 Lituania,
1272 1717 1417 1757 Russia,
1453 1714 1660 1761 Samogitia,
1696 1712 1858 1752 Livonia,
1887 1709 2086 1750 Curlandia,

459 1787 619 1828 Prussia‚
642 1786 799 1820 cladibus
823 1783 962 1830 magnis
983 1786 1084 1817 erant
1103 1781 1208 1828 plena
1237 1783 1271 1815 et
1297 1778 1478 1814 funeribus
1503 1778 1631 1813 onmia.
1654 1776 1764 1822 Capta
1782 1787 1893 1821 nuper
1912 1787 1932 1809 a
1951 1774 2089 1809 Mosco-

459 1853 540 1887 vitis
560 1850 717 1891 Polocia,
740 1849 826 1883 duce
846 1846 1230 1893 hostium*Szcremeto.
1254 1844 1306 1878 Ex
1326 1843 1485 1889 disperso
1501 1840 1657 1885 Collegio
1677 1839 1830 1884 quinque
1846 1837 1938 1873 Socii
1954 1834 2091 1882 abrepti

460 1915 495 1949 in
515 1913 655 1949 vincula
677 1925 684 1947 2
707 1923 763 1947 res
783 1910 967 1945 familiaris
987 1909 1124 1955 direpta
1142 1919 1147 1941 :
1171 1906 1307 1954 przedia
1325 1905 1381 1940 vel
1408 1903 1591 1939 Photianis
1611 1900 1852 1936 sacerdotibus
1871 1898 2014 1939 tradita,
2036 1896 2091 1932 1·οΙ

460 1975 698 2024 proditoribus
718 1973 871 2013 addicta,
889 1972 945 2006 vel
964 1971 1158 2006 combusta.
1181 1968 1378 2015 Templum,
1401 1966 1492 2013 quod
1519 1966 1631 2012 ipsum
1660 1965 1751 1999 inter
1776 1963 1939 2008 disjectas
1963 1961 2090 1995 circum

460 2039 555 2074 [edes
583 2040 777 2084 supererat,
798 2036 951 2070 dirutum
980 2034 1053 2068 ibat
1084 2031 1385 2068 schismaticorum
1409 2029 1557 2063 antistes
1587 2026 1752 2062 Callistus
1772 2023 1937 2071 Szyszka,
1960 2033 2004 2057 ex
2030 2020 2092 2055 illa

460 2102 606 2137 materie
629 2100 768 2135 domum
786 2099 851 2133 sibi
870 2097 1026 2144 profanis
1047 2096 1167 2131 usibus
1187 2097 1463 2130 constructurus.
1486 2089 1556 2125 Sed
1587 2087 1805 2136 propositum
1836 2083 1984 2120 tentavit
2002 2083 2091 2118 frus-

460 2169 543 2199 tra:
566 2163 686 2209 rejecti
717 2162 821 2197 toties
854 2159 991 2195 occulta
1015 2159 1049 2193 vi
1082 2157 1320 2198 demolitores,
1359 2154 1495 2201 quotics
1527 2150 1677 2186 fuissent
1707 2147 1884 2196 aggressi.
1915 2146 2091 2181 Creditum

461 2231 526 2266 est,
548 2225 741 2272 prohibitos
762 2235 838 2259 esse
857 2223 985 2258 virtute
1004 2221 1099 2256 beati
1128 2219 1296 2267 principis
1329 2216 1512 2256 Casimiri;
1543 2214 1601 2260 qui
1624 2213 1751 2253 locum,
1773 2210 1894 2246 tutelae
1918 2218 2092 2243 commen-

462 2289 580 2324 datum
609 2300 694 2328 suae,
713 2286 927 2321 defenderet.
951 2284 997 2319 At
1012 2283 1179 2318 Callistus
1200 2294 1242 2316 no
1262 2279 1458 2315 manifestis
1478 2278 1617 2324 quidem
1636 2274 1855 2322 prohibentis
1875 2271 1954 2307 Divi
1980 2270 2091 2316 signis

461 2351 575 2398 potuit
593 2348 794 2384 absterreri.
824 2348 1014 2394 Oppugnat
1034 2357 1154 2380 rursus
1174 2356 1288 2379 arcem
1307 2354 1443 2378 sacram
1469 2341 1542 2387 jam
1562 2338 1688 2374 deindo
1707 2338 1791 2385 ipsis
1818 2334 1999 2381 religionis
2020 2344 2093 2368 suae

463 2412 644 2448 machinis.
686 2410 881 2445 Contractis
916 2409 1041 2443 villicis
1073 2408 1145 2442 suis
1178 2404 1405 2453 presbyteris,
1438 2404 1511 2451 ipse
1559 2402 1647 2437 tiara
1690 2401 1855 2446 vittisque
1894 2396 2090 2435 redimitus,

463 2478 568 2510 sectae
587 2484 660 2508 suae
688 2472 837 2518 stipatus
864 2470 1046 2517 gregibus,
1069 2469 1136 2503 diri
1162 2468 1281 2504 nescio
1310 2465 1393 2513 quid
1420 2465 1584 2501 carminis
1616 2461 1894 2502 concinentibus,
1918 2458 1963 2494 ad
1982 2456 2092 2493 cedem

509 2543 547 2580 (1)
574 2541 658 2570 Natus
676 2540 807 2569 Nicolaus
824 2547 897 2568 anno
916 2540 1065 2573 1571010
1082 2540 1118 2567 10
1136 2538 1308 2568 decembris,
1325 2537 1393 2565 scria
1418 2535 1463 2565 vl.
