<?xml version="1.0" encoding="UTF-8"?>
<!DOCTYPE html PUBLIC "-//W3C//DTD XHTML 1.0 Transitional//EN"
    "http://www.w3.org/TR/xhtml1/DTD/xhtml1-transitional.dtd">
<html xmlns="http://www.w3.org/1999/xhtml" xml:lang="en" lang="en">
 <head>
  <title>
</title>
<meta http-equiv="Content-Type" content="text/html;charset=utf-8" />
  <meta name='ocr-system' content='tesseract 3.04.00' />
  <meta name='ocr-capabilities' content='ocr_page ocr_carea ocr_par ocr_line ocrx_word'/>
</head>
<body>
  <div class='ocr_page' id='page_1' title='image "./lituanicarumsoci00rost_0350.png"; bbox 0 0 2184 2953; ppageno 0'>
   <div class='ocr_carea' id='block_1_1' title="bbox 245 408 306 435">
    <p class='ocr_par' dir='ltr' id='par_1_1' title="bbox 245 408 306 435">
     <span class='ocr_line' id='line_1_1' title="bbox 245 408 306 435; baseline 0.016 -1"><span class='ocrx_word' id='word_1_1' title='bbox 245 408 306 435; x_wconf 78' lang='lat'>1640</span> 
     </span>
    </p>
   </div>
   <div class='ocr_carea' id='block_1_2' title="bbox 239 1345 377 1372">
    <p class='ocr_par' dir='ltr' id='par_1_2' title="bbox 239 1345 377 1372">
     <span class='ocr_line' id='line_1_2' title="bbox 239 1345 377 1372; baseline 0.007 -1"><span class='ocrx_word' id='word_1_2' title='bbox 239 1345 377 1372; x_wconf 76' lang='lat' dir='ltr'>Varsaviae.</span> 
     </span>
    </p>
   </div>
   <div class='ocr_carea' id='block_1_3' title="bbox 234 2083 356 2111">
    <p class='ocr_par' dir='ltr' id='par_1_3' title="bbox 234 2083 356 2111">
     <span class='ocr_line' id='line_1_3' title="bbox 234 2083 356 2111; baseline 0 -1"><span class='ocrx_word' id='word_1_3' title='bbox 234 2083 356 2111; x_wconf 78' lang='lat' dir='ltr'>Nesvisii.</span> 
     </span>
    </p>
   </div>
   <div class='ocr_carea' id='block_1_4' title="bbox 410 313 1696 346">
    <p class='ocr_par' dir='ltr' id='par_1_4' title="bbox 410 313 1696 346">
     <span class='ocr_line' id='line_1_4' title="bbox 410 313 1696 346; baseline 0.002 -2"><span class='ocrx_word' id='word_1_4' title='bbox 410 313 470 345; x_wconf 88' lang='grc'>326</span> <span class='ocrx_word' id='word_1_5' title='bbox 801 313 1073 344; x_wconf 80' lang='lat' dir='ltr'>LITUANICARUM</span> <span class='ocrx_word' id='word_1_6' title='bbox 1099 314 1310 344; x_wconf 85' lang='lat' dir='ltr'><strong>SOCIETATIS</strong></span> <span class='ocrx_word' id='word_1_7' title='bbox 1333 315 1420 345; x_wconf 91' lang='lat' dir='ltr'>JESU</span> <span class='ocrx_word' id='word_1_8' title='bbox 1444 316 1696 346; x_wconf 81' lang='lat' dir='ltr'>HISTORIARUM</span> 
     </span>
    </p>
   </div>
   <div class='ocr_carea' id='block_1_5' title="bbox 401 401 2027 2575">
    <p class='ocr_par' dir='ltr' id='par_1_5' title="bbox 401 401 2027 938">
     <span class='ocr_line' id='line_1_5' title="bbox 411 401 2023 454; baseline 0.004 -15"><span class='ocrx_word' id='word_1_9' title='bbox 411 405 513 451; x_wconf 81' lang='lat' dir='ltr'>signa</span> <span class='ocrx_word' id='word_1_10' title='bbox 530 401 652 440; x_wconf 79' lang='lat' dir='ltr'>tabula</span> <span class='ocrx_word' id='word_1_11' title='bbox 679 407 847 452; x_wconf 78' lang='lat' dir='ltr'>grandior</span> <span class='ocrx_word' id='word_1_12' title='bbox 874 411 1056 453; x_wconf 78' lang='lat' dir='ltr'>argentea,</span> <span class='ocrx_word' id='word_1_13' title='bbox 1086 407 1226 442; x_wconf 87' lang='lat' dir='ltr'>nomine</span> <span class='ocrx_word' id='word_1_14' title='bbox 1251 406 1398 453; x_wconf 80' lang='lat' dir='ltr'>Collegii</span> <span class='ocrx_word' id='word_1_15' title='bbox 1427 408 1584 454; x_wconf 83' lang='lat' dir='ltr'>deposita</span> <span class='ocrx_word' id='word_1_16' title='bbox 1611 419 1688 442; x_wconf 82' lang='lat' dir='ltr'>cuni</span> <span class='ocrx_word' id='word_1_17' title='bbox 1709 407 1764 443; x_wconf 91' lang='lat' dir='ltr'>his</span> <span class='ocrx_word' id='word_1_18' title='bbox 1786 408 1877 444; x_wconf 88' lang='lat' dir='ltr'>notis</span> <span class='ocrx_word' id='word_1_19' title='bbox 1900 422 1906 444; x_wconf 89' lang='lat'><strong>:</strong></span> <span class='ocrx_word' id='word_1_20' title='bbox 1928 419 2023 445; x_wconf 83' lang='lat' dir='ltr'><strong>JESU.</strong></span> 
     </span>
     <span class='ocr_line' id='line_1_6' title="bbox 409 479 2024 507; baseline 0.001 -5"><span class='ocrx_word' id='word_1_21' title='bbox 409 479 645 503; x_wconf 83' lang='lat' dir='ltr'><strong>IMPERATORI.</strong></span> <span class='ocrx_word' id='word_1_22' title='bbox 672 480 704 503; x_wconf 88' lang='lat' dir='ltr'>o.</span> <span class='ocrx_word' id='word_1_23' title='bbox 734 481 771 503; x_wconf 82' lang='lat' dir='ltr'>M.</span> <span class='ocrx_word' id='word_1_24' title='bbox 807 480 879 507; x_wconf 79' lang='lat' dir='ltr'>Qm.</span> <span class='ocrx_word' id='word_1_25' title='bbox 909 480 1061 503; x_wconf 76' lang='lat' dir='ltr'>CONTRA.</span> <span class='ocrx_word' id='word_1_26' title='bbox 1091 479 1292 503; x_wconf 79' lang='lat' dir='ltr'>INFERNUM.</span> <span class='ocrx_word' id='word_1_27' title='bbox 1326 479 1376 502; x_wconf 91' lang='lat' dir='ltr'>IN.</span> <span class='ocrx_word' id='word_1_28' title='bbox 1411 480 1565 505; x_wconf 80' lang='lat' dir='ltr'><strong>LUTERO.</strong></span> <span class='ocrx_word' id='word_1_29' title='bbox 1597 480 1749 504; x_wconf 83' lang='lat' dir='ltr'><strong>MAXIME.</strong></span> <span class='ocrx_word' id='word_1_30' title='bbox 1782 480 1837 505; x_wconf 85' lang='lat' dir='ltr'>ET.</span> <span class='ocrx_word' id='word_1_31' title='bbox 1860 480 2024 504; x_wconf 77' lang='lat' dir='ltr'>CALVINO.</span> 
     </span>
     <span class='ocr_line' id='line_1_7' title="bbox 405 541 2027 570; baseline 0.002 -6"><span class='ocrx_word' id='word_1_32' title='bbox 405 541 633 566; x_wconf 83' lang='lat' dir='ltr'>BELLANTEM.</span> <span class='ocrx_word' id='word_1_33' title='bbox 655 541 839 566; x_wconf 71' lang='lat' dir='ltr'>EvooAvrr.</span> <span class='ocrx_word' id='word_1_34' title='bbox 862 542 1049 566; x_wconf 79' lang='lat' dir='ltr'><strong>IGNATIUM.</strong></span> <span class='ocrx_word' id='word_1_35' title='bbox 1069 543 1153 566; x_wconf 85' lang='lat' dir='ltr'><strong>CUM.</strong></span> <span class='ocrx_word' id='word_1_36' title='bbox 1173 543 1293 567; x_wconf 81' lang='lat' dir='ltr'>socns.</span> <span class='ocrx_word' id='word_1_37' title='bbox 1309 543 1381 570; x_wconf 86' lang='lat' dir='ltr'><strong>QUI.</strong></span> <span class='ocrx_word' id='word_1_38' title='bbox 1400 543 1587 568; x_wconf 78' lang='lat' dir='ltr'>DELEoTos.</span> <span class='ocrx_word' id='word_1_39' title='bbox 1607 544 1685 568; x_wconf 81' lang='lat' dir='ltr'>suo,</span> <span class='ocrx_word' id='word_1_40' title='bbox 1704 544 1852 568; x_wconf 81' lang='lat' dir='ltr'>NOMINE.</span> <span class='ocrx_word' id='word_1_41' title='bbox 1875 543 2027 568; x_wconf 84' lang='lat' dir='ltr'>INSIGNI-</span> 
     </span>
     <span class='ocr_line' id='line_1_8' title="bbox 404 603 2022 632; baseline 0.001 -5"><span class='ocrx_word' id='word_1_42' title='bbox 404 604 477 628; x_wconf 82' lang='lat' dir='ltr'>vrr.</span> <span class='ocrx_word' id='word_1_43' title='bbox 499 605 555 629; x_wconf 83' lang='lat' dir='ltr'>UT.</span> <span class='ocrx_word' id='word_1_44' title='bbox 586 604 860 629; x_wconf 72' lang='lat' dir='ltr'>PRAETORIANos.</span> <span class='ocrx_word' id='word_1_45' title='bbox 888 603 1189 628; x_wconf 69' lang='lat' dir='ltr'><strong>DEMONSTRARET.</strong></span> <span class='ocrx_word' id='word_1_46' title='bbox 1209 614 1255 619; x_wconf 77' lang='lat'>—</span> <span class='ocrx_word' id='word_1_47' title='bbox 1273 604 1347 632; x_wconf 91' lang='lat' dir='ltr'><strong>QUI.</strong></span> <span class='ocrx_word' id='word_1_48' title='bbox 1377 604 1534 628; x_wconf 74' lang='lat' dir='ltr'><strong>PARvAM.</strong></span> <span class='ocrx_word' id='word_1_49' title='bbox 1566 603 1708 628; x_wconf 80' lang='lat' dir='ltr'><strong>MANUM.</strong></span> <span class='ocrx_word' id='word_1_50' title='bbox 1738 605 1787 628; x_wconf 89' lang='lat' dir='ltr'>IN.</span> <span class='ocrx_word' id='word_1_51' title='bbox 1810 605 2022 632; x_wconf 86' lang='lat' dir='ltr'><strong>UTRUMQUE.</strong></span> 
     </span>
     <span class='ocr_line' id='line_1_9' title="bbox 402 664 2026 692; baseline -0.001 -2"><span class='ocrx_word' id='word_1_52' title='bbox 402 666 568 690; x_wconf 87' lang='lat' dir='ltr'><strong>MUNDUM.</strong></span> <span class='ocrx_word' id='word_1_53' title='bbox 591 667 734 691; x_wconf 71' lang='lat' dir='ltr'>nnuxrr.</span> <span class='ocrx_word' id='word_1_54' title='bbox 757 666 814 690; x_wconf 85' lang='lat' dir='ltr'>UT.</span> <span class='ocrx_word' id='word_1_55' title='bbox 836 666 1091 690; x_wconf 76' lang='lat' dir='ltr'><strong>APOSTOLICAM.</strong></span> <span class='ocrx_word' id='word_1_56' title='bbox 1116 665 1297 689; x_wconf 80' lang='lat' dir='ltr'><strong>MILITIAM.</strong></span> <span class='ocrx_word' id='word_1_57' title='bbox 1330 664 1540 690; x_wconf 73' lang='lat' dir='ltr'><strong>PAUCITATE.</strong></span> <span class='ocrx_word' id='word_1_58' title='bbox 1570 664 1699 692; x_wconf 85' lang='lat' dir='ltr'><strong>ATQUE.</strong></span> <span class='ocrx_word' id='word_1_59' title='bbox 1722 664 1890 689; x_wconf 81' lang='lat' dir='ltr'><strong>VIRTUTE.</strong></span> <span class='ocrx_word' id='word_1_60' title='bbox 1914 665 2026 688; x_wconf 75' lang='lat' dir='ltr'>somo-</span> 
     </span>
     <span class='ocr_line' id='line_1_10' title="bbox 403 727 2021 756; baseline 0.001 -5"><span class='ocrx_word' id='word_1_61' title='bbox 403 728 494 752; x_wconf 82' lang='lat' dir='ltr'><strong>RUM.</strong></span> <span class='ocrx_word' id='word_1_62' title='bbox 512 728 846 753; x_wconf 76' lang='lat' dir='ltr'><strong>REPRAESENTARET.</strong></span> <span class='ocrx_word' id='word_1_63' title='bbox 867 728 940 756; x_wconf 89' lang='lat' dir='ltr'><strong>QUI.</strong></span> <span class='ocrx_word' id='word_1_64' title='bbox 962 728 1120 752; x_wconf 78' lang='lat' dir='ltr'>SAECULo.</span> <span class='ocrx_word' id='word_1_65' title='bbox 1142 728 1269 752; x_wconf 81' lang='lat' dir='ltr'>PARES.</span> <span class='ocrx_word' id='word_1_66' title='bbox 1290 727 1404 751; x_wconf 83' lang='lat' dir='ltr'><strong>FECIT.</strong></span> <span class='ocrx_word' id='word_1_67' title='bbox 1427 728 1485 752; x_wconf 86' lang='lat' dir='ltr'>U&#39;r.</span> <span class='ocrx_word' id='word_1_68' title='bbox 1507 727 1696 752; x_wconf 80' lang='lat' dir='ltr'><strong>SAECULUM.</strong></span> <span class='ocrx_word' id='word_1_69' title='bbox 1716 728 2021 753; x_wconf 81' lang='lat' dir='ltr'><strong>PRAETERVECTOS.</strong></span> 
     </span>
     <span class='ocr_line' id='line_1_11' title="bbox 404 790 2025 815; baseline -0.001 0"><span class='ocrx_word' id='word_1_70' title='bbox 404 791 533 815; x_wconf 76' lang='lat' dir='ltr'><strong>ULTRA.</strong></span> <span class='ocrx_word' id='word_1_71' title='bbox 573 791 731 815; x_wconf 75' lang='lat' dir='ltr'><strong>SAECULA.</strong></span> <span class='ocrx_word' id='word_1_72' title='bbox 777 791 1053 814; x_wconf 82' lang='lat' dir='ltr'><strong>PROTENDERET.</strong></span> <span class='ocrx_word' id='word_1_73' title='bbox 1098 791 1193 814; x_wconf 84' lang='lat' dir='ltr'>soon.</span> <span class='ocrx_word' id='word_1_74' title='bbox 1233 790 1428 814; x_wconf 80' lang='lat' dir='ltr'><strong>COLLEGIIS.</strong></span> <span class='ocrx_word' id='word_1_75' title='bbox 1468 790 1524 814; x_wconf 82' lang='lat' dir='ltr'>ET.</span> <span class='ocrx_word' id='word_1_76' title='bbox 1567 790 1774 814; x_wconf 80' lang='lat' dir='ltr'><strong>ACADEMIAE.</strong></span> <span class='ocrx_word' id='word_1_77' title='bbox 1822 790 2025 815; x_wconf 81' lang='lat' dir='ltr'>v1LNENSIs.</span> 
     </span>
     <span class='ocr_line' id='line_1_12' title="bbox 401 851 2020 880; baseline 0.001 -4"><span class='ocrx_word' id='word_1_78' title='bbox 401 851 528 877; x_wconf 79' lang='lat' dir='ltr'>TANTo.</span> <span class='ocrx_word' id='word_1_79' title='bbox 563 853 710 880; x_wconf 80' lang='lat' dir='ltr'><strong>QUIDEM.</strong></span> <span class='ocrx_word' id='word_1_80' title='bbox 745 852 945 876; x_wconf 81' lang='lat' dir='ltr'><strong>BENEFICIO.</strong></span> <span class='ocrx_word' id='word_1_81' title='bbox 981 853 1149 877; x_wconf 76' lang='lat' dir='ltr'><strong>IMPARES.</strong></span> <span class='ocrx_word' id='word_1_82' title='bbox 1185 853 1366 878; x_wconf 82' lang='lat' dir='ltr'><strong>MEMORES.</strong></span> <span class='ocrx_word' id='word_1_83' title='bbox 1404 853 1539 877; x_wconf 79' lang='lat' dir='ltr'>TAMEN.</span> <span class='ocrx_word' id='word_1_84' title='bbox 1578 852 1715 876; x_wconf 82' lang='lat' dir='ltr'><strong>PRIMIS.</strong></span> <span class='ocrx_word' id='word_1_85' title='bbox 1751 853 2020 878; x_wconf 81' lang='lat' dir='ltr'><strong>SAECULARIBUS.</strong></span> 
     </span>
     <span class='ocr_line' id='line_1_13' title="bbox 401 913 708 938; baseline 0 0"><span class='ocrx_word' id='word_1_86' title='bbox 401 913 532 938; x_wconf 75' lang='lat' dir='ltr'><strong>FERIIS.</strong></span> <span class='ocrx_word' id='word_1_87' title='bbox 554 915 589 938; x_wconf 88' lang='lat' dir='ltr'>D.</span> <span class='ocrx_word' id='word_1_88' title='bbox 615 915 650 938; x_wconf 87' lang='lat' dir='ltr'>D.</span> <span class='ocrx_word' id='word_1_89' title='bbox 674 914 708 938; x_wconf 89' lang='lat' dir='ltr'>D.</span> 
     </span>
    </p>

    <p class='ocr_par' dir='ltr' id='par_1_6' title="bbox 401 965 2027 2075">
     <span class='ocr_line' id='line_1_14' title="bbox 451 965 2027 1017; baseline 0.002 -16"><span class='ocrx_word' id='word_1_90' title='bbox 451 966 536 1001; x_wconf 88' lang='lat' dir='ltr'>Cum</span> <span class='ocrx_word' id='word_1_91' title='bbox 552 966 732 1001; x_wconf 82' lang='lat' dir='ltr'>Sociorum</span> <span class='ocrx_word' id='word_1_92' title='bbox 751 965 880 1011; x_wconf 87' lang='lat' dir='ltr'>pietate</span> <span class='ocrx_word' id='word_1_93' title='bbox 897 965 1044 1000; x_wconf 84' lang='lat' dir='ltr'>certavit</span> <span class='ocrx_word' id='word_1_94' title='bbox 1064 965 1311 1001; x_wconf 75' lang='lat' dir='ltr'>benevolentia</span> <span class='ocrx_word' id='word_1_95' title='bbox 1329 968 1562 1015; x_wconf 87' lang='lat' dir='ltr'>principium;</span> <span class='ocrx_word' id='word_1_96' title='bbox 1587 971 1622 1005; x_wconf 91' lang='lat' dir='ltr'>in</span> <span class='ocrx_word' id='word_1_97' title='bbox 1642 970 1764 1017; x_wconf 90' lang='lat' dir='ltr'>primis</span> <span class='ocrx_word' id='word_1_98' title='bbox 1783 969 2027 1016; x_wconf 88' lang='lat' dir='ltr'>Christophori</span> 
     </span>
     <span class='ocr_line' id='line_1_15' title="bbox 402 1026 2026 1073; baseline 0.002 -10"><span class='ocrx_word' id='word_1_99' title='bbox 402 1027 646 1069; x_wconf 82' lang='lat' dir='ltr'>Chodkievicz,</span> <span class='ocrx_word' id='word_1_100' title='bbox 671 1027 887 1062; x_wconf 73' lang='lat' dir='ltr'>Vilnensium</span> <span class='ocrx_word' id='word_1_101' title='bbox 921 1026 1084 1073; x_wconf 83' lang='lat' dir='ltr'>praesidis</span> <span class='ocrx_word' id='word_1_102' title='bbox 1117 1028 1312 1063; x_wconf 88' lang='lat' dir='ltr'>castellani.</span> <span class='ocrx_word' id='word_1_103' title='bbox 1349 1030 1484 1066; x_wconf 64' lang='lat' dir='ltr'>Praeter</span> <span class='ocrx_word' id='word_1_104' title='bbox 1515 1031 1584 1066; x_wconf 91' lang='lat' dir='ltr'>alia</span> <span class='ocrx_word' id='word_1_105' title='bbox 1612 1032 1705 1067; x_wconf 87' lang='lat' dir='ltr'>dona</span> <span class='ocrx_word' id='word_1_106' title='bbox 1739 1031 1865 1066; x_wconf 89' lang='lat' dir='ltr'>obtulit</span> <span class='ocrx_word' id='word_1_107' title='bbox 1883 1031 1926 1066; x_wconf 90' lang='lat' dir='ltr'>ad</span> <span class='ocrx_word' id='word_1_108' title='bbox 1945 1042 2026 1066; x_wconf 87' lang='lat' dir='ltr'>aras</span> 
     </span>
     <span class='ocr_line' id='line_1_16' title="bbox 403 1090 2024 1140; baseline 0.001 -14"><span class='ocrx_word' id='word_1_109' title='bbox 403 1102 540 1126; x_wconf 88' lang='lat' dir='ltr'>sacrum</span> <span class='ocrx_word' id='word_1_110' title='bbox 559 1092 677 1138; x_wconf 77' lang='lat' dir='ltr'>magni</span> <span class='ocrx_word' id='word_1_111' title='bbox 695 1091 800 1138; x_wconf 89' lang='lat' dir='ltr'>pretii</span> <span class='ocrx_word' id='word_1_112' title='bbox 818 1095 992 1138; x_wconf 88' lang='lat' dir='ltr'>paratum.</span> <span class='ocrx_word' id='word_1_113' title='bbox 1016 1090 1138 1126; x_wconf 88' lang='lat' dir='ltr'>Clerus</span> <span class='ocrx_word' id='word_1_114' title='bbox 1153 1091 1327 1134; x_wconf 85' lang='lat' dir='ltr'>dioecesis,</span> <span class='ocrx_word' id='word_1_115' title='bbox 1348 1093 1480 1128; x_wconf 94' lang='lat' dir='ltr'>alumni</span> <span class='ocrx_word' id='word_1_116' title='bbox 1494 1093 1677 1140; x_wconf 85' lang='lat' dir='ltr'>pontificii,</span> <span class='ocrx_word' id='word_1_117' title='bbox 1699 1094 1838 1129; x_wconf 84' lang='lat' dir='ltr'>sodales</span> <span class='ocrx_word' id='word_1_118' title='bbox 1856 1094 2024 1134; x_wconf 84' lang='lat' dir='ltr'>Mariani,</span> 
     </span>
     <span class='ocr_line' id='line_1_17' title="bbox 402 1154 2023 1202; baseline 0.001 -13"><span class='ocrx_word' id='word_1_119' title='bbox 402 1155 538 1190; x_wconf 90' lang='lat' dir='ltr'>votivas</span> <span class='ocrx_word' id='word_1_120' title='bbox 555 1154 707 1196; x_wconf 87' lang='lat' dir='ltr'>tabulas,</span> <span class='ocrx_word' id='word_1_121' title='bbox 730 1154 868 1190; x_wconf 85' lang='lat' dir='ltr'>collatis</span> <span class='ocrx_word' id='word_1_122' title='bbox 895 1158 1115 1200; x_wconf 86' lang='lat' dir='ltr'>comparatas</span> <span class='ocrx_word' id='word_1_123' title='bbox 1139 1154 1317 1200; x_wconf 79' lang='lat' dir='ltr'>impensis,</span> <span class='ocrx_word' id='word_1_124' title='bbox 1349 1168 1393 1191; x_wconf 91' lang='lat' dir='ltr'>ne</span> <span class='ocrx_word' id='word_1_125' title='bbox 1406 1156 1512 1191; x_wconf 86' lang='lat' dir='ltr'>verbo</span> <span class='ocrx_word' id='word_1_126' title='bbox 1532 1157 1670 1202; x_wconf 88' lang='lat' dir='ltr'>quidem</span> <span class='ocrx_word' id='word_1_127' title='bbox 1690 1169 1711 1191; x_wconf 85' lang='lat' dir='ltr'>a</span> <span class='ocrx_word' id='word_1_128' title='bbox 1730 1157 1841 1192; x_wconf 87' lang='lat' dir='ltr'>Sociis</span> <span class='ocrx_word' id='word_1_129' title='bbox 1873 1157 2023 1198; x_wconf 89' lang='lat' dir='ltr'>invitati,</span> 
     </span>
     <span class='ocr_line' id='line_1_18' title="bbox 404 1216 2026 1265; baseline 0.001 -13"><span class='ocrx_word' id='word_1_130' title='bbox 404 1217 635 1252; x_wconf 87' lang='lat' dir='ltr'>contulerunt.</span> <span class='ocrx_word' id='word_1_131' title='bbox 660 1216 766 1252; x_wconf 85' lang='lat' dir='ltr'>Plura</span> <span class='ocrx_word' id='word_1_132' title='bbox 801 1217 876 1263; x_wconf 83' lang='lat' dir='ltr'>ejus</span> <span class='ocrx_word' id='word_1_133' title='bbox 903 1216 1070 1263; x_wconf 86' lang='lat' dir='ltr'>triumphi</span> <span class='ocrx_word' id='word_1_134' title='bbox 1100 1221 1304 1252; x_wconf 84' lang='lat' dir='ltr'>ornamenta</span> <span class='ocrx_word' id='word_1_135' title='bbox 1329 1219 1572 1253; x_wconf 80' lang='lat' dir='ltr'>commendata</span> <span class='ocrx_word' id='word_1_136' title='bbox 1603 1223 1822 1265; x_wconf 77' lang='lat' dir='ltr'>posterorum</span> <span class='ocrx_word' id='word_1_137' title='bbox 1849 1218 2026 1254; x_wconf 83' lang='lat' dir='ltr'>memoriae</span> 
     </span>
     <span class='ocr_line' id='line_1_19' title="bbox 404 1278 2025 1327; baseline 0.001 -13"><span class='ocrx_word' id='word_1_138' title='bbox 404 1279 506 1314; x_wconf 86' lang='lat' dir='ltr'>editis</span> <span class='ocrx_word' id='word_1_139' title='bbox 524 1283 607 1327; x_wconf 85' lang='lat' dir='ltr'>typo</span> <span class='ocrx_word' id='word_1_140' title='bbox 621 1278 762 1320; x_wconf 78' lang='lat' dir='ltr'>libellis,</span> <span class='ocrx_word' id='word_1_141' title='bbox 785 1279 821 1313; x_wconf 91' lang='lat' dir='ltr'>in</span> <span class='ocrx_word' id='word_1_142' title='bbox 840 1278 974 1324; x_wconf 86' lang='lat' dir='ltr'>primis,</span> <span class='ocrx_word' id='word_1_143' title='bbox 997 1278 1055 1323; x_wconf 90' lang='lat' dir='ltr'>qui</span> <span class='ocrx_word' id='word_1_144' title='bbox 1070 1278 1294 1313; x_wconf 77' lang='lat' dir='ltr'>inscribitur:</span> <span class='ocrx_word' id='word_1_145' title='bbox 1320 1282 1453 1314; x_wconf 75' lang='lat' dir='ltr'>Gratioe</span> <span class='ocrx_word' id='word_1_146' title='bbox 1471 1282 1674 1315; x_wconf 63' lang='lat' dir='ltr'>Sceculares.</span> <span class='ocrx_word' id='word_1_147' title='bbox 1699 1281 1826 1316; x_wconf 84' lang='lat' dir='ltr'>Parem</span> <span class='ocrx_word' id='word_1_148' title='bbox 1845 1281 1920 1327; x_wconf 80' lang='lat' dir='ltr'>ejus</span> <span class='ocrx_word' id='word_1_149' title='bbox 1938 1285 2025 1315; x_wconf 90' lang='lat' dir='ltr'>tem-</span> 
     </span>
     <span class='ocr_line' id='line_1_20' title="bbox 403 1340 2021 1389; baseline 0.001 -13"><span class='ocrx_word' id='word_1_150' title='bbox 403 1341 498 1388; x_wconf 91' lang='lat' dir='ltr'>poris</span> <span class='ocrx_word' id='word_1_151' title='bbox 517 1341 703 1377; x_wconf 82' lang='lat' dir='ltr'>celebritas</span> <span class='ocrx_word' id='word_1_152' title='bbox 726 1341 946 1387; x_wconf 74' lang='lat' dir='ltr'>splendorem</span> <span class='ocrx_word' id='word_1_153' title='bbox 964 1340 1088 1375; x_wconf 85' lang='lat' dir='ltr'>habuit</span> <span class='ocrx_word' id='word_1_154' title='bbox 1102 1341 1298 1376; x_wconf 80' lang='lat' dir='ltr'>Varsaviae.</span> <span class='ocrx_word' id='word_1_155' title='bbox 1321 1341 1506 1388; x_wconf 84' lang='lat' dir='ltr'>Templum</span> <span class='ocrx_word' id='word_1_156' title='bbox 1520 1342 1666 1377; x_wconf 87' lang='lat' dir='ltr'>interius</span> <span class='ocrx_word' id='word_1_157' title='bbox 1686 1346 1797 1377; x_wconf 90' lang='lat' dir='ltr'>totum</span> <span class='ocrx_word' id='word_1_158' title='bbox 1827 1342 1872 1377; x_wconf 90' lang='lat' dir='ltr'>ab</span> <span class='ocrx_word' id='word_1_159' title='bbox 1891 1342 2021 1389; x_wconf 90' lang='lat' dir='ltr'>apsidi-</span> 
     </span>
     <span class='ocr_line' id='line_1_21' title="bbox 404 1402 2026 1452; baseline -0.001 -12"><span class='ocrx_word' id='word_1_160' title='bbox 404 1405 467 1439; x_wconf 91' lang='lat' dir='ltr'>bus</span> <span class='ocrx_word' id='word_1_161' title='bbox 500 1406 545 1440; x_wconf 82' lang='lat' dir='ltr'>ad</span> <span class='ocrx_word' id='word_1_162' title='bbox 580 1404 817 1452; x_wconf 87' lang='lat' dir='ltr'>pavimentum</span> <span class='ocrx_word' id='word_1_163' title='bbox 849 1402 971 1438; x_wconf 61' lang='lat' dir='ltr'>aulaeis</span> <span class='ocrx_word' id='word_1_164' title='bbox 1002 1406 1162 1437; x_wconf 88' lang='lat' dir='ltr'>ornatum</span> <span class='ocrx_word' id='word_1_165' title='bbox 1198 1403 1319 1449; x_wconf 81' lang='lat' dir='ltr'>regiis,</span> <span class='ocrx_word' id='word_1_166' title='bbox 1349 1415 1411 1438; x_wconf 84' lang='lat' dir='ltr'>ara</span> <span class='ocrx_word' id='word_1_167' title='bbox 1432 1405 1552 1450; x_wconf 84' lang='lat' dir='ltr'>major·</span> <span class='ocrx_word' id='word_1_168' title='bbox 1574 1409 1711 1439; x_wconf 88' lang='lat' dir='ltr'>centum</span> <span class='ocrx_word' id='word_1_169' title='bbox 1739 1405 1887 1445; x_wconf 80' lang='lat' dir='ltr'>facibus,</span> <span class='ocrx_word' id='word_1_170' title='bbox 1908 1404 2026 1439; x_wconf 89' lang='lat' dir='ltr'>multis</span> 
     </span>
     <span class='ocr_line' id='line_1_22' title="bbox 402 1464 2025 1513; baseline 0.001 -13"><span class='ocrx_word' id='word_1_171' title='bbox 402 1466 634 1513; x_wconf 84' lang='lat' dir='ltr'>lampadibus,</span> <span class='ocrx_word' id='word_1_172' title='bbox 657 1477 699 1501; x_wconf 81' lang='lat' dir='ltr'>ex</span> <span class='ocrx_word' id='word_1_173' title='bbox 726 1469 802 1500; x_wconf 87' lang='lat' dir='ltr'>arte</span> <span class='ocrx_word' id='word_1_174' title='bbox 828 1464 1018 1511; x_wconf 80' lang='lat' dir='ltr'>dispositis,</span> <span class='ocrx_word' id='word_1_175' title='bbox 1053 1465 1212 1510; x_wconf 85' lang='lat' dir='ltr'>interque</span> <span class='ocrx_word' id='word_1_176' title='bbox 1243 1476 1302 1500; x_wconf 89' lang='lat' dir='ltr'>eas</span> <span class='ocrx_word' id='word_1_177' title='bbox 1326 1470 1443 1500; x_wconf 89' lang='lat' dir='ltr'>statua</span> <span class='ocrx_word' id='word_1_178' title='bbox 1463 1466 1564 1500; x_wconf 81' lang='lat' dir='ltr'>Beati</span> <span class='ocrx_word' id='word_1_179' title='bbox 1595 1467 1752 1513; x_wconf 89' lang='lat' dir='ltr'>parentis</span> <span class='ocrx_word' id='word_1_180' title='bbox 1786 1467 1913 1513; x_wconf 84' lang='lat' dir='ltr'>Ignatii</span> <span class='ocrx_word' id='word_1_181' title='bbox 1939 1478 2025 1502; x_wconf 91' lang='lat' dir='ltr'>auro</span> 
     </span>
     <span class='ocr_line' id='line_1_23' title="bbox 402 1527 2026 1576; baseline -0.001 -12"><span class='ocrx_word' id='word_1_182' title='bbox 402 1529 632 1576; x_wconf 85' lang='lat' dir='ltr'>gemmisque,</span> <span class='ocrx_word' id='word_1_183' title='bbox 666 1527 848 1562; x_wconf 79' lang='lat' dir='ltr'>ardebant.</span> <span class='ocrx_word' id='word_1_184' title='bbox 884 1527 996 1572; x_wconf 87' lang='lat' dir='ltr'>Ipsius</span> <span class='ocrx_word' id='word_1_185' title='bbox 1032 1531 1176 1561; x_wconf 86' lang='lat' dir='ltr'>ornatus</span> <span class='ocrx_word' id='word_1_186' title='bbox 1210 1531 1337 1563; x_wconf 75' lang='lat' dir='ltr'>statuae</span> <span class='ocrx_word' id='word_1_187' title='bbox 1369 1528 1638 1574; x_wconf 78' lang='lat' dir='ltr'>quingentorum</span> <span class='ocrx_word' id='word_1_188' title='bbox 1672 1529 1819 1563; x_wconf 90' lang='lat' dir='ltr'>millium</span> <span class='ocrx_word' id='word_1_189' title='bbox 1847 1540 2026 1563; x_wconf 87' lang='lat' dir='ltr'>nummum</span> 
     </span>
     <span class='ocr_line' id='line_1_24' title="bbox 402 1589 2024 1637; baseline 0 -11"><span class='ocrx_word' id='word_1_190' title='bbox 402 1592 608 1626; x_wconf 86' lang='lat' dir='ltr'>nostratium</span> <span class='ocrx_word' id='word_1_191' title='bbox 629 1591 777 1637; x_wconf 88' lang='lat' dir='ltr'>pretium</span> <span class='ocrx_word' id='word_1_192' title='bbox 798 1589 1006 1636; x_wconf 85' lang='lat' dir='ltr'>superabat;</span> <span class='ocrx_word' id='word_1_193' title='bbox 1028 1589 1118 1624; x_wconf 85' lang='lat' dir='ltr'>hanc</span> <span class='ocrx_word' id='word_1_194' title='bbox 1136 1589 1204 1624; x_wconf 84' lang='lat' dir='ltr'>tria</span> <span class='ocrx_word' id='word_1_195' title='bbox 1223 1589 1421 1636; x_wconf 83' lang='lat' dir='ltr'>lampadum</span> <span class='ocrx_word' id='word_1_196' title='bbox 1448 1590 1570 1631; x_wconf 86' lang='lat' dir='ltr'>millia,</span> <span class='ocrx_word' id='word_1_197' title='bbox 1600 1591 1741 1637; x_wconf 78' lang='lat' dir='ltr'>ignibus</span> <span class='ocrx_word' id='word_1_198' title='bbox 1762 1591 1888 1626; x_wconf 88' lang='lat' dir='ltr'>coloris</span> <span class='ocrx_word' id='word_1_199' title='bbox 1908 1591 2024 1626; x_wconf 88' lang='lat' dir='ltr'>multi-</span> 
     </span>
     <span class='ocr_line' id='line_1_25' title="bbox 402 1652 2027 1699; baseline 0 -11"><span class='ocrx_word' id='word_1_200' title='bbox 402 1653 500 1699; x_wconf 91' lang='lat' dir='ltr'>plicis</span> <span class='ocrx_word' id='word_1_201' title='bbox 515 1653 782 1688; x_wconf 82' lang='lat' dir='ltr'>collustrabant.</span> <span class='ocrx_word' id='word_1_202' title='bbox 807 1652 903 1686; x_wconf 87' lang='lat' dir='ltr'>Vasa</span> <span class='ocrx_word' id='word_1_203' title='bbox 922 1662 1044 1691; x_wconf 86' lang='lat' dir='ltr'>aurea,</span> <span class='ocrx_word' id='word_1_204' title='bbox 1065 1655 1250 1697; x_wconf 84' lang='lat' dir='ltr'>argentea,</span> <span class='ocrx_word' id='word_1_205' title='bbox 1271 1664 1417 1698; x_wconf 74' lang='lat' dir='ltr'>quaeque</span> <span class='ocrx_word' id='word_1_206' title='bbox 1436 1652 1551 1687; x_wconf 92' lang='lat' dir='ltr'>locum</span> <span class='ocrx_word' id='word_1_207' title='bbox 1570 1653 1662 1687; x_wconf 87' lang='lat' dir='ltr'>inter</span> <span class='ocrx_word' id='word_1_208' title='bbox 1677 1658 1884 1688; x_wconf 86' lang='lat' dir='ltr'>ornamenta</span> <span class='ocrx_word' id='word_1_209' title='bbox 1905 1653 2027 1699; x_wconf 88' lang='lat' dir='ltr'>templi</span> 
     </span>
     <span class='ocr_line' id='line_1_26' title="bbox 401 1713 2026 1763; baseline 0 -12"><span class='ocrx_word' id='word_1_210' title='bbox 401 1716 533 1751; x_wconf 91' lang='lat' dir='ltr'>habere</span> <span class='ocrx_word' id='word_1_211' title='bbox 552 1719 727 1762; x_wconf 85' lang='lat' dir='ltr'>poterant,</span> <span class='ocrx_word' id='word_1_212' title='bbox 753 1727 774 1749; x_wconf 86' lang='lat' dir='ltr'>a</span> <span class='ocrx_word' id='word_1_213' title='bbox 792 1713 1007 1760; x_wconf 83' lang='lat' dir='ltr'>proceribus,</span> <span class='ocrx_word' id='word_1_214' title='bbox 1032 1713 1201 1759; x_wconf 84' lang='lat' dir='ltr'>inprimis</span> <span class='ocrx_word' id='word_1_215' title='bbox 1221 1725 1241 1748; x_wconf 91' lang='lat' dir='ltr'>a</span> <span class='ocrx_word' id='word_1_216' title='bbox 1259 1713 1414 1760; x_wconf 89' lang='lat' dir='ltr'>principe</span> <span class='ocrx_word' id='word_1_217' title='bbox 1432 1716 1543 1761; x_wconf 79' lang='lat' dir='ltr'>regio,</span> <span class='ocrx_word' id='word_1_218' title='bbox 1567 1716 1706 1755; x_wconf 77' lang='lat' dir='ltr'>Carolo,</span> <span class='ocrx_word' id='word_1_219' title='bbox 1737 1716 1876 1752; x_wconf 86' lang='lat' dir='ltr'>collata.</span> <span class='ocrx_word' id='word_1_220' title='bbox 1900 1716 2026 1763; x_wconf 87' lang='lat' dir='ltr'>Populi</span> 
     </span>
     <span class='ocr_line' id='line_1_27' title="bbox 402 1777 2027 1826; baseline -0.002 -11"><span class='ocrx_word' id='word_1_221' title='bbox 402 1780 597 1826; x_wconf 85' lang='lat' dir='ltr'>frequentia</span> <span class='ocrx_word' id='word_1_222' title='bbox 612 1790 759 1814; x_wconf 88' lang='lat' dir='ltr'>sunnna.</span> <span class='ocrx_word' id='word_1_223' title='bbox 779 1779 950 1813; x_wconf 87' lang='lat' dir='ltr'>Proceres</span> <span class='ocrx_word' id='word_1_224' title='bbox 965 1778 1059 1823; x_wconf 89' lang='lat' dir='ltr'>ipsos</span> <span class='ocrx_word' id='word_1_225' title='bbox 1080 1788 1147 1811; x_wconf 92' lang='lat' dir='ltr'>non</span> <span class='ocrx_word' id='word_1_226' title='bbox 1167 1777 1326 1823; x_wconf 80' lang='lat' dir='ltr'>capiebat</span> <span class='ocrx_word' id='word_1_227' title='bbox 1345 1777 1450 1812; x_wconf 75' lang='lat' dir='ltr'>aedes.</span> <span class='ocrx_word' id='word_1_228' title='bbox 1470 1777 1656 1812; x_wconf 88' lang='lat' dir='ltr'>Octiduum</span> <span class='ocrx_word' id='word_1_229' title='bbox 1685 1777 1741 1811; x_wconf 90' lang='lat' dir='ltr'>hic</span> <span class='ocrx_word' id='word_1_230' title='bbox 1760 1777 1865 1812; x_wconf 86' lang='lat' dir='ltr'>etiam</span> <span class='ocrx_word' id='word_1_231' title='bbox 1889 1778 2027 1812; x_wconf 89' lang='lat' dir='ltr'>duravit</span> 
     </span>
     <span class='ocr_line' id='line_1_28' title="bbox 403 1839 2026 1887; baseline -0.001 -10"><span class='ocrx_word' id='word_1_232' title='bbox 403 1842 610 1883; x_wconf 88' lang='lat' dir='ltr'>celebritas;</span> <span class='ocrx_word' id='word_1_233' title='bbox 632 1841 846 1876; x_wconf 86' lang='lat' dir='ltr'>antistitibus</span> <span class='ocrx_word' id='word_1_234' title='bbox 866 1839 1092 1886; x_wconf 86' lang='lat' dir='ltr'>operantibus</span> <span class='ocrx_word' id='word_1_235' title='bbox 1112 1839 1156 1873; x_wconf 87' lang='lat' dir='ltr'>ad</span> <span class='ocrx_word' id='word_1_236' title='bbox 1171 1850 1249 1874; x_wconf 84' lang='lat' dir='ltr'>aras</span> <span class='ocrx_word' id='word_1_237' title='bbox 1267 1839 1358 1880; x_wconf 85' lang='lat' dir='ltr'>aliis,</span> <span class='ocrx_word' id='word_1_238' title='bbox 1381 1841 1459 1875; x_wconf 89' lang='lat' dir='ltr'>aliis</span> <span class='ocrx_word' id='word_1_239' title='bbox 1487 1841 1775 1876; x_wconf 87' lang='lat' dir='ltr'>concionantibus</span> <span class='ocrx_word' id='word_1_240' title='bbox 1794 1842 1920 1876; x_wconf 87' lang='lat' dir='ltr'>etiam:</span> <span class='ocrx_word' id='word_1_241' title='bbox 1943 1853 2026 1887; x_wconf 91' lang='lat' dir='ltr'>quo-</span> 
     </span>
     <span class='ocr_line' id='line_1_29' title="bbox 401 1901 2026 1948; baseline -0.002 -8"><span class='ocrx_word' id='word_1_242' title='bbox 401 1905 487 1940; x_wconf 88' lang='lat' dir='ltr'>tidie</span> <span class='ocrx_word' id='word_1_243' title='bbox 507 1904 700 1945; x_wconf 87' lang='lat' dir='ltr'>Vladislao,</span> <span class='ocrx_word' id='word_1_244' title='bbox 736 1903 871 1948; x_wconf 72' lang='lat' dir='ltr'>regina,</span> <span class='ocrx_word' id='word_1_245' title='bbox 893 1902 1086 1947; x_wconf 85' lang='lat' dir='ltr'>aulicisque</span> <span class='ocrx_word' id='word_1_246' title='bbox 1117 1901 1189 1936; x_wconf 90' lang='lat' dir='ltr'>suis</span> <span class='ocrx_word' id='word_1_247' title='bbox 1221 1901 1328 1946; x_wconf 81' lang='lat' dir='ltr'>regiis</span> <span class='ocrx_word' id='word_1_248' title='bbox 1356 1903 1602 1948; x_wconf 69' lang='lat' dir='ltr'>praesentibus.</span> <span class='ocrx_word' id='word_1_249' title='bbox 1625 1903 1824 1938; x_wconf 85' lang='lat' dir='ltr'>Secundum</span> <span class='ocrx_word' id='word_1_250' title='bbox 1853 1903 2026 1938; x_wconf 87' lang='lat' dir='ltr'>sacrificia</span> 
     </span>
     <span class='ocr_line' id='line_1_30' title="bbox 402 1963 2025 2014; baseline -0.002 -12"><span class='ocrx_word' id='word_1_251' title='bbox 402 1979 464 2003; x_wconf 79' lang='lat' dir='ltr'>rex</span> <span class='ocrx_word' id='word_1_252' title='bbox 494 1978 657 2014; x_wconf 85' lang='lat' dir='ltr'>proceres</span> <span class='ocrx_word' id='word_1_253' title='bbox 687 1966 723 2000; x_wconf 90' lang='lat' dir='ltr'>in</span> <span class='ocrx_word' id='word_1_254' title='bbox 743 1964 899 2010; x_wconf 82' lang='lat' dir='ltr'>Collegio</span> <span class='ocrx_word' id='word_1_255' title='bbox 920 1964 1073 2010; x_wconf 87' lang='lat' dir='ltr'>quotidie</span> <span class='ocrx_word' id='word_1_256' title='bbox 1091 1963 1296 1998; x_wconf 85' lang='lat' dir='ltr'>convivator</span> <span class='ocrx_word' id='word_1_257' title='bbox 1323 1964 1398 2010; x_wconf 88' lang='lat' dir='ltr'>ipse</span> <span class='ocrx_word' id='word_1_258' title='bbox 1425 1966 1642 2011; x_wconf 78' lang='lat' dir='ltr'>exceptabat;</span> <span class='ocrx_word' id='word_1_259' title='bbox 1666 1965 1805 2000; x_wconf 83' lang='lat' dir='ltr'>interim</span> <span class='ocrx_word' id='word_1_260' title='bbox 1826 1966 1870 2000; x_wconf 91' lang='lat' dir='ltr'>ad</span> <span class='ocrx_word' id='word_1_261' title='bbox 1889 1969 2025 2012; x_wconf 89' lang='lat' dir='ltr'>portam</span> 
     </span>
     <span class='ocr_line' id='line_1_31' title="bbox 403 2026 1914 2075; baseline -0.001 -11"><span class='ocrx_word' id='word_1_262' title='bbox 403 2029 591 2064; x_wconf 86' lang='lat' dir='ltr'>mendiculi</span> <span class='ocrx_word' id='word_1_263' title='bbox 609 2028 847 2075; x_wconf 77' lang='lat' dir='ltr'>quinquageni</span> <span class='ocrx_word' id='word_1_264' title='bbox 862 2039 880 2061; x_wconf 92' lang='lat' dir='ltr'>e</span> <span class='ocrx_word' id='word_1_265' title='bbox 895 2038 986 2073; x_wconf 86' lang='lat' dir='ltr'>penu</span> <span class='ocrx_word' id='word_1_266' title='bbox 1007 2027 1209 2068; x_wconf 86' lang='lat' dir='ltr'>domestica,</span> <span class='ocrx_word' id='word_1_267' title='bbox 1228 2026 1338 2061; x_wconf 85' lang='lat' dir='ltr'>Sociis</span> <span class='ocrx_word' id='word_1_268' title='bbox 1357 2027 1649 2067; x_wconf 81' lang='lat' dir='ltr'>ministrantibus,</span> <span class='ocrx_word' id='word_1_269' title='bbox 1668 2028 1914 2073; x_wconf 80' lang='lat' dir='ltr'>pascebantur.</span> 
     </span>
    </p>

    <p class='ocr_par' dir='ltr' id='par_1_7' title="bbox 403 2087 2027 2575">
     <span class='ocr_line' id='line_1_32' title="bbox 452 2087 2026 2137; baseline -0.003 -11"><span class='ocrx_word' id='word_1_270' title='bbox 452 2091 607 2126; x_wconf 90' lang='lat' dir='ltr'>Nesvisii</span> <span class='ocrx_word' id='word_1_271' title='bbox 621 2091 796 2137; x_wconf 85' lang='lat' dir='ltr'>principes</span> <span class='ocrx_word' id='word_1_272' title='bbox 811 2087 982 2123; x_wconf 84' lang='lat' dir='ltr'>Radivilli</span> <span class='ocrx_word' id='word_1_273' title='bbox 996 2088 1040 2122; x_wconf 88' lang='lat' dir='ltr'>ad</span> <span class='ocrx_word' id='word_1_274' title='bbox 1059 2088 1253 2123; x_wconf 87' lang='lat' dir='ltr'>ornandam</span> <span class='ocrx_word' id='word_1_275' title='bbox 1268 2089 1399 2135; x_wconf 82' lang='lat' dir='ltr'>pariter</span> <span class='ocrx_word' id='word_1_276' title='bbox 1414 2088 1626 2123; x_wconf 88' lang='lat' dir='ltr'>Societatem</span> <span class='ocrx_word' id='word_1_277' title='bbox 1637 2089 1670 2123; x_wconf 88' lang='lat' dir='ltr'>in</span> <span class='ocrx_word' id='word_1_278' title='bbox 1690 2101 1753 2123; x_wconf 91' lang='lat' dir='ltr'>suo</span> <span class='ocrx_word' id='word_1_279' title='bbox 1772 2088 1928 2135; x_wconf 82' lang='lat' dir='ltr'>Collegio</span> <span class='ocrx_word' id='word_1_280' title='bbox 1947 2100 2026 2123; x_wconf 87' lang='lat' dir='ltr'>con-</span> 
     </span>
     <span class='ocr_line' id='line_1_33' title="bbox 404 2149 2026 2200; baseline -0.002 -12"><span class='ocrx_word' id='word_1_281' title='bbox 404 2154 595 2200; x_wconf 83' lang='lat' dir='ltr'>spirarunt,</span> <span class='ocrx_word' id='word_1_282' title='bbox 630 2154 680 2188; x_wconf 90' lang='grc' dir='ltr'>ΙΙΙ</span> <span class='ocrx_word' id='word_1_283' title='bbox 712 2152 884 2187; x_wconf 83' lang='lat' dir='ltr'>kalendas</span> <span class='ocrx_word' id='word_1_284' title='bbox 911 2149 1055 2185; x_wconf 81' lang='lat' dir='ltr'>sextiles</span> <span class='ocrx_word' id='word_1_285' title='bbox 1086 2162 1107 2185; x_wconf 88' lang='lat' dir='ltr'>a</span> <span class='ocrx_word' id='word_1_286' title='bbox 1137 2150 1266 2196; x_wconf 84' lang='lat' dir='ltr'>templo</span> <span class='ocrx_word' id='word_1_287' title='bbox 1290 2149 1491 2184; x_wconf 83' lang='lat' dir='ltr'>monialium</span> <span class='ocrx_word' id='word_1_288' title='bbox 1512 2150 1822 2185; x_wconf 81' lang='lat' dir='ltr'>Benedictinarum</span> <span class='ocrx_word' id='word_1_289' title='bbox 1850 2150 1895 2186; x_wconf 86' lang='lat' dir='ltr'>ad</span> <span class='ocrx_word' id='word_1_290' title='bbox 1915 2150 2026 2185; x_wconf 78' lang='lat' dir='ltr'>aedem</span> 
     </span>
     <span class='ocr_line' id='line_1_34' title="bbox 405 2212 2026 2262; baseline -0.003 -11"><span class='ocrx_word' id='word_1_291' title='bbox 405 2216 552 2262; x_wconf 81' lang='lat' dir='ltr'>Collegii</span> <span class='ocrx_word' id='word_1_292' title='bbox 566 2216 738 2256; x_wconf 83' lang='lat' dir='ltr'>labarum,</span> <span class='ocrx_word' id='word_1_293' title='bbox 761 2218 943 2249; x_wconf 90' lang='lat' dir='ltr'>stemmate</span> <span class='ocrx_word' id='word_1_294' title='bbox 963 2213 1150 2248; x_wconf 81' lang='lat' dir='ltr'>Societatis</span> <span class='ocrx_word' id='word_1_295' title='bbox 1170 2217 1203 2247; x_wconf 88' lang='lat' dir='ltr'>et</span> <span class='ocrx_word' id='word_1_296' title='bbox 1221 2213 1322 2248; x_wconf 89' lang='lat' dir='ltr'>Beati</span> <span class='ocrx_word' id='word_1_297' title='bbox 1338 2212 1493 2258; x_wconf 86' lang='lat' dir='ltr'>parentis</span> <span class='ocrx_word' id='word_1_298' title='bbox 1513 2213 1630 2258; x_wconf 80' lang='lat' dir='ltr'>effigie</span> <span class='ocrx_word' id='word_1_299' title='bbox 1649 2212 1802 2259; x_wconf 75' lang='lat' dir='ltr'>insigne,</span> <span class='ocrx_word' id='word_1_300' title='bbox 1824 2212 2026 2259; x_wconf 89' lang='lat' dir='ltr'>triumphali</span> 
     </span>
     <span class='ocr_line' id='line_1_35' title="bbox 404 2274 2027 2321; baseline -0.003 -7"><span class='ocrx_word' id='word_1_301' title='bbox 404 2283 540 2315; x_wconf 89' lang='lat' dir='ltr'>vectum</span> <span class='ocrx_word' id='word_1_302' title='bbox 556 2291 672 2319; x_wconf 85' lang='lat' dir='ltr'>curru,</span> <span class='ocrx_word' id='word_1_303' title='bbox 692 2276 908 2313; x_wconf 83' lang='lat' dir='ltr'>scholasticis</span> <span class='ocrx_word' id='word_1_304' title='bbox 932 2275 1226 2315; x_wconf 79' lang='lat' dir='ltr'>adolescentibus,</span> <span class='ocrx_word' id='word_1_305' title='bbox 1249 2275 1423 2310; x_wconf 90' lang='lat' dir='ltr'>scenicum</span> <span class='ocrx_word' id='word_1_306' title='bbox 1451 2274 1487 2308; x_wconf 89' lang='lat' dir='ltr'>in</span> <span class='ocrx_word' id='word_1_307' title='bbox 1506 2275 1645 2309; x_wconf 89' lang='lat' dir='ltr'>modum</span> <span class='ocrx_word' id='word_1_308' title='bbox 1672 2275 1819 2315; x_wconf 85' lang='lat' dir='ltr'>ornatis,</span> <span class='ocrx_word' id='word_1_309' title='bbox 1849 2279 1967 2321; x_wconf 84' lang='lat' dir='ltr'>atque,</span> <span class='ocrx_word' id='word_1_310' title='bbox 1989 2278 2027 2309; x_wconf 86' lang='lat' dir='ltr'>ut</span> 
     </span>
     <span class='ocr_line' id='line_1_36' title="bbox 404 2336 2026 2386; baseline -0.003 -10"><span class='ocrx_word' id='word_1_311' title='bbox 404 2342 453 2376; x_wconf 87' lang='lat' dir='ltr'>ita</span> <span class='ocrx_word' id='word_1_312' title='bbox 471 2342 597 2382; x_wconf 88' lang='lat' dir='ltr'>dicam,</span> <span class='ocrx_word' id='word_1_313' title='bbox 615 2339 887 2386; x_wconf 81' lang='lat' dir='ltr'>inangonizatis;</span> <span class='ocrx_word' id='word_1_314' title='bbox 917 2338 997 2373; x_wconf 88' lang='lat' dir='ltr'>aliis</span> <span class='ocrx_word' id='word_1_315' title='bbox 1017 2349 1035 2372; x_wconf 93' lang='lat' dir='ltr'>e</span> <span class='ocrx_word' id='word_1_316' title='bbox 1058 2337 1192 2372; x_wconf 90' lang='lat' dir='ltr'>thensis</span> <span class='ocrx_word' id='word_1_317' title='bbox 1211 2348 1351 2372; x_wconf 89' lang='lat' dir='ltr'>carmen</span> <span class='ocrx_word' id='word_1_318' title='bbox 1370 2336 1581 2382; x_wconf 84' lang='lat' dir='ltr'>triumphale</span> <span class='ocrx_word' id='word_1_319' title='bbox 1601 2337 1820 2379; x_wconf 90' lang='lat' dir='ltr'>canentibus,</span> <span class='ocrx_word' id='word_1_320' title='bbox 1847 2337 1925 2372; x_wconf 85' lang='lat' dir='ltr'>aliis</span> <span class='ocrx_word' id='word_1_321' title='bbox 1944 2340 2026 2371; x_wconf 84' lang='lat' dir='ltr'>ante</span> 
     </span>
     <span class='ocr_line' id='line_1_37' title="bbox 405 2398 2024 2450; baseline -0.004 -11"><span class='ocrx_word' id='word_1_322' title='bbox 405 2416 446 2439; x_wconf 88' lang='lat' dir='ltr'>ac</span> <span class='ocrx_word' id='word_1_323' title='bbox 460 2415 550 2450; x_wconf 92' lang='lat' dir='ltr'>pone</span> <span class='ocrx_word' id='word_1_324' title='bbox 564 2402 823 2442; x_wconf 87' lang='lat' dir='ltr'>comitantibus,</span> <span class='ocrx_word' id='word_1_325' title='bbox 847 2405 970 2436; x_wconf 87' lang='lat' dir='ltr'>etcum</span> <span class='ocrx_word' id='word_1_326' title='bbox 991 2399 1200 2434; x_wconf 87' lang='lat' dir='ltr'>musicorum</span> <span class='ocrx_word' id='word_1_327' title='bbox 1217 2398 1322 2433; x_wconf 91' lang='lat' dir='ltr'>choro</span> <span class='ocrx_word' id='word_1_328' title='bbox 1342 2399 1631 2444; x_wconf 82' lang='lat' dir='ltr'>responsantibus</span> <span class='ocrx_word' id='word_1_329' title='bbox 1651 2400 1695 2433; x_wconf 87' lang='lat' dir='ltr'>ad</span> <span class='ocrx_word' id='word_1_330' title='bbox 1716 2400 1802 2434; x_wconf 85' lang='lat' dir='ltr'>odas</span> <span class='ocrx_word' id='word_1_331' title='bbox 1831 2399 2024 2445; x_wconf 77' lang='lat' dir='ltr'>praecinen-</span> 
     </span>
     <span class='ocr_line' id='line_1_38' title="bbox 403 2462 2025 2509; baseline -0.004 -7"><span class='ocrx_word' id='word_1_332' title='bbox 403 2467 500 2502; x_wconf 85' lang='lat' dir='ltr'>tium.</span> <span class='ocrx_word' id='word_1_333' title='bbox 526 2467 673 2502; x_wconf 88' lang='lat' dir='ltr'>Postero</span> <span class='ocrx_word' id='word_1_334' title='bbox 706 2464 762 2499; x_wconf 90' lang='lat' dir='ltr'>die</span> <span class='ocrx_word' id='word_1_335' title='bbox 782 2464 873 2498; x_wconf 90' lang='lat' dir='ltr'>inter</span> <span class='ocrx_word' id='word_1_336' title='bbox 904 2463 1089 2502; x_wconf 84' lang='lat' dir='ltr'>sacrificia,</span> <span class='ocrx_word' id='word_1_337' title='bbox 1111 2462 1155 2496; x_wconf 91' lang='lat' dir='ltr'>ad</span> <span class='ocrx_word' id='word_1_338' title='bbox 1176 2473 1316 2496; x_wconf 88' lang='lat' dir='ltr'>scenam</span> <span class='ocrx_word' id='word_1_339' title='bbox 1344 2463 1474 2507; x_wconf 84' lang='lat' dir='ltr'>pariter</span> <span class='ocrx_word' id='word_1_340' title='bbox 1507 2468 1645 2509; x_wconf 81' lang='lat' dir='ltr'>compta</span> <span class='ocrx_word' id='word_1_341' title='bbox 1661 2463 1826 2508; x_wconf 83' lang='lat' dir='ltr'>juventus</span> <span class='ocrx_word' id='word_1_342' title='bbox 1854 2462 2025 2508; x_wconf 85' lang='lat' dir='ltr'>processit</span> 
     </span>
     <span class='ocr_line' id='line_1_39' title="bbox 404 2524 2021 2575; baseline -0.004 -12"><span class='ocrx_word' id='word_1_343' title='bbox 404 2530 539 2570; x_wconf 88' lang='lat' dir='ltr'>ordine,</span> <span class='ocrx_word' id='word_1_344' title='bbox 560 2533 665 2575; x_wconf 91' lang='lat' dir='ltr'>atque</span> <span class='ocrx_word' id='word_1_345' title='bbox 692 2527 782 2561; x_wconf 88' lang='lat' dir='ltr'>inter</span> <span class='ocrx_word' id='word_1_346' title='bbox 801 2530 936 2564; x_wconf 88' lang='lat' dir='ltr'>cantus,</span> <span class='ocrx_word' id='word_1_347' title='bbox 957 2536 1017 2558; x_wconf 91' lang='lat' dir='ltr'>cor</span> <span class='ocrx_word' id='word_1_348' title='bbox 1044 2536 1087 2558; x_wconf 84' lang='lat' dir='ltr'>ex</span> <span class='ocrx_word' id='word_1_349' title='bbox 1109 2535 1194 2569; x_wconf 88' lang='lat' dir='ltr'>puro</span> <span class='ocrx_word' id='word_1_350' title='bbox 1215 2527 1367 2570; x_wconf 89' lang='lat' dir='ltr'>putoque</span> <span class='ocrx_word' id='word_1_351' title='bbox 1395 2530 1555 2570; x_wconf 82' lang='lat' dir='ltr'>argento,</span> <span class='ocrx_word' id='word_1_352' title='bbox 1579 2525 1712 2570; x_wconf 85' lang='lat' dir='ltr'>aliquot</span> <span class='ocrx_word' id='word_1_353' title='bbox 1731 2524 1868 2559; x_wconf 84' lang='lat' dir='ltr'>valente</span> <span class='ocrx_word' id='word_1_354' title='bbox 1895 2524 2021 2564; x_wconf 90' lang='lat' dir='ltr'>minas,</span> 
     </span>
    </p>
   </div>
  </div>
 </body>
</html>
