2184 2953
400 665 1461 747 SUPPLEMENTUM

924 1033 951 1067 I.

221 1159 278 1197 R.
332 1158 387 1197 P.
438 1155 699 1195 NICOLAI
758 1155 1035 1195 LANCICII
1094 1153 1459 1195 SOCIETATIS
1512 1152 1659 1192 JESU

526 1293 769 1317 PROVINCIALIS
789 1293 824 1316 IN
844 1293 965 1316 MAGNO
985 1292 1121 1316 DUCATU
1140 1292 1347 1316 LITHUANLE

341 1407 693 1452 DlSCURSUS
727 1407 850 1452 ΡΒΟ
893 1407 1215 1452 ΒῌΤΗΕΝΙΞ
1253 1405 1462 1450 υΝΙΤΙδ
1488 1404 1546 1451 (l).

680 1554 1147 1583 Mamm&—

182 1757 377 1804 Antequam
406 1758 635 1804 respondeam
669 1757 714 1791 ad
753 1761 901 1803 quatuor
931 1761 1058 1803 puncta
1088 1758 1186 1793 nobis
1221 1758 1360 1794 nomine
1392 1759 1606 1794 serenissimi
1635 1758 1747 1805 Regis

135 1813 244 1848 nostri
259 1814 303 1860 (2)
321 1813 512 1859 proposita,
529 1813 596 1848 tria
615 1812 858 1858 praemittenda
877 1813 1050 1847 videntur.

188 1875 220 1909 1ο
235 1875 295 1909 Me
309 1875 508 1910 existimare
526 1887 596 1909 non
609 1874 805 1909 habiturum
824 1875 932 1909 ullum
944 1875 1052 1921 justae
1066 1874 1268 1909 offensionis
1288 1886 1440 1915 eausam,
1462 1874 1491 1909 si
1514 1875 1595 1921 quid
1614 1875 1746 1915 dixero,

137 1931 285 1965 veritate
304 1935 338 1965 et
357 1931 564 1966 conscientia
572 1931 731 1977 jubente,
753 1931 844 1976 quod
875 1942 945 1965 non
973 1931 1017 1965 sit
1043 1931 1197 1965 futurum
1227 1931 1271 1965 ad
1291 1934 1431 1976 gustum
1462 1930 1627 1965 omnium.
1658 1931 1750 1965 Nam

138 1990 171 2022 et
200 1987 329 2022 veritas
356 1987 473 2022 odium
502 1998 624 2033 parere
659 1987 758 2027 so1et,
789 1990 824 2022 et
844 1987 991 2021 aliorum
1008 1987 1141 2033 judicia
1180 1986 1308 2021 nostris
1337 1986 1511 2021 contraria
1536 1990 1654 2022 nostro
1680 1999 1750 2022 non

141 2043 296 2078 arrident
313 2043 444 2090 palato.

188 2099 226 2133 2⁰
244 2099 461 2134 Gravitatem
473 2099 629 2134 materiae
642 2098 741 2133 nobis
765 2098 951 2144 propositae
978 2101 1114 2133 tantam
1144 2110 1233 2140 esse,
1264 2102 1302 2133 ut
1332 2102 1512 2134 teneamur
1545 2099 1692 2135 candide
1718 2103 1753 2134 et

140 2154 242 2201 plene
265 2154 448 2201 explicare,
473 2154 639 2201 quidquid
663 2155 729 2189 hae
743 2154 777 2189 in
797 2166 835 2189 re
854 2157 966 2200 potest
985 2158 1019 2189 et
1037 2157 1176 2189 nostras
1204 2157 1238 2189 et
1253 2154 1401 2189 aliorum
1431 2154 1660 2190 conscientias
1693 2158 1754 2190 aut

142 2209 178 2244 in
205 2221 331 2255 graves
353 2210 418 2245 Dei
440 2210 603 2251 offensas,
626 2214 686 2245 aut
704 2211 739 2244 in
759 2213 892 2245 certum
910 2221 1031 2244 earum
1048 2209 1242 2255 periculum
1263 2209 1457 2251 adducere;
1479 2222 1556 2256 quae
1575 2211 1643 2245 duo
1662 2211 1755 2246 mala

144 2265 353 2311 gravissima
379 2277 463 2300 sano
482 2266 625 2300 consilio
649 2270 683 2301 et
711 2265 882 2311 abigenda
899 2269 933 2301 et
953 2265 1175 2311 impedienda
1197 2268 1231 2300 et
1250 2265 1464 2311 expedienda
1483 2270 1575 2308 sunt,
1594 2266 1668 2301 sine
1682 2266 1754 2300 ullo

143 2320 274 2355 terreni
287 2320 508 2356 emolumenti
534 2325 706 2367 respectu,
736 2325 797 2356 aut
821 2322 984 2356 humanae
1021 2321 1273 2366 indignationis
1293 2324 1400 2356 metu,
1431 2321 1555 2357 Terret
1578 2322 1670 2357 enim
1700 2333 1755 2356 me

143 2377 230 2412 illud
248 2377 285 2413 S.
306 2377 494 2424 Augustini
518 2379 695 2414 decretum
722 2382 923 2424 excerptum
946 2390 989 2414 ex
1008 2378 1083 2424 ejus
1101 2377 1147 2412 ad
1164 2376 1378 2412 Casulanum
1394 2377 1541 2424 epistola
1559 2381 1593 2413 et
1608 2377 1754 2413 relatum

187 2488 232 2529 (1)
254 2489 439 2530 [Recolaniur
450 2493 521 2521 dieta
534 2493 560 2520 in
577 2489 764 2530 praesatione]
781 2507 821 2514 —
843 2491 881 2528 (2)
899 2490 1047 2520 Vlasdislai
1066 2490 1101 2518 IV
1117 2498 1216 2519 recens
1236 2491 1328 2520 electi.
