2184 2953
602 309 708 337 LlnER
735 309 890 336 TERTlus
921 304 1135 346 (1580-1590).
1666 301 1706 332 99

89 405 267 440 Moscovia
297 404 463 439 resideat.
495 402 595 441 Quod
625 400 765 436 tametsi
795 400 917 434 ducem
949 399 1074 433 callide
1105 399 1292 443 appareret
1318 396 1445 435 facere,
1481 400 1517 430 ut
1544 395 1706 431 videlicet

91 479 150 502 eos
166 478 227 512 pro
247 466 426 500 obsidibus
445 465 590 499 haberet
613 477 618 498 ;
642 473 844 498 concessere
866 465 983 495 tamen
1002 460 1107 499 Socii,
1129 460 1165 493 in
1184 459 1259 504 ejus
1274 462 1447 504 potestate
1467 459 1515 491 uti
1534 458 1706 503 tantisper

92 532 284 567 manerent,
303 526 395 572 quod
413 526 498 571 ipsis
523 525 648 560 cecidit
664 537 733 559 non
761 522 998 562 incommode;
1022 532 1101 555 nam
1129 525 1163 555 et
1184 524 1312 555 statum
1332 519 1512 564 religionis
1540 520 1574 553 in
1602 522 1707 564 gente

92 589 316 635 explorarunt
343 587 559 633 diligentius,
591 590 624 621 et
651 585 802 625 Moschi,
824 583 1000 629 hospitum
1018 582 1256 616 familiaritate
1279 580 1522 620 mansuefacti,
1546 584 1582 614 ut
1606 591 1644 614 se
1672 580 1708 614 in

93 650 378 686 consuetudinem
397 650 522 684 darent
540 649 740 684 hominibus
767 646 962 686 catholicis,
983 646 1033 679 eis
1054 643 1262 690 praesertim,
1291 642 1349 687 qui
1375 642 1420 675 ad
1440 653 1477 676 se
1495 653 1516 675 a
1536 641 1708 676 Pontifice

95 713 254 747 Romano
274 711 437 757 deinceps
462 711 697 750 mitterentur,
723 708 883 743 effectum
906 711 969 742 est.
1000 707 1091 740 Dum
1117 716 1171 743 ea,
1195 716 1273 750 quze
1300 704 1494 738 viatoribus
1527 703 1597 737 sint
1617 703 1708 744 usui,

99 777 357 819 comparantur,
375 784 454 808 ecce
483 772 634 807 Basilidi
662 783 683 805 a
702 782 785 816 rege
805 769 984 815 Stephano
1010 766 1217 802 tabellarius
1245 778 1322 800 cum
1352 765 1492 806 litteris,
1515 765 1641 810 quibus
1668 764 1715 798 ad

99 845 158 869 eas
173 834 270 868 ducis
296 833 534 879 longissimas,
557 833 710 868 Polociae
729 831 795 865 sibi
826 830 974 870 oblatas,
996 832 1235 874 responsatur.
1260 827 1476 873 Conscriptae
1502 830 1603 861 erant
1621 829 1714 860 rute-

99 896 188 937 nice,
206 896 376 941 polonice,
395 899 429 929 et
442 895 563 935 latine,
582 905 701 939 eaeque
716 894 847 927 irarum
861 896 894 926 et
909 890 1130 926 contumelia}
1144 891 1181 925 in
1195 889 1389 924 Basiliden]
1405 889 1519 934 plenae
1533 901 1540 929 ;
1559 888 1716 923 recitatae

98 957 266 1003 postridie
285 957 320 991 in
348 960 482 991 senatu.
503 957 639 990 Instant
658 956 694 989 in
713 956 858 990 consilio
886 965 1019 994 omnes,
1048 953 1185 998 legatus
1204 963 1277 987 rem
1297 953 1363 986 sibi
1377 963 1398 986 a
1417 952 1504 986 duce
1527 951 1712 986 comenda-

99 1023 169 1053 tam
184 1022 221 1053 ut
235 1023 397 1053 maturet.
416 1019 467 1053 Dc
482 1018 662 1052 Pontificis
678 1018 825 1052 Maximi
845 1017 1030 1064 postulatis
1050 1016 1180 1050 mentio
1208 1015 1299 1049 facta
1318 1020 1371 1049 est
1396 1020 1501 1060 atque
1520 1014 1566 1048 ad
1585 1018 1713 1049 caetera

101 1081 239 1126 quidem
253 1081 354 1116 facile
374 1092 579 1126 responsum
592 1080 766 1114 redditum
785 1093 791 1114 :
815 1091 921 1114 unum
939 1079 1026 1113 illud
1041 1078 1083 1112 de
1102 1076 1275 1122 religione
1289 1081 1393 1122 caput
1407 1077 1513 1112 etiam
1528 1088 1620 1111 nunc
1635 1088 1715 1122 sup-

102 1143 272 1189 primitur,
289 1143 335 1177 ad
349 1143 566 1187 reditumque
586 1141 769 1176 Possevini
787 1143 996 1176 reservatur.
1016 1140 1117 1174 Datae
1134 1139 1179 1172 ad
1204 1138 1413 1184 Gregorium
1437 1138 1643 1173 Pontificem
1661 1138 1718 1173 lit-

88 1208 200 1249 terae,
217 1204 264 1238 ad
281 1205 526 1250 imperatorem
540 1204 622 1237 item
642 1202 841 1236 Romanum
865 1204 900 1236 et
917 1201 1092 1240 Venet0s;
1123 1200 1247 1246 quibus
1277 1200 1346 1234 dux
1369 1200 1437 1234 fide
1467 1200 1607 1246 publica
1628 1211 1717 1235 mer-

104 1266 280 1300 catoribus
306 1277 425 1301 eorum
449 1269 483 1300 et
502 1264 742 1300 sacerdotibus
770 1263 951 1298 catholicis
975 1262 1121 1297 liberam
1152 1262 1187 1295 in
1220 1262 1292 1296 suis
1318 1261 1508 1307 provinciis
1538 1261 1722 1296 habitandi

105 1331 314 1374 potestatem
332 1327 427 1368 facit,
448 1327 630 1372 locumque
646 1326 811 1360 curandis
830 1325 952 1365 sacris,
971 1328 1005 1359 et
1022 1324 1209 1359 humandis
1228 1325 1373 1359 mortuis
1388 1325 1556 1359 concedit.
1578 1325 1723 1371 Legatis

107 1390 152 1423 ad
171 1390 299 1424 Persas
313 1394 347 1425 et
361 1391 543 1429 Tartaros,
561 1389 718 1423 Moschis
733 1388 768 1421 in
781 1387 867 1422 Asia
884 1387 1063 1428 finitimos,
1085 1387 1191 1422 duces
1210 1387 1346 1422 itineris
1365 1390 1399 1421 et
1413 1390 1642 1421 commeatum
1661 1399 1723 1433 per

108 1451 306 1486 universam
321 1452 537 1486 Moscoviam
551 1461 730 1496 regnaque
745 1449 890 1483 Cassani
913 1452 947 1483 et
964 1448 1209 1483 Astrachaniae
1233 1448 1322 1495 (quae
1345 1449 1413 1483 duo
1427 1460 1539 1494 regna
1557 1449 1725 1485 Moschus

109 1513 210 1547 annis
228 1514 466 1560 superioribus
488 1513 579 1559 cepit
597 1513 639 1547 de
658 1511 836 1557 Tartaris)
850 1511 1044 1546 liberaliter
1065 1511 1260 1557 pollicetur.
1279 1513 1429 1548 Munera
1444 1513 1594 1559 denique
1608 1514 1723 1555 offert,

109 1573 155 1608 ad
175 1575 372 1609 Romanum
392 1575 596 1609 Pontificem
615 1573 833 1620 perferenda.
867 1573 1008 1607 Decimo
1029 1577 1151 1607 octavo
1178 1574 1349 1609 kalendas
1376 1575 1577 1610 decembres
1595 1587 1617 1610 a
1635 1588 1727 1610 com-

110 1636 213 1683 plexu
229 1638 488 1672 carissimorum
503 1637 666 1672 comitum
681 1646 835 1676 suorum,
858 1646 943 1680 quos
963 1635 1033 1669 dux
1051 1646 1114 1680 pro
1143 1636 1323 1670 obsidibus
1346 1636 1500 1677 retinuit,
1524 1636 1726 1678 distractus,

112 1702 248 1733 centum
268 1699 406 1734 circiter
429 1699 630 1745 purpuratis
645 1697 818 1743 equitibus
837 1696 1037 1735 comitatus,
1058 1696 1124 1730 iter
1143 1697 1321 1743 Starzycia
1345 1696 1570 1732 Pleskoviam
1591 1709 1726 1739 versus,

113 1759 232 1795 urbem
244 1761 353 1807 copiis
369 1760 545 1795 Polonicis
563 1760 840 1798 circumsessam,
859 1757 1071 1791 Possevinus
1091 1769 1168 1791 cum
1194 1757 1215 1792 J
1220 1768 1332 1792 oanne
1348 1757 1526 1804 Campano
1541 1763 1575 1793 et
1589 1759 1731 1795 Andrea

115 1821 314 1856 Modestino
345 1822 505 1856 instituit.
542 1821 688 1856 Ilmenio
715 1820 808 1862 lacu,
841 1820 1095 1865 quinquaginta
1126 1831 1292 1866 passuum
1325 1821 1435 1855 millia
1470 1832 1733 1867 quaquaversus

116 1882 255 1924 diffuso,
273 1883 458 1928 multisque
474 1883 735 1918 difficultatibus
750 1883 886 1917 itineris
903 1882 1089 1928 superatis,
1103 1883 1197 1917 aucti
1213 1894 1255 1917 ex
1270 1883 1398 1929 oppido
1410 1883 1603 1919 Moscoviae
1613 1885 1647 1919 N
1651 1896 1731 1920 ovo-

116 1946 249 1991 gardiae
267 1947 432 1981 comitatu
450 1957 554 1987 novo,
581 1946 715 1981 duobus
734 1947 964 1980 Tartarorum
996 1944 1163 1985 millibus,
1184 1944 1231 1978 ad
1257 1948 1374 1979 castra
1398 1945 1491 1991 apud
1511 1945 1731 1982 Plescoviam

118 2008 217 2054 regia
232 2008 283 2043 III
302 2019 414 2042 nonas
436 2008 587 2042 octobris
606 2008 825 2054 perveniunt.
850 2007 1164 2053 Expectatissimus
1178 2006 1243 2042 fuit
1261 2008 1553 2054 gratissimusque
1573 2009 1735 2045 universo

119 2068 287 2103 exercitui
305 2068 475 2102 adventus
499 2068 705 2110 Possevini3
725 2070 821 2115 pacis
841 2069 900 2103 ille
918 2069 1068 2103 maxime
1087 2068 1230 2102 nuntius
1253 2080 1260 2102 :
1283 2068 1360 2113 jam
1387 2070 1478 2104 enim
1505 2072 1735 2106 castrensium

120 2134 290 2176 pertaesus
306 2141 449 2175 operum
475 2133 510 2164 et
531 2131 749 2175 tempestatis
776 2130 889 2164 variae
918 2141 960 2164 ac
978 2129 1234 2169 difficultatum,
1256 2140 1342 2174 quas
1368 2135 1537 2176 appetens
1567 2131 1739 2168 afferebat

120 2190 243 2232 hiems,
267 2191 362 2226 focos
377 2191 509 2237 patrios
533 2194 566 2225 et
592 2190 692 2226 dulce
719 2192 827 2226 otium
859 2191 958 2226 miles
984 2192 1223 2237 respectabat;
1254 2203 1331 2227 cum
1360 2193 1437 2239 regi
1468 2197 1602 2228 certum
1629 2199 1734 2236 esset,

120 2250 188 2285 nisi
206 2255 406 2298 expugnata
422 2251 617 2293 Plescovia,
640 2256 756 2287 castra
769 2264 839 2286 non
861 2264 1000 2288 movere
1022 2264 1044 2287 a
1062 2254 1249 2288 moenibus.
1272 2253 1405 2289 Eodem
1421 2255 1477 2290 die
1492 2255 1594 2290 datus
1608 2267 1630 2290 a
1653 2268 1738 2302 rege

122 2317 263 2348 senatus
289 2314 419 2360 legato,
442 2314 596 2349 recitatae
615 2318 695 2349 sunt
727 2318 761 2350 et
786 2319 940 2361 acceptae
959 2316 1121 2361 utrinque
1141 2315 1369 2354 conditiones
1378 2318 1487 2363 pacis,
1515 2319 1736 2364 partiumque

122 2377 328 2412 auctoritate
344 2389 406 2423 per
424 2377 657 2412 internuntios
670 2377 897 2413 confirmatae.
917 2379 956 2414 In
975 2390 1034 2414 eas
1049 2379 1098 2413 ita
1112 2380 1274 2416 convenit
1288 2391 1356 2425 pax
1374 2392 1381 2415 ι
1400 2381 1543 2416 Moscus
1555 2382 1737 2417 decederet

124 2438 256 2473 Polono
280 2451 322 2474 ex
340 2440 446 2479 omni,
467 2451 570 2485 quam
589 2444 805 2485 occupasset,
827 2441 996 2483 Livonia;
1018 2441 1173 2477 Polonus
1200 2441 1322 2477 Mosco
1342 2442 1482 2489 oppida,
1506 2454 1584 2489 quae
1602 2443 1737 2479 duobus

127 2503 206 2534 ante
233 2501 382 2547 cepisset
413 2502 524 2542 annis,
545 2501 756 2537 restitueret.
784 2503 869 2538 Post
903 2503 1029 2538 multas
1061 2503 1142 2538 hinc
1171 2503 1267 2538 illinc
1296 2505 1401 2539 tricas
1431 2505 1544 2550 pactio
1576 2505 1677 2545 facta,
1705 2510 1739 2540 et

1735 394 1795 420 1581

1746 1075 1804 1101 Dux
1825 1074 1892 1100 Mos-

1748 1113 1825 1140 coviae
1836 1120 1894 1138 cum

1747 1151 1852 1178 Polonis

1748 1190 1857 1224 pacisci-

1748 1231 1800 1257 tur.

1764 2398 1898 2425 Conditio—

1765 2446 1810 2464 nes
1820 2438 1898 2471 pacis⁴
