2184 2953
255 384 314 410 1631

255 1022 367 1048 Lindam

257 1061 310 1087 ΒΒ,
328 1061 401 1093 Sym-

257 1098 378 1133 phoriani

256 1140 283 1165 et
297 1138 403 1164 Libera-

257 1179 290 1204 tae
301 1186 359 1204 ossa
369 1178 406 1203 in-

259 1218 391 1244 feruntur.

260 1259 387 1286 Narratio

260 1307 291 1324 ex
303 1298 388 1325 Linda

260 1338 290 1363 P.
305 1337 393 1370 Clagii

262 1376 391 1403 Mariana.

423 286 482 315 :300
804 289 1079 317 LITUANICARCM
1104 290 1317 318 soClETATls
1340 289 1426 317 JESU
1452 288 1703 317 llisTORIARUM

428 395 443 410 a<
466 392 570 427 quam
590 392 702 427 nuper
720 381 906 417 decederet
924 394 942 417 e
964 382 1049 424 vita,
1076 382 1212 424 diebus,
1235 381 1529 428 quemadmodum
1555 386 1588 417 et
1620 381 1708 416 alias
1738 382 1869 417 referre
1893 383 2051 429 jucunde

426 457 441 471 ιι
464 442 587 477 solitus
603 446 689 484 erat,
712 448 842 490 quanto
862 444 927 479 sibi
942 445 976 478 in
991 444 1053 479 illa
1072 444 1154 478 belli
1169 445 1344 490 pestisque
1367 444 1568 479 calamitate
1596 444 1718 479 fuisset
1743 443 1874 478 solatio
1900 444 1986 479 illud
2015 445 2059 480 ad

426 520 441 534 a
464 505 653 551 Deiparam
673 506 797 540 Lindae
814 506 1185 552 perfugiumTametsi
1201 507 1292 541 enim
1311 518 1471 552 persaepe
1486 507 1544 541 vix
1559 518 1607 547 ea,
1622 518 1700 552 quae
1716 506 1761 540 ad
1772 506 1971 542 faciendam
1987 519 2059 541 rem

427 569 442 596 ἀ
464 567 617 602 divinam
644 568 881 614 requiruntur,
908 569 944 602 in
970 568 1031 603 illa
1059 580 1176 603 rerum
1207 573 1474 615 temporumque
1514 568 1718 603 difficultate
1755 569 1885 615 acquiri
1918 573 2061 615 possent

428 645 443 659 α
465 630 608 676 (tantum
628 631 739 672 abest,
762 635 798 665 ut
817 634 945 666 caetera
963 631 1158 677 affluerent)
1181 631 1375 677 jucundum
1403 635 1516 665 tamen
1537 635 1613 665 erat
1628 630 1697 665 frui
1710 631 1772 665 illa
1790 631 1966 671 facultate,
1991 643 2060 677 qua

430 707 444 721 ιι
467 692 513 726 ad
540 696 736 727 maternum
769 693 869 739 quasi
898 692 1062 739 Deiparae
1093 693 1207 728 sinum
1238 693 1402 728 clientulo
1436 704 1631 733 recurrere,
1669 697 1703 727 et
1735 693 1830 738 apud
1850 693 2062 728 Lindensem

432 769 447 783 a
471 755 580 801 ipsius
613 756 748 801 regiam
779 759 852 790 tum
880 767 963 790 suas
993 760 1066 790 tum
1099 756 1275 791 universae
1310 755 1497 790 Societatis
1515 755 1611 790 vices
1631 755 1756 790 liceret
1774 755 1929 801 defungi.
1956 773 1970 787 ,η
1990 756 2064 794 Quo

428 816 666 863 auspicatiora
686 821 803 852 essent
821 818 926 863 hujus
945 818 1069 863 gloriae
1089 818 1189 852 initia
1220 822 1254 853 et
1284 818 1351 852 loci
1380 808 1548 852 sanctitas
1579 817 1717 852 auctior
1748 818 2060 863 conspectiorque;

430 879 533 914 simul
553 891 589 914 se
610 879 759 914 Lindam
779 879 884 921 Socii,
907 880 1011 914 simul
1029 880 1065 914 in
1084 880 1253 926 templum
1272 880 1423 926 hospitae
1443 892 1517 914 suae
1537 880 1749 914 beatissimae
1778 891 1879 915 sacra
1903 880 2063 915 divorum

431 945 625 989 martyrum
645 942 808 988 pignora,
830 941 1079 988 Symphoriani
1101 946 1134 977 et
1167 943 1358 983 Liberatae,
1391 942 1475 976 anni
1512 942 1603 976 1634
1630 954 1741 976 nonas
1773 942 1939 988 quintiles
1971 943 2062 977 intu-

429 1005 514 1042 lere.
537 1006 627 1040 Rem
647 1005 822 1051 integram
841 1005 902 1046 sic,
927 1009 964 1040 ut
981 1005 1129 1051 accepit,
1151 1008 1273 1039 narrat
1292 1005 1395 1045 idem,
1418 1005 1500 1050 quin
1517 1008 1550 1038 et
1576 1004 1693 1038 verbis
1722 1004 1855 1039 eisdem
1873 1018 1879 1045 ;
1912 1005 2056 1045 veritus,

427 1081 470 1103 ne
488 1068 569 1114 quid
585 1067 639 1102 vel
666 1067 709 1102 de
731 1068 885 1102 auctoris
904 1067 959 1102 vel
985 1067 1027 1102 de
1055 1067 1213 1101 historiae
1231 1067 1378 1101 veritate
1394 1066 1589 1101 detraxisse
1608 1066 1797 1101 videretur.

486 1144 501 1159 e<
525 1130 653 1168 Quinto
672 1129 745 1164 kal.
764 1129 844 1175 julii
876 1141 933 1164 an.
961 1130 1065 1169 1631,
1084 1130 1158 1164 dies
1183 1128 1385 1174 triumphali
1400 1140 1577 1163 sacrorum
1593 1128 1811 1174 lipsanorum
1841 1129 2065 1164 translationi

438 1207 452 1221 α
476 1191 640 1227 definitus
660 1195 713 1226 est
727 1191 762 1226 in
783 1191 942 1226 districtu
962 1191 1196 1239 Resseliensi,
1219 1190 1396 1236 proximus
1416 1201 1437 1224 a
1452 1190 1617 1225 visitante
1632 1190 1874 1224 Elisabetham
1888 1191 2037 1237 Virgine
2055 1204 2062 1225 1

440 1269 455 1283 α
480 1266 561 1289 nam
576 1253 661 1300 ipsis
681 1253 948 1299 augustissima}
967 1253 1129 1299 Virginis
1144 1253 1242 1287 feriis
1266 1252 1527 1287 concedendum
1542 1252 1675 1297 aliquid
1705 1252 1820 1286 fuerat
1837 1252 2015 1288 inusitatae
2034 1257 2068 1288 et

438 1331 453 1345 α
475 1316 762 1362 flagrantissimae
782 1316 961 1350 hominum
979 1315 1114 1362 pietati,
1137 1315 1290 1361 undique
1309 1315 1353 1349 ad
1378 1314 1685 1350 clementissimam
1705 1315 1891 1349 Lindensis
1924 1316 2067 1350 oratorii

440 1394 455 1408 a
478 1379 666 1425 praesidem
684 1379 965 1413 concurrentium
984 1391 991 1419 ;
1014 1378 1142 1424 partim
1174 1382 1211 1411 ut
1225 1377 1366 1412 incenso
1383 1377 1552 1423 supplicis
1572 1377 1683 1412 animi
1704 1377 1798 1412 cultu
1829 1382 1949 1423 optata
1971 1378 2067 1413 desi-

439 1457 454 1472 «
478 1442 655 1478 deriorum
680 1442 851 1477 beneficia
887 1441 1061 1476 communi
1084 1441 1292 1475 miserorum
1323 1440 1427 1475 matri
1454 1441 1547 1486 grati
1580 1445 1832 1486 reportarent:
1871 1440 1998 1487 partim
2030 1444 2068 1475 ut

440 1520 455 1535 ει
477 1505 691 1551 temporaria
711 1504 814 1539 simul
837 1508 871 1539 et
898 1507 1033 1538 aeterna
1065 1503 1194 1538 divina)
1224 1503 1443 1538 liberalitatis
1476 1515 1634 1543 munera,
1670 1504 1869 1538 interventu
1896 1488 2064 1549 piissimae

438 1582 454 1596 κ
477 1567 627 1601 dominae
647 1569 888 1612 exposcerent,
911 1567 1052 1612 suisque
1072 1565 1343 1600 necessitatibus
1358 1570 1613 1611 compararent.
1638 1565 1815 1601 Numerus
1827 1565 2067 1600 concurrentis

441 1645 456 1659 α
479 1633 629 1675 protunc
662 1629 896 1663 multitudinis
929 1629 1001 1663 fere
1030 1629 1183 1674 quinque
1211 1627 1358 1662 millium
1389 1632 1476 1662 erat.
1509 1628 1767 1674 Quadringenti
1799 1628 1916 1662 divino
1948 1626 2068 1662 refecti

440 1708 455 1722 ιι
477 1691 794 1739 epulo‚singularia
804 1691 839 1725 id
855 1691 922 1725 loci
937 1702 1000 1725 sua
1016 1691 1050 1724 in
1065 1691 1179 1725 Deum
1197 1702 1238 1725 ac
1251 1690 1433 1736 Virginem
1448 1690 1600 1725 Matrem
1616 1691 1733 1725 studia
1751 1702 1792 1725 ac
1807 1691 2068 1726 venerationem

440 1769 454 1783 ιι
478 1758 559 1789 sunt
590 1753 760 1788 attestati.
796 1753 867 1788 Iter
898 1764 998 1787 suum
1030 1764 1110 1787 orsa
1135 1756 1187 1786 est
1221 1752 1398 1798 processio
1427 1753 1471 1787 ab
1504 1753 1629 1798 oppido
1666 1753 1900 1793 Besteinensi,
1935 1752 2069 1787 duobus

440 1831 455 1846 a
478 1815 686 1850 milliaribus
702 1814 863 1850 Resselio
884 1814 1020 1856 dissito,
1043 1815 1076 1848 in
1109 1815 1185 1860 ipsa
1204 1814 1379 1849 visitantis
1410 1814 1575 1860 Deiparae
1604 1815 1805 1856 festivitate,
1822 1819 1900 1861 post
1927 1826 2068 1860 vesper-

441 1893 456 1907 α
478 1879 589 1913 tinam
621 1877 729 1911 divini
763 1877 865 1911 officii
897 1877 1141 1923 psalmodiam,
1172 1876 1344 1922 frequenti
1374 1876 1565 1911 incolarum
1605 1888 1775 1911 concursu
1811 1880 1845 1912 et
1886 1876 2065 1918 comitatu,

441 1957 456 1970 α
478 1941 666 1986 multisque
686 1940 864 1975 inusitatae
883 1939 1076 1975 devotionis
1103 1939 1334 1985 argumentis
1372 1938 1585 1973 Deferebant
1614 1939 1852 1974 sacratissima
1875 1943 2068 1986 martyrum

441 2019 456 2033 a
479 2016 559 2040 ossa
582 2004 654 2038 bini
674 2003 890 2050 presbyteri;
914 2004 972 2049 qui
1003 2014 1148 2049 gravem
1172 2002 1255 2037 solis
1280 2002 1413 2036 urentis
1446 2005 1583 2041 aestum,
1606 2005 1640 2035 et
1659 2001 1868 2047 multiplices
1886 2000 2069 2046 longinqui

443 2081 458 2095 α
479 2066 614 2101 itineris
634 2065 813 2100 molestias
833 2068 973 2100 strenua
994 2065 1134 2111 sequaci
1155 2076 1194 2099 ac
1214 2065 1391 2109 morigera
1411 2075 1488 2097 cum
1514 2063 1617 2097 turba
1649 2063 1796 2109 pedibus
1817 2063 2040 2098 confecerunt
2058 2075 2065 2103 ;

444 2144 459 2157 α
482 2129 656 2164 universae
670 2140 755 2163 Vero
774 2128 841 2163 viae
856 2128 999 2162 taedium
1016 2127 1194 2162 indefessa
1211 2127 1407 2162 divinarum
1426 2126 1570 2160 laudum
1603 2138 1643 2160 ac
1675 2126 1812 2171 piorum
1840 2129 2069 2160 concentuum

446 2208 460 2222 α
484 2191 721 2226 vicissitudine
741 2190 953 2225 allevabant.
974 2190 1094 2224 Medio
1110 2190 1146 2224 in
1164 2189 1289 2224 itinere
1307 2189 1462 2235 paroecia
1494 2188 1796 2223 Glocksteinensis
1824 2187 1969 2233 pulchro
2000 2187 2069 2221 ritu

447 2269 462 2284 α
485 2253 698 2300 martyribus
719 2253 856 2287 obviam
876 2253 1057 2298 processit,
1088 2252 1257 2297 novisque
1289 2251 1324 2284 in
1356 2262 1501 2296 superos
1534 2250 1653 2284 functa
1684 2250 1819 2290 officiis,
1854 2249 2069 2295 praecipuum

446 2331 461 2346 κ
483 2315 551 2350 illis
570 2315 737 2349 honorem
758 2314 900 2355 habuit;
922 2325 1002 2348 mox
1021 2313 1101 2349 inde
1121 2313 1197 2359 pari
1216 2313 1442 2347 veneratione
1463 2313 1668 2353 discessum,
1687 2316 1720 2346 et
1735 2312 1834 2357 quasi
1851 2311 1893 2346 de
1912 2311 2064 2356 integro,

444 2393 459 2408 a
481 2382 651 2413 concentu
680 2377 790 2417 vario,
824 2377 1009 2422 prioreque
1037 2376 1171 2416 ordine,
1202 2375 1372 2422 praecipiti
1398 2375 1473 2420 jam
1499 2375 1545 2408 ad
1572 2385 1757 2420 vesperum
1777 2374 1845 2414 die,
1868 2372 2068 2407 Resselium

444 2455 459 2470 a
482 2440 580 2475 itum.
603 2439 808 2474 Consultum
827 2444 909 2474 anto
928 2439 1081 2474 Resselii
1102 2439 1214 2473 fuerat
1233 2438 1314 2484 quid
1335 2449 1352 2472 e
1368 2436 1571 2482 triumphali
1600 2436 1757 2470 divorum
1789 2437 1921 2470 honore
1953 2438 2065 2476 esset;

446 2517 461 2531 κ
484 2514 570 2548 ergo
584 2502 661 2536 urbi
681 2501 860 2546 campanis
885 2501 1022 2546 signum
1055 2501 1186 2539 datum,
1221 2500 1313 2534 cives
1346 2499 1485 2533 militari
1518 2499 1638 2533 ordine
1666 2503 1699 2532 et
1725 2503 1910 2544 apparatu,
1942 2497 2064 2532 labaro
