2184 2953
637 290 742 318 LIBER
767 290 922 324 QfflN'rus
947 289 1155 325 (meo-1610).
1684 287 1744 318 203

129 385 343 430 theologiam
365 383 622 423 scholasticam,
640 395 767 430 magno
789 383 957 430 juvandae
985 382 1121 428 patriae,
1144 381 1327 427 religionis
1346 381 1477 416 scilicet
1495 383 1530 416 in
1549 394 1590 417 ea
1614 382 1742 429 ampli—

129 446 276 482 ficandae
304 446 538 480 inflammatus
562 445 748 485 desiderio,
772 445 851 479 dum
870 455 1075 490 responsum
1102 455 1123 477 a
1142 443 1291 488 praeside
1310 443 1494 478 Societatis
1514 444 1671 489 generali
1703 456 1745 479 ea

130 521 233 555 super
252 520 289 543 re
309 511 469 554 expectat
488 520 494 542 :
512 511 614 542 acuta
633 512 811 553 correptus
829 507 929 547 febri,
953 506 998 540 ad
1023 505 1169 552 praemia
1188 505 1262 550 ejus
1281 505 1472 539 voluntatis
1492 517 1565 540 suae
1589 510 1622 540 et
1645 506 1745 542 meri-

129 575 243 605 torum
258 573 422 604 evocatus
436 573 501 603 est.
524 569 644 603 Funus
669 569 837 603 Richardi
853 580 980 614 magno
1000 579 1077 601 cum
1097 566 1227 601 doloris
1243 578 1350 601 sensu
1364 578 1385 600 a
1409 566 1550 606 civibus,
1568 567 1599 601 in
1622 568 1742 613 primis

129 632 170 666 ab
190 631 417 671 academicis,
443 631 567 676 quibus
587 643 688 665 carus
707 631 867 665 onmibus
885 634 1117 675 acceptusque
1136 632 1220 667 erat,
1251 628 1473 663 celebratum.
1498 629 1601 663 Hunc
1622 631 1742 665 subse-

132 697 231 729 cutus
251 698 304 729 est
330 694 369 728 P.
394 694 520 727 Petrus
551 693 747 733 Krimerus,
779 693 986 727 Germanus.
1023 691 1241 736 Linguarum
1274 690 1348 730 ille,
1380 695 1510 736 praeter
1536 692 1684 736 patriam
1709 696 1743 727 et

130 758 287 798 latinam,
309 757 491 803 poloniam,
511 757 672 791 lotavicae
699 760 733 791 et
759 755 937 790 lituanica}
963 754 1107 800 peritus,
1130 752 1275 798 pulchre
1295 752 1376 793 illis,
1402 752 1447 786 ad
1475 752 1623 787 salutem
1647 753 1741 787 mul·

127 824 254 860 torum,
276 819 425 853 maxime
444 819 478 852 in
505 819 666 857 Livonia,
698 829 781 852 usus
804 829 810 850 :
833 816 1013 850 catholicae
1032 813 1212 859 religionis
1231 813 1399 858 magister
1426 812 1516 847 inter
1542 812 1738 853 haereticos,

125 882 340 924 venatorque
363 878 558 913 animarum
578 878 840 924 sagacissimus.
860 877 1000 922 Septem
1022 875 1144 910 eadem
1162 879 1368 921 tempestate
1388 875 1481 910 Socii
1500 875 1619 909 amissi
1640 875 1741 909 Polo-

126 940 200 975 ciae.
225 940 302 974 Duo
321 939 355 973 in
375 939 441 974 hac
457 940 541 974 urbe
557 940 625 974 illis
641 944 741 974 erant
760 941 899 974 diversa
918 939 1093 974 domicilia
1115 951 1121 972 :
1145 938 1295 975 alterum
1314 949 1442 972 novum
1465 938 1540 983 ipso
1560 937 1596 971 in
1615 937 1741 983 oppido

124 1001 313 1042 veteranis,
340 1001 376 1035 in
395 1012 475 1035 arce
503 1001 666 1042 alterum,
690 1006 787 1036 vetus
815 1001 902 1035 illud
924 1005 957 1035 et
984 1000 1074 1034 male
1101 1000 1333 1040 materiatum,
1362 1000 1566 1035 exercendis
1586 999 1739 1040 novitiis,

125 1064 220 1109 Riga
250 1075 359 1109 nuper
390 1063 584 1103 translatis,
616 1063 835 1109 assignatum
866 1075 872 1096 :
906 1063 941 1097 in
977 1063 1042 1097 hoc
1068 1063 1198 1097 tirones
1226 1066 1384 1109 quatuor,
1412 1062 1594 1108 praestanti
1625 1062 1742 1097 indole

119 1126 281 1172 juveneS‚
304 1124 433 1159 amissi.
452 1124 592 1158 Primus
612 1124 766 1158 omnium
791 1124 956 1158 Urbanus
983 1124 1170 1158 Flosculus
1185 1124 1230 1170 (id
1262 1125 1412 1158 nominis
1438 1124 1519 1170 lego
1550 1124 1585 1158 in
1617 1124 1742 1159 annuis

124 1187 249 1223 litteris
276 1186 416 1232 collegii
445 1186 661 1231 Polocensis)
688 1186 970 1221 adolescentulus
998 1186 1152 1220 moribus
1171 1198 1233 1221 suo
1258 1187 1390 1221 nomini
1405 1186 1602 1226 simillimis,
1625 1186 1742 1221 decer-

126 1251 217 1295 ptus.
246 1247 437 1281 Parentum
457 1246 646 1281 blanditias
662 1251 696 1281 et
715 1258 798 1293 opes
817 1252 864 1289 et,
882 1247 973 1293 quod
990 1247 1140 1282 maxime
1154 1248 1389 1283 execrandum
1402 1248 1560 1294 putabat,
1579 1248 1744 1283 haeresim

129 1309 337 1348 detestatus,
359 1320 426 1354 quo
445 1308 554 1343 tutius
585 1312 719 1342 castum
740 1320 777 1343 se
805 1312 962 1344 servaret
991 1312 1096 1354 atque
1122 1309 1310 1356 integrum,
1336 1310 1410 1344 Deo
1442 1321 1479 1344 se
1503 1309 1538 1343 in
1567 1310 1744 1345 Societate

124 1370 209 1405 Jesu
231 1369 389 1410 devovit;
413 1369 448 1403 in
464 1381 505 1404 ea
523 1369 646 1404 hilaris
665 1381 815 1416 semper,
834 1376 948 1406 erecto
968 1382 1105 1417 semper
1120 1372 1236 1407 animo
1252 1375 1526 1419 experrectoque
1540 1371 1586 1405 ad
1605 1383 1742 1406 omnem

123 1432 203 1468 boni
230 1432 344 1466 meriti
377 1432 606 1473 occasionem,
638 1432 792 1467 omnium
821 1444 1000 1473 reverens,
1022 1433 1184 1468 amabilis
1211 1434 1385 1475 omnibus,
1408 1433 1606 1474 Flosculus,
1636 1433 1743 1481 longe

116 1493 397 1541 jucundissimus
416 1492 459 1528 de
478 1505 515 1528 se
530 1493 663 1528 fructus
680 1494 847 1529 Societati
865 1494 1105 1540 promittebat.

171 1555 220 1590 Ut
247 1566 328 1589 rosa
358 1566 449 1589 rosae
476 1555 525 1589 sic
558 1555 722 1590 Flosculo
749 1555 841 1597 huic,
872 1556 1019 1602 collegae
1046 1568 1122 1598 suo,
1144 1557 1328 1592 Baltassar
1354 1557 1457 1592 Blum
1482 1558 1584 1604 (quod
1616 1570 1742 1594 nomen

123 1618 244 1653 florem
267 1618 349 1652 item
369 1618 555 1652 Germanis
576 1618 665 1663 olet)
691 1618 896 1664 integritate
924 1619 1004 1653 vitae
1024 1619 1157 1660 similis,
1181 1619 1304 1655 eodem
1322 1631 1415 1654 anno
1441 1620 1570 1655 ibidem
1589 1621 1741 1656 animam

121 1680 261 1715 efflavit.
286 1680 396 1714 Laetae
411 1680 616 1715 adolescens
635 1680 774 1719 indolis,
793 1684 827 1715 et
845 1681 881 1714 in
895 1692 1031 1715 omnem
1050 1681 1188 1715 virtutis
1208 1680 1352 1716 formam
1367 1681 1519 1723 ductilis,
1540 1684 1584 1718 ad
1597 1683 1740 1729 pulchra

120 1742 201 1777 vitae
220 1741 397 1787 religiosae
421 1741 591 1788 exempla,
614 1742 764 1788 posteris
783 1742 975 1788 prodenda,
1003 1754 1041 1777 se
1060 1743 1299 1789 comparabat,
1320 1744 1576 1781 ministrantem
1595 1746 1739 1792 aegrotis

120 1804 333 1850 diligenter;
356 1804 406 1838 uti
441 1815 505 1838 sua
538 1804 661 1849 exequi
693 1804 828 1839 solebat
863 1804 1000 1845 omnia;
1027 1805 1169 1840 morbus
1198 1806 1330 1841 afflavit
1360 1807 1539 1853 pestilens,
1573 1808 1739 1854 brevique

120 1866 260 1913 optimae
279 1865 420 1912 plenum
452 1866 525 1911 spei
551 1866 717 1911 juvenem
749 1866 909 1900 confecit.
932 1866 1065 1901 Eodem
1096 1867 1188 1902 malo
1219 1868 1427 1904 interierunt
1446 1870 1568 1904 iisdem
1598 1870 1737 1905 omnino

120 1928 241 1963 diebus
256 1933 360 1974 atque
374 1928 483 1968 horis,
501 1928 626 1974 quibus
638 1939 675 1962 se
689 1928 889 1969 morituros,
904 1939 980 1962 cum
996 1933 1113 1964 essent
1128 1929 1332 1971 incolumes,
1350 1931 1598 1976 praedixerant,
1613 1932 1737 1967 florum

118 1990 263 2024 istorum
284 2001 427 2035 germen
448 1990 559 2024 simile
579 2005 584 2023 :
605 1990 785 2024 Fabianus
805 1990 941 2030 Grems,
962 1990 1040 2025 luce
1066 1991 1145 2026 divo
1172 2003 1234 2026 suo
1262 1992 1420 2027 Fabiano
1447 2004 1561 2034 sacra,
1583 1998 1617 2029 et
1637 1994 1736 2029 Octa-

118 2051 241 2086 vianus
260 2051 451 2086 Meinerus.
476 2051 574 2086 Forti
593 2055 739 2097 uterque
771 2052 887 2086 animo
907 2051 1117 2087 imminentis
1136 2054 1271 2099 accepit
1290 2054 1412 2089 mortis
1431 2055 1610 2095 nuntium;
1633 2067 1736 2101 quam

119 2113 248 2148 scilicet
266 2114 449 2153 maturius,
476 2125 496 2148 a
524 2114 610 2154 Deo,
632 2114 767 2160 opinor,
790 2114 925 2154 moniti,
947 2114 1227 2159 praesensissent.
1248 2116 1369 2160 ltaque
1388 2128 1458 2150 non
1475 2116 1664 2162 imparatos
1691 2118 1735 2152 ab

119 2176 224 2210 armis
247 2176 318 2210 suis
338 2176 373 2210 in
403 2188 564 2222 supremo
583 2176 643 2211 illo
671 2176 861 2211 certamine
891 2176 1032 2210 humani
1051 2177 1192 2222 generis
1216 2177 1327 2212 hostis
1347 2177 1514 2218 offendit,
1536 2179 1735 2215 difficilibus

117 2242 304 2284 utrumque
324 2238 528 2285 infestisque
546 2239 771 2274 tentamentis
790 2250 993 2284 aggressus.
1018 2238 1094 2273 Hoc
1112 2239 1202 2273 victo
1218 2243 1363 2285 uterque
1382 2240 1454 2275 laeti
1472 2245 1685 2287 ovantesque
1700 2242 1733 2276 in

117 2299 280 2334 laudibus
305 2300 432 2334 divinae
455 2301 704 2336 misericordiae
727 2305 760 2336 et
775 2300 980 2346 angelorum
995 2312 1136 2335 suorum
1150 2300 1352 2335 tutelarium
1367 2302 1501 2336 animos
1517 2303 1730 2348 expirarunt.

119 2361 195 2395 Duo
215 2361 337 2396 eadem
354 2366 558 2407 tempestate
577 2362 669 2397 diem
687 2367 797 2398 morte
817 2363 1040 2397 confecerunt
1057 2367 1248 2397 extremum
1263 2363 1436 2398 Pultoviae
1456 2376 1462 2398 :
1486 2364 1557 2399 PP.
1581 2365 1734 2399 Michael

122 2423 278 2462 Bi‘unak,
306 2423 624 2465 Ciechancwiensis,
647 2436 757 2459 annos
786 2436 891 2470 prope
919 2425 1103 2469 sexaginta
1122 2429 1233 2463 natus.
1257 2425 1390 2459 duobus
1409 2429 1442 2460 et
1460 2426 1583 2471 viginti
1604 2426 1638 2461 in
1658 2427 1733 2461 Col-

127 2483 220 2529 legio
240 2485 455 2520 Pultoviensi
485 2485 704 2521 continenter
732 2487 882 2525 exactis;
906 2486 957 2520 vir
977 2486 1146 2520 modestia
1165 2492 1199 2521 et
1217 2487 1385 2532 patientia
1413 2492 1446 2522 et
1465 2488 1579 2522 studio
1607 2489 1734 2523 divina2

1772 385 1834 411 1602

1770 621 1800 647 P.
1814 621 1914 647 Ktime-

1769 668 1823 686 rus.

1824 702 1861 727 11.

1769 741 1879 767 Polociae

1768 785 1869 816 septem
1883 789 1896 806 e

1768 823 1889 856 Collegio

1768 862 1866 888 sublati

1767 902 1846 935 peste.

1768 1125 1874 1151 Floscu-

1769 1165 1810 1190 lus
1823 1164 1894 1191 novi·

1768 1202 1833 1229 tius.

1766 1571 1910 1598 BlumBal-

1766 1611 1860 1636 tassar.

1763 2008 1908 2036 GremsFa-

1765 2048 1870 2079 bianus,

1762 2087 1894 2114 Meinerus

1768 2126 1892 2153 Octavia-

1760 2176 1818 2196 Ilus.
