2184 2953
626 300 730 327 LIBER
756 298 941 328 SECUNDUS
962 296 1172 336 (1571-1580).
1697 295 1736 325 85

122 406 137 420 ιι
160 391 289 425 Sincer.
315 395 349 425 et
368 390 507 425 Fidelit.
532 392 667 425 vestras
694 391 886 429 hortamur,
903 393 941 424 ut
955 389 1095 424 easdem
1114 399 1176 434 pro
1191 388 1280 423 bene
1299 391 1400 432 gesta
1417 387 1596 433 republica
1612 392 1732 433 agant,

123 467 136 479 u
159 451 261 485 simul
280 451 383 485 etiam
402 456 677 497 comprecemur,
702 456 750 492 ut,
774 463 851 497 (11110ι
871 451 1022 496 gerenda
1042 453 1245 495 supersunt,
1268 460 1416 494 quaeque
1435 449 1469 482 in
1489 449 1623 483 hostem
1644 449 1736 482 hunc

123 527 137 541 u
160 513 322 558 deinceps
345 513 571 558 suscepimus,
594 513 713 547 itidem
741 512 1006 548 clementissimo
1024 512 1204 545 fortunare
1224 511 1399 556 dignetur.
1425 510 1525 548 Quod
1556 510 1651 544 illum
1670 521 1732 555 pro

123 589 136 603 u
159 585 222 607 sua
242 570 457 618 benignitate
476 579 510 609 et
528 586 657 613 causae,
676 586 753 620 qua¹
772 574 846 608 inec
864 574 962 607 nobis
979 584 1073 607 arma
1092 572 1216 613 induit,
1239 572 1396 606 bonitate
1416 571 1602 610 facturum,
1625 570 1730 605 confi-

122 650 136 664 α
159 635 282 669 (limus.
306 636 379 669 Nos
402 636 539 681 quidem
558 636 601 670 ad
622 648 691 676 res,
713 648 774 681 pro
795 635 965 670 communi
982 635 1177 680 Republica
1196 635 1383 681 gerendas,
1407 645 1507 668 omne
1527 633 1635 668 animi
1664 637 1732 667 5111-

121 710 136 724 c<
158 697 264 737 dium,
287 708 417 737 curam,
448 697 617 738 laborem,
648 708 802 743 operam,
825 697 1042 742 sanguinem,
1065 701 1169 743 atque
1187 698 1274 732 adeo
1294 698 1400 732 vitam
1427 700 1582 732 nostram
1611 696 1733 741 cupide

121 772 136 786 α
159 769 294 803 semper
311 762 537 803 prompteque
553 759 747 793 afferemus.
772 760 898 793 Datum
922 771 963 793 ex
983 770 1062 793 arce
1081 763 1203 794 nostra
1222 759 1408 794 Polocensi
1427 759 1484 794 die
1498 759 1621 794 ultima
1640 770 1733 793 men-

122 834 137 848 u
160 819 206 853 sis
225 820 377 864 augusti,
402 831 494 854 anno
517 821 620 861 1570,
644 821 743 866 regni
762 833 843 855 vero
862 821 973 855 nostri
992 833 1083 855 anno
1102 824 1238 866 quarto.
1266 838 1281 851 n

167 880 273 926 Capto
306 881 355 915 ita
374 881 514 927 oppido,
540 893 610 916 non
628 882 722 927 prius
740 882 887 916 cessavit
918 894 978 917 rex
1005 883 1125 923 victor,
1149 894 1252 928 quam
1272 894 1315 917 ex
1333 883 1427 917 omni
1448 883 1632 918 Polocensi
1651 894 1730 928 pro-

117 942 226 976 vincia
246 941 456 988 reliquisque
475 943 615 978 ditionis
635 956 707 978 suffe
730 944 887 989 partibus
907 944 1025 979 hostes
1039 945 1210 989 ejecisset,
1233 956 1273 979 ac
1291 956 1395 990 porro
1415 945 1449 978 in
1470 945 1564 990 ipsas
1594 944 1731 979 Mosco-

118 1003 183 1037 viae
205 1004 367 1049 regiones
385 1016 484 1039 arma
506 1016 567 1050 per
585 1005 802 1040 continentes
822 1006 985 1040 victorias
1004 1007 1244 1051 promovisset.
1267 1006 1319 1040 Eo
1339 1007 1456 1040 statim
1475 1006 1549 1052 ipso
1577 1006 1646 1047 die,
1664 1018 1730 1051 quo

116 1065 233 1099 hostes
253 1066 450 1100 exturbavit
469 1067 624 1106 Polocia,
645 1066 716 1101 voti
735 1078 878 1106 memor,
896 1067 940 1101 ad
960 1068 1102 1101 Petrum
1131 1068 1282 1114 Skarga,
1306 1068 1440 1113 Collegi
1459 1071 1629 1102 rectorem
1656 1068 1730 1101 Vil-

119 1141 133 1155 ει
156 1126 285 1167 nensis,
312 1126 450 1161 litteras
478 1127 572 1162 (ledit
599 1139 641 1162 ex
659 1129 783 1162 castris
807 1140 813 1162 z
836 1144 850 1157 α
878 1128 1018 1163 ι11105501
1036 1141 1167 1175 praeses
1189 1134 1222 1165 et
1241 1131 1295 1165 5111
1316 1142 1431 1165 50011111
1451 1130 1554 1171 Socii,
1572 1130 1732 1176 quodque

119 1203 134 1217 α
157 1188 231 1234 ipse
253 1189 326 1223 Deo
359 1201 421 1235 pro
454 1190 600 1224 victoria
628 1190 790 1231 dicasset,
813 1196 1036 1238 occuparent.
1059 1193 1113 1227 Ne
1133 1193 1204 1228 suis
1223 1194 1273 1228 illi
1296 1194 1475 1229 Lusitanis
1496 1194 1732 1240 Hispanisque

119 1264 133 1278 u
155 1249 352 1284 inviderent
383 1250 472 1285 alios
506 1252 542 1285 in
559 1252 645 1286 Asia
677 1257 710 1286 01
727 1252 888 1288 Α11101·10;1
906 1254 1066 1293 mundos,
1089 1255 1162 1289 Deo
1190 1256 1427 1301 quaerentibus
1447 1256 1704 1290 consecrandos
1723 1269 1728 1290 :

120 1327 133 1341 τ
155 1314 311 1359 proxime
344 1326 380 1349 se
413 1316 518 1350 Indos
548 1328 624 1351 esse
653 1320 687 1350 et
709 1317 865 1361 ε1511101105
889 1327 894 1348 z
917 1315 951 1349 in
974 1320 1078 1361 gente
1098 1317 1260 1352 videlicet
1290 1318 1536 1353 Polocensium
1566 1318 1730 1358 Russica,

118 1387 133 1400 α
158 1385 273 1408 rerum
293 1375 489 1410 divinarum
509 1377 586 1410 rudi
603 1377 739 1423 oppido.
767 1396 781 1410 „

163 1435 252 1470 Dum
273 1437 363 1472 Socii
383 1439 464 1473 ituri
482 1451 518 1474 se
538 1440 718 1485 colligunt,
743 1441 881 1475 Vilnam
914 1445 947 1476 et
971 1453 1033 1476 rex
1061 1442 1159 1476 adest
1179 1444 1303 1487 quarto
1322 1452 1433 1476 nonas
1465 1442 1637 1476 octobres.
1661 1442 1729 1476 Ac-

115 1497 215 1531 cersit
245 1502 327 1534 ante
355 1499 442 1534 alios
471 1500 697 1535 Franciscum
725 1502 935 1537 Sunnerium
961 1507 995 1537 et
1020 1504 1166 1538 Petrum
1192 1502 1357 1547 Skarga3
1386 1502 1457 1537 voti
1485 1503 1671 1549 sponsione
1698 1515 1734 1538 se

115 1558 275 1599 exsolvit,
293 1560 474 1606 assignato
494 1561 647 1597 Polociae
668 1563 834 1598 Societati
855 1564 1041 1604 domicilio,
1064 1564 1191 1605 fundis,
1214 1564 1368 1610 praediis,
1391 1568 1425 1599 et
1443 1563 1524 1598 fano
1544 1565 1730 1604 Rutenico,

114 1630 135 1653 a
178 1619 257 1654 diva
293 1621 466 1664 praxede,
497 1623 623 1658 (lucum
661 1624 917 1659 Polociensium
958 1626 1042 1667 filia,
1078 1627 1159 1661 olim
1191 1628 1352 1668 condito;
1388 1627 1479 1673 quod
1514 1627 1687 1674 hodieque
1715 1640 1732 1663 a

115 1680 305 1716 Salvatoris
330 1684 468 1718 nomine
488 1685 554 1728 (cui
589 1685 766 1720 Praxedes
800 1685 885 1720 illud
921 1687 1117 1722 dedicatum
1149 1689 1269 1733 11011111)
1300 1691 1388 1731 Spas
1422 1689 1580 1724 rutenica
1608 1689 1730 1735 lingua

114 1748 349 1788 nuncupatum
385 1745 556 1791 rebusque
587 1747 661 1780 aliis
694 1748 854 1782 munifice
886 1750 1073 1785 attributis.
1097 1753 1188 1788 Rem
1216 1765 1367 1793 omnem,
1397 1765 1418 1788 a
1444 1765 1527 1799 rege
1560 1754 1727 1794 oblatam,

114 1806 308 1853 tabulisque
339 1807 493 1853 legitime
525 1809 776 1851 confirmatam,
814 1813 952 1847 nomine
983 1815 1143 1859 praesidis
1162 1816 1215 1850 sui
1235 1816 1465 1850 Provincialis
1497 1816 1673 1857 Sunnerii‚
1695 1817 1727 1851 in

115 1869 294 1904 Poloniam
322 1872 471 1907 antehac
502 1874 647 1913 evocati,
682 1874 807 1910 Petrus
840 1876 991 1922 Skarga,
1027 1877 1181 1912 deductis
1209 1877 1244 1911 in
1272 1876 1444 1911 coloniam
1472 1877 1725 1919 sacerdotibus,

115 1930 288 1966 Stanislao
304 1933 499 1968 Leniciensi
514 1939 548 1969 et
561 1935 582 1969 J
586 1946 698 1970 oanne
712 1935 860 1977 Alando,
879 1942 982 1983 atque
997 1939 1157 1985 adjutore
1171 1939 1323 1984 Georgio
1339 1938 1478 1981 Hincio,
1494 1939 1543 1974 IV
1556 1940 1727 1977 kalendas

107 1994 213 2040 julias
232 1997 313 2030 anni
333 1997 424 2031 1580
443 2002 597 2043 occupat.
621 1998 798 2044 Principio
818 1999 935 2032 statim
952 1999 1062 2034 Sociis
1081 2000 1211 2035 invidia
1231 2001 1418 2036 multorum
1437 2005 1513 2036 erat
1530 2002 1724 2037 subeunda.

115 2058 250 2094 Primus
277 2060 429 2095 omnium
456 2061 519 2096 fuit
548 2061 715 2096 Nicolaus
744 2062 887 2096 Monvid
926 2063 1215 2110 Dorohostayski,
1240 2064 1498 2099 Polociensium
1528 2064 1724 2105 Palatinus,

114 2125 350 2166 propugnator
377 2122 653 2158 calvinianarum
677 2123 829 2169 partium
855 2125 1058 2159 acerrimus.
1083 2126 1162 2166 Hic,
1185 2138 1245 2172 per
1265 2126 1456 2161 industrias
1483 2138 1602 2162 omnes
1621 2139 1729 2173 nego-

115 2182 199 2217 tium
229 2195 419 2230 aggressus
461 2186 655 2232 hospitibus
684 2187 869 2227 facessere,
904 2200 973 2222 non
1009 2192 1090 2223 ante
1126 2187 1263 2234 incepto
1298 2188 1446 2228 destitit,
1477 2199 1580 2234 quam
1614 2189 1730 2224 vivere

115 2245 284 2287 desiisset,
307 2259 396 2282 anno
420 2249 510 2285 1597
529 2249 561 2295 (1)
590 2250 775 2284 extinctus.
802 2250 901 2285 Unus
922 2252 1076 2286 omnium
1095 2250 1214 2284 Socios
1241 2250 1357 2285 animo
1377 2251 1513 2297 excepit
1532 2251 1730 2296 gratissimo

116 2306 320 2343 Franciscus
344 2309 431 2350 Zuk,
461 2310 551 2344 arcis
580 2310 615 2344 in
642 2310 708 2345 hoc
727 2314 852 2359 oppido
880 2326 1025 2360 praeses,
1048 2316 1099 2349 vir
1128 2315 1268 2355 nobilis,
1290 2315 1387 2361 isque
1413 2315 1521 2362 regiae
1540 2327 1651 2362 nuper
1678 2328 1732 2351 co-

116 2368 224 2403 hortis
243 2370 363 2405 ductor
384 2376 555 2406 strenuus.
580 2372 660 2412 Hic,
682 2374 854 2409 domicilio
874 2376 908 2409 in
933 2377 1112 2422 superiore
1132 2378 1221 2411 arcis
1245 2377 1388 2423 regione
1408 2377 1518 2412 Sociis
1538 2378 1730 2424 assignato,

115 2432 267 2477 hospites
291 2435 387 2469 laute
417 2436 536 2470 habuit
572 2444 606 2471 et
635 2448 656 2470 a
679 2442 773 2471 1110111
806 2449 958 2472 securos.

157 2495 194 2530 11)
218 2495 248 2523 V.
268 2498 285 2524 1.
305 2497 352 2531 111,
372 2506 397 2524 n.
419 2500 475 2526 17.

1764 397 1826 422 1579

1762 883 1881 909 Ρο100011-

1762 922 1797 947 sis
1805 923 1907 956 collegii

1761 962 1900 988 exordium.

1761 1999 1822 2024 152⁸«)

1758 2080 1896 2107 Palatinus

1759 2123 1840 2149 Sociis
1860 2121 1903 2147 ad-

1759 2161 1884 2188 versatur.
