2184 2953
456 293 515 324 160
858 295 1135 324 LITUANICARUM
1159 294 1373 323 SOCIETATIS
1395 294 1481 323 JESU
1505 294 1757 323 HISTORIARUM

285 393 346 419 1589
458 401 473 416 κ
495 388 629 423 temini.
652 389 967 435 Obsequentissimi
985 389 1133 435 principi
1150 393 1266 424 vestro
1285 389 1397 423 videri
1427 389 1544 431 vultis,
1563 402 1641 424 cum
1662 394 1780 425 tamen
1807 389 1982 425 mandatis
2011 388 2082 424 suis

458 465 473 478 α
496 450 734 496 resragamini.
753 450 907 485 Reddite
934 451 1096 497 primum,
1118 452 1210 496 quod
1228 452 1391 497 princeps
1410 451 1579 497 imperat;
1610 456 1681 486 tum
1709 452 1848 487 demum
1873 452 1922 486 ita
1948 454 2078 490 vestra,

458 527 472 540 α
498 524 541 547 ex
555 512 671 547 animo
690 524 766 548 esse
786 513 955 559 profecta,
973 512 1087 548 officia
1100 513 1307 559 probabitis.
1328 513 1476 559 Templa
1495 514 1677 549 catholicis
1686 514 1762 559 jam
1781 526 1872 549 nunc
1891 512 2079 548 restituite.

457 588 472 602 a
496 574 595 612 Quod
611 574 639 609 si
657 575 839 615 recusatis,
859 575 1001 617 credite,
1015 587 1093 621 quae
1111 587 1203 610 nunc
1221 576 1440 611 orationibus
1456 575 1581 610 vestris
1600 576 1642 610 de
1658 575 1770 621 Regis
1789 575 1974 610 clementia
1993 586 2082 621 prae-

455 651 477 664 τε
499 635 654 677 dicastis,
676 648 755 671 mox
774 637 859 677 fore,
881 648 943 682 per
961 638 1057 683 justa
1077 638 1261 683 supplicia,
1284 649 1416 684 perque
1438 637 1627 673 maledicta
1649 642 1764 673 vestra
1782 642 1820 672 ut
1838 637 2039 672 recantetis.
2067 653 2082 668 ω

502 698 551 732 Ea
571 698 743 733 sententia
762 698 945 745 perculsis,
963 700 1133 734 revixisse
1153 700 1316 735 continuo
1333 700 1533 747 Stephanus
1560 711 1623 735 rex
1643 700 1679 734 in
1705 699 1931 745 Sigismundo
1950 699 2084 744 Rigen-

454 759 550 794 sibus
571 760 667 794 visus
687 764 760 801 est;
782 760 896 795 minus
916 761 998 796 inde
1017 761 1178 808 expedita
1197 766 1272 797 erat
1290 763 1334 797 ad
1361 764 1643 809 respondendum
1665 763 1884 803 deliberatio,
1906 763 1987 797 hinc
2004 774 2079 808 per-

453 822 595 864 tinacia,
616 823 711 857 illinc
732 826 826 858 metu
844 823 979 857 animos
1003 823 1230 860 distrahente.
1254 826 1339 860 Mox
1354 826 1487 861 invidia
1513 832 1606 862 metu
1629 828 1841 873 superiorein
1861 827 1942 861 fecit
1961 831 2080 861 contu-

454 886 598 920 maciam
618 898 624 919 :
646 898 727 921 nam
743 886 787 919 ad
803 898 900 920 suum
917 887 1053 921 remissi
1073 888 1292 933 praetorium,
1306 900 1327 922 a
1344 888 1489 923 meridie
1503 889 1547 923 ad
1562 889 1686 923 horam
1702 900 1718 923 a
1739 889 1841 933 Rege
1856 888 2082 922 constitutam

451 946 658 982 audaciores
681 948 753 994 jam
781 948 902 989 multo,
925 948 960 982 in
980 961 1041 984 suo
1066 950 1197 985 scilicet
1227 951 1353 985 sufflati
1376 951 1536 991 consilio,
1560 956 1593 986 et
1611 952 1832 987 verbosiores
1864 951 2012 987 rediere.
2034 950 2084 985 Ac

281 974 392 1000 Haereti-

278 1021 364 1080 conzm
449 1011 582 1057 primus
615 1012 754 1057 quidem
775 1024 851 1046 cum
883 1013 1040 1059 principe
1068 1014 1143 1059 ipso
1173 1014 1374 1059 expostulat
1397 1027 1403 1049 2
1430 1030 1444 1044 κ
1470 1017 1750 1062 quandoquidem
1783 1016 1848 1062 ipsi
1881 1015 2083 1062 obsequium

279 1063 324 1081 Con
342 1063 413 1081 unla-

278 1094 327 1120 cia.
455 1088 470 1101 ιι
493 1073 586 1119 Regi
606 1073 819 1113 detulerunt,
841 1086 992 1120 aequum,
1023 1076 1146 1121 inquit,
1170 1076 1220 1110 uti
1238 1076 1390 1110 vicissim
1406 1089 1467 1111 rex
1494 1077 1562 1112 illis
1589 1078 1722 1124 aliquid
1741 1078 1935 1112 clementia}
1954 1078 2079 1123 imper-

454 1151 469 1164 α
486 1136 563 1176 tiat‚
586 1137 756 1182 majorum
772 1137 904 1173 scilicet
928 1138 1100 1184 exemplo.
1120 1137 1160 1171 Id
1179 1137 1406 1183 Stephanum,
1430 1139 1465 1173 id
1484 1140 1674 1185 superioris
1695 1140 1810 1174 {etatis
1830 1139 2022 1185 principes,
2046 1139 2080 1172 id

454 1213 469 1227 ει
491 1198 569 1233 olim
587 1210 734 1244 magnos
753 1210 890 1246 quoque
905 1200 1144 1235 Theutonicos
1162 1199 1358 1245 Magistros
1376 1200 1568 1236 factitasse.
1587 1201 1686 1235 Nihil
1706 1213 1742 1235 se
1757 1201 1866 1247 iniqui
1881 1201 2074 1247 postulare.

452 1275 468 1288 κ
487 1261 573 1299 Quae
600 1262 654 1296 sui
677 1262 748 1308 jam
781 1261 863 1296 olim
890 1266 1008 1297 essent
1039 1262 1213 1307 mancipii,
1235 1274 1305 1296 non
1324 1262 1447 1303 aliena,
1477 1263 1513 1297 iu
1541 1263 1614 1298 soro
1640 1263 1789 1309 justitia?
1817 1267 1851 1298 et
1883 1256 2080 1297 clementiae

452 1338 467 1352 α
490 1323 601 1369 regiae
619 1327 790 1370 repetere.
814 1324 1021 1370 Respiceret
1040 1324 1318 1371 sapientissimus
1337 1325 1510 1370 princeps,
1533 1325 1561 1359 si
1577 1325 1815 1371 magistratus,
1841 1325 1942 1371 jussu
1964 1325 2076 1371 regio,

454 1399 469 1413 κ
492 1396 564 1419 rein
588 1385 720 1421 civitati
740 1397 957 1421 communem
975 1386 1197 1427 abalienarit,
1223 1385 1306 1431 quid
1324 1387 1489 1432 consequi
1517 1391 1696 1433 oporteat:
1712 1392 1842 1433 quanta
1865 1387 1973 1433 pestis
2000 1399 2080 1422 con-

452 1462 467 1475 «
489 1447 623 1482 sulibus
637 1459 658 1482 a
680 1448 782 1493 plebe
798 1448 972 1494 sociisque
991 1449 1149 1494 ejusdem
1168 1451 1273 1483 secta]
1292 1448 1491 1483 civitatibus
1509 1448 1700 1483 immineat.
1727 1467 1742 1481 η

278 1521 373 1548 Orator
498 1509 631 1544 Eadem
650 1514 860 1555 argumenta
887 1511 1022 1556 excepit
1040 1510 1140 1551 alter,
1158 1510 1344 1556 multisque
1372 1510 1578 1551 orationem,
1597 1510 1776 1544 memoriae
1802 1509 1952 1545 fideliter
1975 1522 2072 1545 mau-

274 1561 400 1635 Ἐξέὲῗεζ
449 1571 580 1612 datam,
599 1572 804 1618 ambagibus
833 1572 878 1606 ad
904 1572 1157 1607 lassitudimem
1186 1584 1281 1607 suam
1301 1576 1336 1607 et
1362 1571 1559 1606 auditorum
1578 1571 1821 1606 circumduxit.
1841 1571 2010 1616 Denique,
2034 1576 2071 1606 ut
2111 1577 2115 1581 '

275 1649 326 1668 um.
446 1633 746 1679 stultiloquentiae,
764 1633 894 1668 fastidii
920 1633 1047 1679 plenz‘e,
1070 1633 1272 1668 conciliaret
1293 1633 1454 1679 gratiam,
1469 1633 1590 1678 jussus
1619 1644 1798 1678 perorare,
1825 1632 1962 1667 duobus
1983 1633 2074 1678 digi-

447 1696 504 1737 tis,
526 1699 685 1742 precatus
714 1695 830 1729 nescio
857 1695 939 1741 quid
959 1695 1052 1741 Regi
1085 1696 1232 1741 gurdus,
1254 1694 1445 1730 benedixit.
1468 1695 1513 1729 Et
1532 1695 1748 1729 stomachum
1766 1695 1883 1740 itaque
1911 1695 2073 1729 omnibus

281 1794 360 1820 Tricae
381 1794 413 1821 de
448 1757 556 1792 movit
575 1769 616 1792 ea
634 1757 768 1792 homuli
797 1757 908 1791 oratio
938 1763 972 1792 et
990 1758 1108 1792 risum.
1129 1758 1311 1803 Castigata
1331 1757 1502 1792 ethorum
1519 1757 1733 1803 impudentia
1761 1761 1796 1792 et
1821 1757 1949 1791 civium
1967 1757 2074 1803 perti-

276 1833 383 1867 templis
449 1820 549 1854 nacia
572 1820 681 1866 regiis
710 1831 773 1866 per
805 1819 1051 1854 cancellarium
1083 1821 1211 1861 verbis,
1241 1820 1352 1861 abire,
1386 1824 1515 1854 etcum
1546 1820 1617 1854 suis
1650 1820 1851 1855 consulibus
1879 1820 2071 1866 quiescere,

274 1875 415 1944 ffigtituen-
445 1882 627 1929 jubentur,
648 1881 714 1916 nisi
736 1881 824 1915 dura
843 1881 951 1916 velint
978 1883 1141 1928 experiri.
1164 1882 1210 1917 At
1229 1883 1292 1923 illi,
1316 1893 1436 1916 rursus
1464 1880 1529 1915 sibi
1549 1885 1586 1915 ut
1616 1880 1677 1915 fiat
1702 1882 1844 1928 reliqum
1865 1882 1939 1928 ejus
1958 1882 2075 1927 utique

317 1939 322 1944 ’
452 1946 567 1980 noctis
595 1945 637 1980 ad
671 1944 935 1979 deliberandum
955 1957 1074 1986 usura,
1097 1956 1214 1985 orare;
1236 1944 1346 1980 acturi
1375 1943 1519 1982 scilicet,
1553 1946 1589 1976 ut
1614 1942 1709 1977 cives
1737 1943 1791 1977 sui
1818 1943 1863 1977 ad
1889 1942 2075 1977 sanitatem

450 2007 611 2049 redeant,
641 2018 841 2051 moremque
869 2011 994 2052 gerant
1017 2008 1178 2054 principi.
1210 2009 1250 2042 In
1275 2008 1342 2042 ista
1368 2005 1678 2051 tergiversantium
1715 2005 1960 2045 obstinatione,
1993 2004 2075 2051 quin

448 2070 559 2104 malos
589 2069 679 2104 male
699 2068 874 2115 perderet,
898 2069 973 2115 ipsa
1004 2070 1140 2115 Regem
1169 2069 1353 2105 clementia
1385 2066 1562 2102 sustinuit.
1586 2068 1795 2113 Quanquam
1819 2067 1885 2101 sibi
1910 2067 1986 2113 jam
2005 2066 2073 2100 alio

446 2130 681 2165 festinandum
697 2135 792 2171 erat;
825 2131 938 2165 adhuc
965 2135 1081 2166 tamen
1101 2143 1138 2166 se
1165 2132 1199 2166 in
1219 2131 1346 2177 oppido
1366 2129 1549 2165 continuit.
1582 2130 1619 2164 Id
1647 2130 1751 2164 etiam
1783 2129 1910 2175 gratiae
1941 2128 2068 2174 iniquis

447 2193 566 2227 datum
597 2193 804 2228 triconibus.
834 2193 965 2228 Addita
983 2205 1025 2228 ea
1051 2194 1164 2228 veniae
1197 2193 1360 2232 conditio,
1382 2195 1432 2232 ut,
1455 2192 1483 2225 si
1512 2191 1715 2226 obedienter
1745 2191 1869 2236 exequi
1897 2191 2070 2237 imperata

448 2255 647 2297 statuerint,
668 2256 779 2302 prima
807 2256 883 2290 luce
911 2256 1129 2297 1·evenirent;
1153 2256 1207 2290 sin
1233 2254 1487 2290 obstinaverint
1506 2254 1643 2294 animis,
1674 2253 1875 2289 revellenda
1902 2264 1923 2287 a
1955 2253 2067 2288 cervi-

448 2317 558 2358 cibus,
577 2318 692 2364 capita
706 2318 859 2364 protervi
876 2318 1063 2352 obtrudere
1082 2318 1171 2352 irato
1190 2317 1336 2363 principi
1350 2327 1394 2350 ne
1411 2316 1594 2351 auderent.
1616 2316 1755 2350 Adsunt
1773 2315 1939 2361 postridie
1953 2315 2066 2361 primo

448 2380 599 2415 diluculo
615 2394 622 2421 ς
644 2380 810 2426 templum
829 2391 847 2414 e
861 2380 996 2414 duobus
1015 2380 1143 2425 ereptis
1170 2392 1276 2414 unum
1307 2379 1475 2421 reddunt2
1506 2392 1602 2416 more
1621 2381 1754 2415 scilicet
1784 2380 1897 2414 furum
1913 2380 1959 2426 (id
1978 2380 2070 2425 quod

446 2444 556 2478 iratus
570 2446 674 2488 atque
693 2442 737 2476 ad
756 2441 910 2476 insanam
929 2442 1107 2477 hominum
1135 2442 1302 2477 malitiam
1333 2442 1517 2477 subridens
1533 2443 1661 2477 dixisse
1680 2443 1790 2477 fertur
1808 2443 1887 2477 Rex
1905 2441 1989 2488 ipse)
2009 2441 2069 2487 qui

447 2517 504 2540 res
521 2504 720 2540 dimidiatas
744 2504 980 2550 contritasque
997 2509 1179 2550 reponant.
1202 2505 1306 2546 Nam,
1331 2509 1369 2540 ut
1398 2506 1548 2542 alterum
1571 2507 1677 2542 etiam
1703 2506 1870 2552 templum
1888 2505 2068 2547 reddatur,
