2184 2953
266 386 325 411 1591

262 446 381 473 Virtutes

262 486 408 520 praecipuae.

435 287 492 318 170
820 291 1092 320 LlTUANlCARUM
1116 291 1328 320 SOCIETATls
1349 292 1434 321 JESU
1458 293 1709 321 HISTORIARL'M

435 382 744 428 congregationem
767 383 886 425 misso,
911 387 1037 431 rogatu
1057 384 1099 418 P.
1123 383 1224 418 Pauli
1250 383 1389 418 Boksza
1408 385 1587 431 praepositi
1610 386 1818 431 interposita
1846 390 1966 422 sancte
1987 386 2056 423 fide

436 445 568 486 datum,
591 446 798 482 auctoritate
816 446 956 493 publica
970 446 1166 491 litterisque
1180 446 1305 480 Romae
1327 446 1361 480 in
1381 446 1588 492 apostolica,
1610 451 1647 481 ut
1669 451 1808 487 vocant,
1831 458 1972 483 camera
1990 448 2058 484 rite

434 508 688 543 confirmatum.
711 509 916 544 Laudantur
941 508 977 543 in
1003 508 1070 543 hoc
1096 509 1170 542 viro
1198 509 1374 554 praecipue
1397 521 1404 543 ;
1427 508 1608 554 religionis
1636 508 1803 549 studium,
1821 509 1923 544 firma
1955 510 2054 552 fides,

433 581 512 617 spes
526 570 631 605 rebus
645 571 682 605 in
699 571 818 606 arduis
838 576 994 617 experta,
1008 582 1107 605 amor
1126 570 1190 605 Dei
1209 574 1243 605 et
1262 571 1430 605 memoria
1445 571 1520 616 ejus
1540 572 1725 617 praesentis
1744 572 1779 606 in
1799 572 1958 607 omnibus
1977 574 2059 608 vitae

433 633 555 668 officiis
573 637 762 680 perpetua;
786 633 877 678 quod
897 632 1012 667 vultus
1032 633 1135 667 etiam
1150 644 1233 667 suus
1249 637 1282 667 et
1301 644 1414 668 sermo
1430 636 1629 667 exaestuans
1645 633 1849 669 indicabant
1864 648 1871 676 ;
1889 635 2056 676 charitas,

435 699 470 732 et
488 695 672 742 diligentia
691 696 726 730 in
756 707 840 730 cura
868 695 1046 741 egentium
1073 695 1223 730 maxime
1242 699 1276 730 et
1302 695 1510 730 miserorum
1540 695 1768 736 incredibilis,
1790 696 1997 742 obsequium
2025 700 2060 732 et

435 759 656 794 observantia
687 759 723 792 in
746 769 879 798 onmes
900 758 1098 803 praesertim
1129 758 1165 792 in
1197 757 1368 803 praesides
1402 767 1501 798 suos;
1532 768 1679 802 quorum
1707 761 1812 792 nutus
1846 759 1951 793 etiam
1980 759 2058 794 dili—

434 820 586 867 gentius,
604 832 706 866 quam
739 820 866 865 aliquis
897 819 1074 854 felicitatis
1101 830 1174 853 suae
1204 819 1375 865 auspicia,
1398 819 1610 853 observabat
1637 832 1642 854 :
1668 824 1740 854 tum
1769 820 1954 862 modestia,
1977 821 2058 855 sub-

432 883 564 923 missio,
587 883 731 917 comitas
747 894 824 916 cum
844 881 1018 927 gravitate
1033 892 1180 922 morum,
1198 882 1233 915 in
1249 881 1353 915 rebus
1369 893 1446 916 cum
1460 884 1636 929 prosperis
1656 887 1729 918 tum
1742 884 1905 919 adversis
1921 896 2058 931 semper

432 950 596 981 constans
621 945 700 986 sibi,
723 948 860 980 erectus
890 947 1112 989 attentusque
1141 943 1187 978 ad
1210 945 1429 979 occasionem
1448 945 1588 979 virtutis
1624 950 1657 980 et
1688 947 1892 981 meritorum
1919 958 2056 982 omnem

431 1009 580 1043 animus.
604 1008 661 1042 Sic
678 1008 831 1054 prudens
859 1006 917 1041 ille
944 1017 1081 1052 semper
1107 1009 1142 1040 et
1159 1007 1445 1052 circumspectus,
1466 1012 1503 1042 ut
1528 1008 1623 1053 ipsos
1650 1009 1910 1053 quatuordecim
1928 1020 2053 1051 annos,

431 1071 555 1118 quibus
576 1082 693 1105 secum
720 1069 949 1111 convixefint,
971 1081 1014 1104 ne
1041 1069 1186 1103 verbum
1212 1068 1364 1114 quidem,
1387 1068 1480 1114 quod
1504 1080 1574 1103 non
1603 1070 1742 1104 omnino
1770 1074 1862 1106 esset
1888 1071 2055 1118 religioso

432 1135 575 1180 dignum
589 1133 678 1174 viro,
702 1144 739 1167 se
764 1144 806 1167 ex
825 1132 867 1166 P.
887 1131 1040 1166 Antonio
1056 1142 1209 1177 unquam
1226 1130 1377 1171 audisse,
1393 1131 1538 1166 Garsias
1552 1132 1643 1167 idem
1667 1132 1867 1168 affirmaret.
1892 1133 2055 1169 Omnium

431 1197 490 1232 ille
509 1197 566 1243 pie
591 1195 781 1236 studiosus,
807 1205 930 1228 amans
955 1197 1058 1239 atque
1092 1194 1283 1228 observans
1306 1206 1312 1228 z
1336 1194 1486 1228 omnium
1515 1205 1577 1228 suo
1604 1194 1714 1241 ipsius
1745 1206 1850 1230 sensu
1882 1196 2022 1232 infimus
2046 1211 2053 1233 :

431 1263 552 1295 contra
571 1259 645 1305 ipse
673 1257 835 1304 opinione
865 1257 1018 1291 omnium
1046 1256 1099 1290 vir
1130 1256 1286 1302 apprime
1306 1256 1442 1296 doctus,
1464 1259 1618 1297 sanctus,
1643 1257 1864 1291 venerabilis.
1884 1258 1963 1304 Ipse
1991 1260 2056 1294 viri

431 1325 638 1368 conspectus
657 1331 720 1366 pro
740 1319 943 1365 magisterio
958 1319 1099 1365 pietatis
1116 1323 1191 1355 erat
1215 1319 1425 1355 academicis
1439 1320 1588 1355 maxime
1604 1320 1807 1366 juvenibus.
1833 1321 1968 1356 Horum
1992 1323 2055 1358 ali-

431 1385 507 1431 quis
530 1384 567 1418 in
586 1394 648 1418 suo
663 1385 756 1417 coetu
771 1381 1026 1428 contemplatus
1045 1380 1201 1423 Patrem,
1212 1382 1427 1429 affectusque
1446 1383 1688 1424 admiratione,
1700 1383 1745 1418 ad
1765 1395 1845 1418 suos
1867 1396 2056 1421 conversus

431 1446 595 1495 gregales
618 1458 624 1480 :
646 1460 661 1474 u
680 1445 782 1486 bone,
801 1445 924 1491 inquit,
947 1445 1060 1479 Deus!
1081 1445 1110 1479 si
1129 1448 1265 1480 tantum
1285 1456 1303 1479 e
1318 1445 1416 1479 vultu
1436 1445 1627 1480 sacerdotis
1650 1445 1753 1492 hujus
1773 1447 1901 1482 eminet
1927 1451 2055 1484 sancti-

433 1525 449 1539 «
470 1509 597 1544 moniae
628 1508 733 1542 decus
752 1520 758 1541 :
781 1510 948 1552 quantam
967 1511 1104 1553 oportet
1133 1518 1211 1542 esse
1237 1506 1351 1542 lucem
1369 1506 1474 1553 hujus
1501 1507 1683 1553 dignitatis
1708 1507 1743 1540 in
1762 1507 1824 1542 illa
1844 1508 2054 1546 Sanctorum

433 1590 448 1604 a
471 1573 625 1608 omnium
653 1582 796 1610 corona,
820 1571 855 1605 in
876 1570 1014 1605 Christo
1039 1571 1136 1611 Jesu,
1156 1571 1191 1605 in
1210 1570 1327 1605 Matre
1347 1571 1422 1616 ejus
1444 1569 1677 1604 Beatissima?
1697 1587 1712 1601 >a
1738 1570 1791 1604 Ex
1810 1570 1870 1605 illo
1897 1575 2053 1619 tempore

429 1636 633 1672 adolescens
649 1639 683 1670 et
697 1635 771 1680 ipse
790 1645 872 1668 suos
887 1634 1064 1680 castigare
1080 1645 1207 1673 mores,
1220 1634 1385 1679 pietatem
1404 1632 1519 1667 colere
1533 1632 1737 1677 impensius,
1749 1632 1875 1668 offerre
1890 1646 1927 1669 se
1942 1635 2050 1677 Patri,

428 1700 558 1737 eodem,
569 1697 672 1733 animi
692 1697 745 1732 sui
772 1696 822 1731 uti
854 1696 986 1731 arbitro
1021 1700 1055 1731 et
1081 1695 1163 1729 vitae
1196 1696 1377 1741 magistro.
1402 1692 1534 1728 Eadem
1566 1705 1701 1727 morum
1733 1695 1906 1731 suavitate
1937 1697 2054 1734 allecti

426 1763 570 1809 juvenes
585 1759 644 1794 alii
661 1758 871 1805 complures,
889 1757 955 1804 ipsi
976 1769 1112 1803 quoque
1132 1769 1182 1797 se,
1204 1757 1497 1804 praeceptionibus
1512 1757 1586 1803 ejus
1601 1757 1802 1793 formandos
1822 1759 2050 1803 salutaribus,

427 1823 519 1859 ultro
552 1821 683 1856 dabant
705 1833 711 1855 :
734 1819 934 1866 frequentes
962 1820 1116 1865 quotidie
1145 1820 1349 1855 cathedram
1379 1821 1536 1870 Antonii,
1557 1821 1794 1858 confessiones
1821 1827 2048 1871 exceptantis‚

428 1885 712 1923 circumstabant.
737 1882 947 1918 Mendiculis
967 1882 1213 1928 rusticulisque
1237 1895 1299 1929 pro
1321 1887 1480 1918 curatore
1500 1884 1576 1917 erat
1594 1892 1635 1915 ac
1655 1884 1765 1926 patre¹
1791 1882 1968 1930 Quidquid
1987 1886 2052 1922 sibi

430 1950 584 1986 oblatum
604 1950 709 1987 esset,
727 1956 896 1980 concessu
916 1944 1119 1991 praesidum,
1136 1949 1246 1980 totum
1266 1946 1302 1980 in
1321 1949 1464 1992 egentes
1483 1946 1662 1991 erogabat.

466 2010 637 2046 Dimissus
653 2020 695 2044 ex
721 2007 803 2042 aula
829 2006 940 2053 regia,
966 2007 1058 2052 quod
1086 2006 1161 2052 ipse
1179 2006 1237 2041 vix
1264 2007 1424 2053 precibus
1445 2007 1562 2042 multis
1590 2008 1808 2054 impetrarat,
1830 2020 1908 2043 cum
1936 2009 1971 2044 in
1992 2010 2052 2045 Li-

431 2073 587 2108 tuaniam
606 2083 648 2106 ex
667 2069 816 2105 Polonia
834 2069 976 2109 rediret,
1001 2069 1035 2102 in
1067 2068 1190 2104 itinere
1211 2068 1349 2104 demum
1380 2069 1560 2116 comperit,
1579 2069 1689 2104 multa
1715 2070 1751 2104 in
1770 2082 1869 2105 suum
1897 2083 2049 2114 currum,

430 2136 498 2182 pize
524 2133 657 2179 reginae
680 2133 795 2177 jussu,
817 2131 958 2177 ingesta
985 2130 1182 2166 clanculum
1209 2143 1271 2178 pro
1298 2132 1441 2172 viatico,
1464 2142 1527 2165 nec
1546 2142 1658 2178 pauca
1688 2131 1872 2173 utensilia;
1895 2145 1973 2179 quae
1994 2134 2052 2170 ille

430 2197 547 2233 omnia
574 2195 608 2229 in
628 2196 850 2229 occurrentes
880 2192 946 2227 sibi
974 2192 1153 2227 mendicos
1182 2192 1342 2227 distraxit
1363 2205 1369 2227 z
1393 2194 1680 2228 succensentibus
1699 2194 1735 2228 id
1761 2194 1833 2229 suis
1852 2195 2049 2236 comitibus,

432 2259 555 2305 quibus
575 2269 616 2293 ea
634 2256 781 2301 largitas
801 2255 993 2301 profusioni
1022 2266 1125 2300 quam
1152 2255 1354 2290 liberalitati
1375 2255 1521 2289 similior
1545 2255 1735 2290 videretur.
1759 2256 1930 2302 Lepidum
1949 2257 2047 2299 illud,

433 2321 523 2368 quod
553 2319 683 2354 fecerat
704 2318 740 2351 in
772 2317 896 2351 itinere
930 2328 1006 2351 cum
1035 2316 1213 2351 cardinale
1250 2317 1402 2363 Georgio
1431 2317 1623 2358 Radivillo,
1645 2317 1822 2352 dioecesim
1854 2329 1952 2353 suam
1979 2319 2048 2354 col-

432 2384 615 2419 lustrante.
641 2380 776 2426 Hyeme
799 2379 1004 2424 perfrigida,
1027 2379 1181 2414 serotino
1208 2382 1377 2424 tempore,
1399 2379 1443 2413 ad
1475 2380 1667 2425 principem
1703 2379 1934 2415 diversantem
1966 2392 2047 2416 con—

433 2445 541 2482 currit
554 2444 715 2488 frequens
735 2452 777 2476 ex
796 2441 896 2486 pagis
911 2440 1058 2486 populus
1078 2454 1155 2476 cum
1171 2441 1383 2488 supplicibus
1401 2441 1542 2478 libellis.
1565 2441 1619 2477 Ad
1635 2445 1839 2488 occupatum
1856 2443 2048 2488 negotiosis

432 2507 587 2555 epistolis
613 2504 784 2551 praecluso
815 2503 925 2544 aditu,
948 2514 1017 2537 nox
1043 2506 1119 2538 erat
1145 2503 1209 2537 sub
1240 2503 1296 2537 dio
1325 2503 1522 2549 algentibus
1553 2504 1794 2550 transigenda.
1817 2505 1995 2540 Sustinere
2013 2506 2047 2540 id
