<?xml version="1.0" encoding="UTF-8"?>
<!DOCTYPE html PUBLIC "-//W3C//DTD XHTML 1.0 Transitional//EN"
    "http://www.w3.org/TR/xhtml1/DTD/xhtml1-transitional.dtd">
<html xmlns="http://www.w3.org/1999/xhtml" xml:lang="en" lang="en">
 <head>
  <title>
</title>
<meta http-equiv="Content-Type" content="text/html;charset=utf-8" />
  <meta name='ocr-system' content='tesseract 3.04.00' />
  <meta name='ocr-capabilities' content='ocr_page ocr_carea ocr_par ocr_line ocrx_word'/>
</head>
<body>
  <div class='ocr_page' id='page_1' title='image "./lituanicarumsoci00rost_0079.png"; bbox 0 0 2184 2953; ppageno 0'>
   <div class='ocr_carea' id='block_1_1' title="bbox 659 303 1777 344">
    <p class='ocr_par' dir='ltr' id='par_1_1' title="bbox 659 303 1777 344">
     <span class='ocr_line' id='line_1_1' title="bbox 659 303 1777 344; baseline -0.004 -12"><span class='ocrx_word' id='word_1_1' title='bbox 659 304 764 333; x_wconf 82' lang='lat' dir='ltr'>LIBER</span> <span class='ocrx_word' id='word_1_2' title='bbox 788 304 974 334; x_wconf 84' lang='lat' dir='ltr'>SECUNDUS</span> <span class='ocrx_word' id='word_1_3' title='bbox 997 303 1208 344; x_wconf 81' lang='lat'>(1571-1580).</span> <span class='ocrx_word' id='word_1_4' title='bbox 1737 303 1777 335; x_wconf 89' lang='grc'>55</span> 
     </span>
    </p>
   </div>
   <div class='ocr_carea' id='block_1_2' title="bbox 145 395 1774 2054">
    <p class='ocr_par' dir='ltr' id='par_1_2' title="bbox 155 395 1774 992">
     <span class='ocr_line' id='line_1_2' title="bbox 162 395 1774 436; baseline -0.001 -3"><span class='ocrx_word' id='word_1_5' title='bbox 162 399 240 433; x_wconf 89' lang='lat' dir='ltr'>litas</span> <span class='ocrx_word' id='word_1_6' title='bbox 260 402 294 433; x_wconf 90' lang='lat' dir='ltr'>et</span> <span class='ocrx_word' id='word_1_7' title='bbox 308 399 461 433; x_wconf 84' lang='lat' dir='ltr'>concitas</span> <span class='ocrx_word' id='word_1_8' title='bbox 480 398 634 432; x_wconf 83' lang='lat' dir='ltr'>facinore</span> <span class='ocrx_word' id='word_1_9' title='bbox 658 397 848 432; x_wconf 86' lang='lat' dir='ltr'>catholicos</span> <span class='ocrx_word' id='word_1_10' title='bbox 872 397 962 431; x_wconf 90' lang='lat' dir='ltr'>inter</span> <span class='ocrx_word' id='word_1_11' title='bbox 981 400 1015 431; x_wconf 88' lang='lat' dir='ltr'>et</span> <span class='ocrx_word' id='word_1_12' title='bbox 1040 395 1227 431; x_wconf 81' lang='lat' dir='ltr'>haereticos</span> <span class='ocrx_word' id='word_1_13' title='bbox 1259 395 1394 429; x_wconf 84' lang='lat' dir='ltr'>sedavit</span> <span class='ocrx_word' id='word_1_14' title='bbox 1424 395 1558 436; x_wconf 77' lang='lat' dir='ltr'>turbas,</span> <span class='ocrx_word' id='word_1_15' title='bbox 1580 398 1614 431; x_wconf 91' lang='lat' dir='ltr'>et</span> <span class='ocrx_word' id='word_1_16' title='bbox 1637 396 1774 431; x_wconf 89' lang='lat' dir='ltr'>virtutis</span> 
     </span>
     <span class='ocr_line' id='line_1_3' title="bbox 161 457 1774 505; baseline -0.001 -11"><span class='ocrx_word' id='word_1_17' title='bbox 161 472 233 494; x_wconf 78' lang='lat' dir='ltr'>suae</span> <span class='ocrx_word' id='word_1_18' title='bbox 256 461 546 495; x_wconf 77' lang='lat' dir='ltr'>existimationem</span> <span class='ocrx_word' id='word_1_19' title='bbox 560 459 687 505; x_wconf 82' lang='lat' dir='ltr'>populo</span> <span class='ocrx_word' id='word_1_20' title='bbox 707 459 936 495; x_wconf 86' lang='lat' dir='ltr'>confirmavit.</span> <span class='ocrx_word' id='word_1_21' title='bbox 964 459 1162 493; x_wconf 75' lang='lat' dir='ltr'>Observare</span> <span class='ocrx_word' id='word_1_22' title='bbox 1180 457 1262 490; x_wconf 80' lang='lat' dir='ltr'>inde</span> <span class='ocrx_word' id='word_1_23' title='bbox 1281 460 1420 490; x_wconf 75' lang='lat' dir='ltr'>nostros</span> <span class='ocrx_word' id='word_1_24' title='bbox 1440 458 1640 497; x_wconf 75' lang='lat' dir='ltr'>studiosius,</span> <span class='ocrx_word' id='word_1_25' title='bbox 1675 458 1774 494; x_wconf 82' lang='lat' dir='ltr'>adire</span> 
     </span>
     <span class='ocr_line' id='line_1_4' title="bbox 158 521 1774 568; baseline -0.001 -12"><span class='ocrx_word' id='word_1_26' title='bbox 158 522 385 568; x_wconf 84' lang='lat' dir='ltr'>frequentius.</span> <span class='ocrx_word' id='word_1_27' title='bbox 421 522 575 556; x_wconf 78' lang='lat' dir='ltr'>consiliis</span> <span class='ocrx_word' id='word_1_28' title='bbox 612 522 688 567; x_wconf 69' lang='lat' dir='ltr'>regi</span> <span class='ocrx_word' id='word_1_29' title='bbox 723 521 858 556; x_wconf 76' lang='lat' dir='ltr'>facilius</span> <span class='ocrx_word' id='word_1_30' title='bbox 890 521 1058 560; x_wconf 78' lang='lat' dir='ltr'>haeretici,</span> <span class='ocrx_word' id='word_1_31' title='bbox 1094 531 1239 565; x_wconf 89' lang='lat' dir='ltr'>quorum</span> <span class='ocrx_word' id='word_1_32' title='bbox 1273 530 1291 553; x_wconf 90' lang='lat' dir='ltr'>e</span> <span class='ocrx_word' id='word_1_33' title='bbox 1324 530 1466 553; x_wconf 87' lang='lat' dir='ltr'>numero</span> <span class='ocrx_word' id='word_1_34' title='bbox 1499 523 1630 565; x_wconf 81' lang='lat' dir='ltr'>septem</span> <span class='ocrx_word' id='word_1_35' title='bbox 1667 532 1774 566; x_wconf 87' lang='lat' dir='ltr'>supra</span> 
     </span>
     <span class='ocr_line' id='line_1_5' title="bbox 158 580 1772 629; baseline -0.002 -11"><span class='ocrx_word' id='word_1_36' title='bbox 158 584 353 629; x_wconf 78' lang='lat' dir='ltr'>sexaginta,</span> <span class='ocrx_word' id='word_1_37' title='bbox 377 584 467 618; x_wconf 87' lang='lat' dir='ltr'>inter</span> <span class='ocrx_word' id='word_1_38' title='bbox 491 595 550 618; x_wconf 84' lang='lat' dir='ltr'>eos</span> <span class='ocrx_word' id='word_1_39' title='bbox 570 587 674 617; x_wconf 60' lang='lat' dir='ltr'>secta}r</span> <span class='ocrx_word' id='word_1_40' title='bbox 703 583 874 618; x_wconf 77' lang='lat' dir='ltr'>luteranae</span> <span class='ocrx_word' id='word_1_41' title='bbox 901 594 1009 617; x_wconf 89' lang='lat' dir='ltr'>annos</span> <span class='ocrx_word' id='word_1_42' title='bbox 1041 581 1222 616; x_wconf 80' lang='lat' dir='ltr'>duodecim</span> <span class='ocrx_word' id='word_1_43' title='bbox 1253 591 1381 626; x_wconf 70' lang='lat' dir='ltr'>praeco,</span> <span class='ocrx_word' id='word_1_44' title='bbox 1413 580 1593 626; x_wconf 87' lang='lat' dir='ltr'>intemplo</span> <span class='ocrx_word' id='word_1_45' title='bbox 1625 581 1772 628; x_wconf 80' lang='lat' dir='ltr'>Collegii</span> 
     </span>
     <span class='ocr_line' id='line_1_6' title="bbox 157 646 1769 695; baseline 0.002 -14"><span class='ocrx_word' id='word_1_46' title='bbox 157 648 219 682; x_wconf 91' lang='lat' dir='ltr'>sub</span> <span class='ocrx_word' id='word_1_47' title='bbox 236 648 340 683; x_wconf 82' lang='lat' dir='ltr'>ferias</span> <span class='ocrx_word' id='word_1_48' title='bbox 356 649 539 683; x_wconf 84' lang='lat' dir='ltr'>Paschatis</span> <span class='ocrx_word' id='word_1_49' title='bbox 559 649 761 683; x_wconf 82' lang='lat' dir='ltr'>orthodoxis</span> <span class='ocrx_word' id='word_1_50' title='bbox 782 649 846 683; x_wconf 88' lang='lat' dir='ltr'>rite</span> <span class='ocrx_word' id='word_1_51' title='bbox 878 652 956 683; x_wconf 89' lang='lat' dir='ltr'>sunt</span> <span class='ocrx_word' id='word_1_52' title='bbox 987 647 1094 682; x_wconf 87' lang='lat' dir='ltr'>additi</span> <span class='ocrx_word' id='word_1_53' title='bbox 1132 647 1262 693; x_wconf 79' lang='lat'>(1575).</span> <span class='ocrx_word' id='word_1_54' title='bbox 1301 646 1497 681; x_wconf 72' lang='lat' dir='ltr'>praeierunt</span> <span class='ocrx_word' id='word_1_55' title='bbox 1532 647 1586 681; x_wconf 87' lang='lat' dir='ltr'>his</span> <span class='ocrx_word' id='word_1_56' title='bbox 1612 649 1769 695; x_wconf 81' lang='lat' dir='ltr'>exemplo</span> 
     </span>
     <span class='ocr_line' id='line_1_7' title="bbox 158 708 1767 757; baseline 0.001 -13"><span class='ocrx_word' id='word_1_57' title='bbox 158 710 193 745; x_wconf 92' lang='lat' dir='ltr'>S.</span> <span class='ocrx_word' id='word_1_58' title='bbox 218 710 321 745; x_wconf 85' lang='lat' dir='ltr'>Rom.</span> <span class='ocrx_word' id='word_1_59' title='bbox 358 711 497 756; x_wconf 84' lang='lat' dir='ltr'>Imperii</span> <span class='ocrx_word' id='word_1_60' title='bbox 523 710 709 757; x_wconf 72' lang='lat' dir='ltr'>principes,</span> <span class='ocrx_word' id='word_1_61' title='bbox 740 710 895 756; x_wconf 76' lang='lat' dir='ltr'>germani</span> <span class='ocrx_word' id='word_1_62' title='bbox 927 710 1052 744; x_wconf 87' lang='lat' dir='ltr'>fratres</span> <span class='ocrx_word' id='word_1_63' title='bbox 1087 712 1257 755; x_wconf 82' lang='lat' dir='ltr'>quatuor:</span> <span class='ocrx_word' id='word_1_64' title='bbox 1297 708 1465 743; x_wconf 87' lang='lat' dir='ltr'>Nicolaus</span> <span class='ocrx_word' id='word_1_65' title='bbox 1484 709 1767 755; x_wconf 85' lang='lat' dir='ltr'>Christophorus,</span> 
     </span>
     <span class='ocr_line' id='line_1_8' title="bbox 158 771 1768 819; baseline 0.001 -13"><span class='ocrx_word' id='word_1_66' title='bbox 158 772 342 819; x_wconf 81' lang='lat' dir='ltr'>Georgius,</span> <span class='ocrx_word' id='word_1_67' title='bbox 373 772 537 808; x_wconf 85' lang='lat' dir='ltr'>Albertus</span> <span class='ocrx_word' id='word_1_68' title='bbox 573 776 606 807; x_wconf 88' lang='lat' dir='ltr'>et</span> <span class='ocrx_word' id='word_1_69' title='bbox 643 772 853 812; x_wconf 83' lang='lat' dir='ltr'>Stanislaus‚</span> <span class='ocrx_word' id='word_1_70' title='bbox 892 771 1084 812; x_wconf 78' lang='lat' dir='ltr'>Raclivilli3</span> <span class='ocrx_word' id='word_1_71' title='bbox 1123 771 1157 805; x_wconf 90' lang='lat' dir='ltr'>hi</span> <span class='ocrx_word' id='word_1_72' title='bbox 1189 782 1300 816; x_wconf 84' lang='lat' dir='ltr'>nuper</span> <span class='ocrx_word' id='word_1_73' title='bbox 1331 782 1352 804; x_wconf 87' lang='lat' dir='ltr'>a</span> <span class='ocrx_word' id='word_1_74' title='bbox 1383 771 1577 806; x_wconf 82' lang='lat' dir='ltr'>calviniano</span> <span class='ocrx_word' id='word_1_75' title='bbox 1614 774 1768 808; x_wconf 89' lang='lat' dir='ltr'>revocati</span> 
     </span>
     <span class='ocr_line' id='line_1_9' title="bbox 156 833 1767 879; baseline 0.001 -10"><span class='ocrx_word' id='word_1_76' title='bbox 156 838 259 875; x_wconf 83' lang='lat' dir='ltr'>coetu,</span> <span class='ocrx_word' id='word_1_77' title='bbox 281 835 336 870; x_wconf 88' lang='lat' dir='ltr'>die</span> <span class='ocrx_word' id='word_1_78' title='bbox 368 834 487 869; x_wconf 81' lang='lat' dir='ltr'>Ceenae</span> <span class='ocrx_word' id='word_1_79' title='bbox 510 835 647 869; x_wconf 86' lang='lat' dir='ltr'>Domini</span> <span class='ocrx_word' id='word_1_80' title='bbox 677 835 722 869; x_wconf 87' lang='lat' dir='ltr'>ad</span> <span class='ocrx_word' id='word_1_81' title='bbox 749 837 905 869; x_wconf 86' lang='lat' dir='ltr'>mensam</span> <span class='ocrx_word' id='word_1_82' title='bbox 932 834 1057 868; x_wconf 90' lang='lat' dir='ltr'>divinis</span> <span class='ocrx_word' id='word_1_83' title='bbox 1081 845 1216 868; x_wconf 88' lang='lat' dir='ltr'>sacram</span> <span class='ocrx_word' id='word_1_84' title='bbox 1234 833 1421 879; x_wconf 79' lang='lat' dir='ltr'>mysteriis,</span> <span class='ocrx_word' id='word_1_85' title='bbox 1444 833 1645 879; x_wconf 77' lang='lat' dir='ltr'>gratulante</span> <span class='ocrx_word' id='word_1_86' title='bbox 1672 835 1767 870; x_wconf 85' lang='lat' dir='ltr'>fideli</span> 
     </span>
     <span class='ocr_line' id='line_1_10' title="bbox 155 895 1768 942; baseline 0.001 -12"><span class='ocrx_word' id='word_1_87' title='bbox 155 896 293 942; x_wconf 88' lang='lat' dir='ltr'>populo,</span> <span class='ocrx_word' id='word_1_88' title='bbox 343 900 566 932; x_wconf 85' lang='lat' dir='ltr'>accesserunt</span> <span class='ocrx_word' id='word_1_89' title='bbox 585 910 591 937; x_wconf 89' lang='lat'>;</span> <span class='ocrx_word' id='word_1_90' title='bbox 642 895 768 931; x_wconf 85' lang='lat' dir='ltr'>deinde</span> <span class='ocrx_word' id='word_1_91' title='bbox 798 896 866 931; x_wconf 86' lang='lat' dir='ltr'>alio</span> <span class='ocrx_word' id='word_1_92' title='bbox 916 896 971 931; x_wconf 87' lang='lat' dir='ltr'>die</span> <span class='ocrx_word' id='word_1_93' title='bbox 1001 908 1063 942; x_wconf 82' lang='lat' dir='ltr'>per</span> <span class='ocrx_word' id='word_1_94' title='bbox 1106 896 1305 941; x_wconf 87' lang='lat' dir='ltr'>episcopum</span> <span class='ocrx_word' id='word_1_95' title='bbox 1348 896 1552 932; x_wconf 83' lang='lat' dir='ltr'>Vilnensem</span> <span class='ocrx_word' id='word_1_96' title='bbox 1596 897 1768 933; x_wconf 86' lang='lat' dir='ltr'>catholico</span> 
     </span>
     <span class='ocr_line' id='line_1_11' title="bbox 155 957 450 992; baseline 0 0"><span class='ocrx_word' id='word_1_97' title='bbox 155 958 223 992; x_wconf 89' lang='lat' dir='ltr'>ritu</span> <span class='ocrx_word' id='word_1_98' title='bbox 241 957 450 992; x_wconf 88' lang='lat' dir='ltr'>confirmati.</span> 
     </span>
    </p>

    <p class='ocr_par' dir='ltr' id='par_1_3' title="bbox 145 1018 1771 2054">
     <span class='ocr_line' id='line_1_12' title="bbox 203 1018 1768 1066; baseline 0 -12"><span class='ocrx_word' id='word_1_99' title='bbox 203 1020 277 1054; x_wconf 86' lang='lat' dir='ltr'>Res</span> <span class='ocrx_word' id='word_1_100' title='bbox 293 1020 505 1054; x_wconf 89' lang='lat' dir='ltr'>Polonorum</span> <span class='ocrx_word' id='word_1_101' title='bbox 524 1018 674 1064; x_wconf 87' lang='lat' dir='ltr'>publica,</span> <span class='ocrx_word' id='word_1_102' title='bbox 704 1021 889 1053; x_wconf 76' lang='lat' dir='ltr'>cunctante</span> <span class='ocrx_word' id='word_1_103' title='bbox 914 1018 948 1052; x_wconf 88' lang='lat' dir='ltr'>in</span> <span class='ocrx_word' id='word_1_104' title='bbox 977 1018 1092 1052; x_wconf 81' lang='lat' dir='ltr'>Gallia</span> <span class='ocrx_word' id='word_1_105' title='bbox 1116 1018 1267 1052; x_wconf 88' lang='lat' dir='ltr'>Henrico</span> <span class='ocrx_word' id='word_1_106' title='bbox 1289 1018 1431 1053; x_wconf 89' lang='lat' dir='ltr'>Valesio</span> <span class='ocrx_word' id='word_1_107' title='bbox 1457 1019 1667 1054; x_wconf 77' lang='lat' dir='ltr'>factionibus</span> <span class='ocrx_word' id='word_1_108' title='bbox 1692 1031 1768 1066; x_wconf 89' lang='lat' dir='ltr'>per-</span> 
     </span>
     <span class='ocr_line' id='line_1_13' title="bbox 152 1079 1769 1127; baseline 0.001 -12"><span class='ocrx_word' id='word_1_109' title='bbox 152 1081 304 1123; x_wconf 86' lang='lat' dir='ltr'>turbata,</span> <span class='ocrx_word' id='word_1_110' title='bbox 326 1081 371 1115; x_wconf 90' lang='lat' dir='ltr'>ad</span> <span class='ocrx_word' id='word_1_111' title='bbox 385 1081 625 1126; x_wconf 74' lang='lat' dir='ltr'>interregnum</span> <span class='ocrx_word' id='word_1_112' title='bbox 647 1080 751 1114; x_wconf 77' lang='lat' dir='ltr'>venit.</span> <span class='ocrx_word' id='word_1_113' title='bbox 777 1080 935 1114; x_wconf 85' lang='lat' dir='ltr'>Orabant</span> <span class='ocrx_word' id='word_1_114' title='bbox 954 1091 1015 1126; x_wconf 84' lang='lat' dir='ltr'>per</span> <span class='ocrx_word' id='word_1_115' title='bbox 1038 1079 1174 1125; x_wconf 76' lang='lat' dir='ltr'>legatos</span> <span class='ocrx_word' id='word_1_116' title='bbox 1194 1079 1318 1114; x_wconf 82' lang='lat' dir='ltr'>Poloni</span> <span class='ocrx_word' id='word_1_117' title='bbox 1333 1092 1466 1126; x_wconf 73' lang='lat' dir='ltr'>regem,</span> <span class='ocrx_word' id='word_1_118' title='bbox 1494 1092 1536 1115; x_wconf 93' lang='lat' dir='ltr'>ne</span> <span class='ocrx_word' id='word_1_119' title='bbox 1551 1092 1601 1121; x_wconf 88' lang='lat' dir='ltr'>se,</span> <span class='ocrx_word' id='word_1_120' title='bbox 1629 1085 1769 1127; x_wconf 75' lang='lat' dir='ltr'>gentem</span> 
     </span>
     <span class='ocr_line' id='line_1_14' title="bbox 145 1141 1771 1189; baseline 0.001 -12"><span class='ocrx_word' id='word_1_121' title='bbox 145 1144 220 1189; x_wconf 84' lang='lat' dir='ltr'>jam</span> <span class='ocrx_word' id='word_1_122' title='bbox 239 1154 349 1183; x_wconf 86' lang='lat' dir='ltr'>suam,</span> <span class='ocrx_word' id='word_1_123' title='bbox 375 1157 390 1170; x_wconf 71' lang='grc' dir='ltr'><em>α</em></span> <span class='ocrx_word' id='word_1_124' title='bbox 412 1142 447 1176; x_wconf 87' lang='lat' dir='ltr'>in</span> <span class='ocrx_word' id='word_1_125' title='bbox 462 1142 515 1177; x_wconf 89' lang='lat' dir='ltr'>sui</span> <span class='ocrx_word' id='word_1_126' title='bbox 534 1141 707 1176; x_wconf 89' lang='lat' dir='ltr'>desiderio</span> <span class='ocrx_word' id='word_1_127' title='bbox 736 1146 769 1176; x_wconf 88' lang='lat' dir='ltr'>et</span> <span class='ocrx_word' id='word_1_128' title='bbox 791 1154 906 1176; x_wconf 81' lang='lat' dir='ltr'>rerum</span> <span class='ocrx_word' id='word_1_129' title='bbox 933 1142 1194 1188; x_wconf 73' lang='lat' dir='ltr'>perturbatione</span> <span class='ocrx_word' id='word_1_130' title='bbox 1214 1153 1289 1176; x_wconf 86' lang='lat' dir='ltr'>esse</span> <span class='ocrx_word' id='word_1_131' title='bbox 1308 1146 1487 1188; x_wconf 83' lang='lat' dir='ltr'>pateretur</span> <span class='ocrx_word' id='word_1_132' title='bbox 1509 1155 1515 1177; x_wconf 89' lang='lat'><strong>:</strong></span> <span class='ocrx_word' id='word_1_133' title='bbox 1538 1143 1628 1177; x_wconf 89' lang='lat' dir='ltr'>diem</span> <span class='ocrx_word' id='word_1_134' title='bbox 1643 1143 1771 1178; x_wconf 82' lang='lat' dir='ltr'>reditui</span> 
     </span>
     <span class='ocr_line' id='line_1_15' title="bbox 155 1204 1767 1251; baseline 0.001 -12"><span class='ocrx_word' id='word_1_135' title='bbox 155 1219 170 1233; x_wconf 68' lang='grc' dir='ltr'><em>α</em></span> <span class='ocrx_word' id='word_1_136' title='bbox 192 1216 254 1240; x_wconf 92' lang='lat' dir='ltr'>suo</span> <span class='ocrx_word' id='word_1_137' title='bbox 274 1209 435 1251; x_wconf 84' lang='lat' dir='ltr'>quartum</span> <span class='ocrx_word' id='word_1_138' title='bbox 462 1204 538 1238; x_wconf 90' lang='lat' dir='ltr'>idus</span> <span class='ocrx_word' id='word_1_139' title='bbox 558 1205 668 1250; x_wconf 74' lang='lat' dir='ltr'>majas</span> <span class='ocrx_word' id='word_1_140' title='bbox 688 1204 791 1250; x_wconf 85' lang='lat' dir='ltr'>hujus</span> <span class='ocrx_word' id='word_1_141' title='bbox 819 1204 902 1237; x_wconf 88' lang='lat' dir='ltr'>anni</span> <span class='ocrx_word' id='word_1_142' title='bbox 929 1204 1160 1249; x_wconf 80' lang='lat' dir='ltr'>praestitutum</span> <span class='ocrx_word' id='word_1_143' title='bbox 1189 1215 1285 1245; x_wconf 78' lang='lat' dir='ltr'>esse3</span> <span class='ocrx_word' id='word_1_144' title='bbox 1319 1204 1364 1238; x_wconf 89' lang='lat' dir='ltr'>ad</span> <span class='ocrx_word' id='word_1_145' title='bbox 1391 1216 1492 1250; x_wconf 89' lang='lat' dir='ltr'>quem</span> <span class='ocrx_word' id='word_1_146' title='bbox 1520 1205 1586 1240; x_wconf 92' lang='lat' dir='ltr'>nisi</span> <span class='ocrx_word' id='word_1_147' title='bbox 1613 1206 1767 1247; x_wconf 80' lang='lat' dir='ltr'>venerit,</span> 
     </span>
     <span class='ocr_line' id='line_1_16' title="bbox 155 1265 1770 1312; baseline 0 -10"><span class='ocrx_word' id='word_1_148' title='bbox 155 1282 169 1295; x_wconf 60' lang='grc' dir='ltr'><strong><em>κ</em></strong></span> <span class='ocrx_word' id='word_1_149' title='bbox 188 1268 299 1312; x_wconf 85' lang='lat' dir='ltr'>ipsum</span> <span class='ocrx_word' id='word_1_150' title='bbox 331 1267 396 1301; x_wconf 81' lang='lat' dir='ltr'>sibi</span> <span class='ocrx_word' id='word_1_151' title='bbox 423 1266 675 1311; x_wconf 70' lang='lat' dir='ltr'>abrogaturum</span> <span class='ocrx_word' id='word_1_152' title='bbox 710 1277 785 1300; x_wconf 80' lang='lat' dir='ltr'>esse</span> <span class='ocrx_word' id='word_1_153' title='bbox 825 1265 959 1310; x_wconf 64' lang='lat' dir='ltr'>regium</span> <span class='ocrx_word' id='word_1_154' title='bbox 995 1265 1028 1299; x_wconf 89' lang='lat' dir='ltr'>in</span> <span class='ocrx_word' id='word_1_155' title='bbox 1065 1265 1212 1300; x_wconf 86' lang='lat' dir='ltr'>Polonia</span> <span class='ocrx_word' id='word_1_156' title='bbox 1256 1266 1529 1312; x_wconf 65' lang='lat' dir='ltr'>magistratum,</span> <span class='ocrx_word' id='word_1_157' title='bbox 1559 1267 1770 1303; x_wconf 82' lang='lat' dir='ltr'>desiderium</span> 
     </span>
     <span class='ocr_line' id='line_1_17' title="bbox 150 1327 1769 1375; baseline 0.001 -12"><span class='ocrx_word' id='word_1_158' title='bbox 150 1329 313 1374; x_wconf 88' lang='lat' dir='ltr'>principis</span> <span class='ocrx_word' id='word_1_159' title='bbox 332 1329 461 1363; x_wconf 86' lang='lat' dir='ltr'>diutius</span> <span class='ocrx_word' id='word_1_160' title='bbox 479 1329 561 1362; x_wconf 83' lang='lat' dir='ltr'>ferri</span> <span class='ocrx_word' id='word_1_161' title='bbox 578 1340 646 1362; x_wconf 90' lang='lat' dir='ltr'>non</span> <span class='ocrx_word' id='word_1_162' title='bbox 661 1339 775 1373; x_wconf 86' lang='lat' dir='ltr'>posse.</span> <span class='ocrx_word' id='word_1_163' title='bbox 793 1345 808 1358; x_wconf 63' lang='lat' dir='ltr'><em>n</em></span> <span class='ocrx_word' id='word_1_164' title='bbox 832 1327 900 1362; x_wconf 91' lang='lat' dir='ltr'>Sed</span> <span class='ocrx_word' id='word_1_165' title='bbox 919 1327 1074 1368; x_wconf 87' lang='lat' dir='ltr'>Valesio,</span> <span class='ocrx_word' id='word_1_166' title='bbox 1103 1327 1246 1362; x_wconf 77' lang='lat' dir='ltr'>Gallicis</span> <span class='ocrx_word' id='word_1_167' title='bbox 1274 1328 1377 1363; x_wconf 82' lang='lat' dir='ltr'>rebus</span> <span class='ocrx_word' id='word_1_168' title='bbox 1404 1328 1585 1375; x_wconf 87' lang='lat' dir='ltr'>implicito,</span> <span class='ocrx_word' id='word_1_169' title='bbox 1603 1330 1769 1365; x_wconf 86' lang='lat' dir='ltr'>festinare</span> 
     </span>
     <span class='ocr_line' id='line_1_18' title="bbox 151 1389 1770 1437; baseline 0.002 -14"><span class='ocrx_word' id='word_1_170' title='bbox 151 1394 225 1425; x_wconf 89' lang='lat' dir='ltr'>erat</span> <span class='ocrx_word' id='word_1_171' title='bbox 241 1402 307 1424; x_wconf 89' lang='lat' dir='ltr'>non</span> <span class='ocrx_word' id='word_1_172' title='bbox 336 1390 524 1435; x_wconf 76' lang='lat' dir='ltr'>integrum.</span> <span class='ocrx_word' id='word_1_173' title='bbox 548 1390 670 1435; x_wconf 83' lang='lat' dir='ltr'>Itaque</span> <span class='ocrx_word' id='word_1_174' title='bbox 691 1389 829 1423; x_wconf 86' lang='lat' dir='ltr'>indictis</span> <span class='ocrx_word' id='word_1_175' title='bbox 856 1389 891 1422; x_wconf 90' lang='lat' dir='ltr'>in</span> <span class='ocrx_word' id='word_1_176' title='bbox 914 1389 992 1423; x_wconf 90' lang='lat' dir='ltr'>idus</span> <span class='ocrx_word' id='word_1_177' title='bbox 1015 1389 1177 1434; x_wconf 77' lang='lat' dir='ltr'>quintiles</span> <span class='ocrx_word' id='word_1_178' title='bbox 1200 1389 1348 1425; x_wconf 88' lang='lat' dir='ltr'>comitiis</span> <span class='ocrx_word' id='word_1_179' title='bbox 1363 1419 1370 1431; x_wconf 92' lang='lat'><strong>‚</strong></span> <span class='ocrx_word' id='word_1_180' title='bbox 1402 1390 1525 1425; x_wconf 86' lang='lat' dir='ltr'>Poloni</span> <span class='ocrx_word' id='word_1_181' title='bbox 1539 1420 1546 1432; x_wconf 88' lang='lat'>‚</span> <span class='ocrx_word' id='word_1_182' title='bbox 1585 1403 1704 1437; x_wconf 78' lang='lat' dir='ltr'>regem</span> <span class='ocrx_word' id='word_1_183' title='bbox 1728 1402 1770 1427; x_wconf 84' lang='lat' dir='ltr'>ea</span> 
     </span>
     <span class='ocr_line' id='line_1_19' title="bbox 148 1451 1767 1499; baseline 0.001 -12"><span class='ocrx_word' id='word_1_184' title='bbox 148 1453 223 1498; x_wconf 88' lang='lat' dir='ltr'>ipsa</span> <span class='ocrx_word' id='word_1_185' title='bbox 242 1452 462 1487; x_wconf 86' lang='lat' dir='ltr'>cunctatione</span> <span class='ocrx_word' id='word_1_186' title='bbox 482 1464 518 1486; x_wconf 88' lang='lat' dir='ltr'>se</span> <span class='ocrx_word' id='word_1_187' title='bbox 540 1452 747 1497; x_wconf 68' lang='lat' dir='ltr'>magistratu</span> <span class='ocrx_word' id='word_1_188' title='bbox 778 1451 961 1485; x_wconf 77' lang='lat' dir='ltr'>abdicasse</span> <span class='ocrx_word' id='word_1_189' title='bbox 987 1451 1228 1496; x_wconf 78' lang='lat' dir='ltr'>pronuntiant.</span> <span class='ocrx_word' id='word_1_190' title='bbox 1248 1452 1501 1498; x_wconf 85' lang='lat' dir='ltr'>Competitores</span> <span class='ocrx_word' id='word_1_191' title='bbox 1521 1453 1622 1499; x_wconf 77' lang='lat' dir='ltr'>regni</span> <span class='ocrx_word' id='word_1_192' title='bbox 1637 1458 1738 1489; x_wconf 87' lang='lat' dir='ltr'>erant</span> <span class='ocrx_word' id='word_1_193' title='bbox 1760 1467 1767 1489; x_wconf 77' lang='lat' dir='ltr'><em>z</em></span> 
     </span>
     <span class='ocr_line' id='line_1_20' title="bbox 148 1512 1769 1561; baseline 0.001 -13"><span class='ocrx_word' id='word_1_194' title='bbox 148 1514 229 1548; x_wconf 88' lang='lat' dir='ltr'>hinc</span> <span class='ocrx_word' id='word_1_195' title='bbox 242 1514 516 1553; x_wconf 76' lang='lat' dir='ltr'>Maximilianus,</span> <span class='ocrx_word' id='word_1_196' title='bbox 539 1514 597 1559; x_wconf 89' lang='lat' dir='ltr'>qui</span> <span class='ocrx_word' id='word_1_197' title='bbox 615 1513 719 1560; x_wconf 89' lang='lat' dir='ltr'>paulo</span> <span class='ocrx_word' id='word_1_198' title='bbox 737 1517 827 1559; x_wconf 91' lang='lat' dir='ltr'>post,</span> <span class='ocrx_word' id='word_1_199' title='bbox 849 1512 910 1548; x_wconf 90' lang='lat' dir='ltr'>lite</span> <span class='ocrx_word' id='word_1_200' title='bbox 939 1524 1005 1547; x_wconf 89' lang='lat' dir='ltr'>non</span> <span class='ocrx_word' id='word_1_201' title='bbox 1027 1513 1119 1547; x_wconf 90' lang='lat' dir='ltr'>omni</span> <span class='ocrx_word' id='word_1_202' title='bbox 1146 1512 1237 1547; x_wconf 89' lang='lat' dir='ltr'>inter</span> <span class='ocrx_word' id='word_1_203' title='bbox 1264 1513 1417 1549; x_wconf 89' lang='lat' dir='ltr'>Polonos</span> <span class='ocrx_word' id='word_1_204' title='bbox 1436 1514 1621 1561; x_wconf 83' lang='lat' dir='ltr'>dirempta,</span> <span class='ocrx_word' id='word_1_205' title='bbox 1653 1527 1671 1550; x_wconf 91' lang='lat' dir='ltr'>e</span> <span class='ocrx_word' id='word_1_206' title='bbox 1698 1516 1769 1551; x_wconf 85' lang='lat' dir='ltr'>vita</span> 
     </span>
     <span class='ocr_line' id='line_1_21' title="bbox 148 1574 1767 1616; baseline 0.001 -6"><span class='ocrx_word' id='word_1_207' title='bbox 148 1576 319 1615; x_wconf 80' lang='lat' dir='ltr'>excessit;</span> <span class='ocrx_word' id='word_1_208' title='bbox 338 1576 509 1611; x_wconf 86' lang='lat' dir='ltr'>Ernestus</span> <span class='ocrx_word' id='word_1_209' title='bbox 533 1580 566 1610; x_wconf 90' lang='lat' dir='ltr'>et</span> <span class='ocrx_word' id='word_1_210' title='bbox 592 1575 751 1616; x_wconf 79' lang='lat' dir='ltr'>Carolus,</span> <span class='ocrx_word' id='word_1_211' title='bbox 778 1575 930 1609; x_wconf 78' lang='lat' dir='ltr'>Austriae</span> <span class='ocrx_word' id='word_1_212' title='bbox 953 1574 1159 1609; x_wconf 82' lang='lat' dir='ltr'>archiduces</span> <span class='ocrx_word' id='word_1_213' title='bbox 1183 1588 1189 1609; x_wconf 80' lang='lat' dir='ltr'>z</span> <span class='ocrx_word' id='word_1_214' title='bbox 1211 1575 1307 1610; x_wconf 90' lang='lat' dir='ltr'>illinc</span> <span class='ocrx_word' id='word_1_215' title='bbox 1328 1576 1348 1610; x_wconf 83' lang='lat' dir='ltr'>J</span> <span class='ocrx_word' id='word_1_216' title='bbox 1354 1587 1485 1611; x_wconf 91' lang='lat' dir='ltr'>oannes</span> <span class='ocrx_word' id='word_1_217' title='bbox 1506 1577 1556 1611; x_wconf 82' lang='lat'>111</span> <span class='ocrx_word' id='word_1_218' title='bbox 1577 1577 1767 1613; x_wconf 86' lang='lat' dir='ltr'>Suecorum</span> 
     </span>
     <span class='ocr_line' id='line_1_22' title="bbox 149 1636 1767 1684; baseline 0.002 -12"><span class='ocrx_word' id='word_1_219' title='bbox 149 1649 210 1672; x_wconf 83' lang='lat' dir='ltr'>rex</span> <span class='ocrx_word' id='word_1_220' title='bbox 235 1650 311 1673; x_wconf 89' lang='lat' dir='ltr'>cum</span> <span class='ocrx_word' id='word_1_221' title='bbox 331 1650 393 1673; x_wconf 81' lang='lat' dir='ltr'>suo</span> <span class='ocrx_word' id='word_1_222' title='bbox 412 1638 496 1678; x_wconf 86' lang='lat' dir='ltr'>filio,</span> <span class='ocrx_word' id='word_1_223' title='bbox 519 1637 673 1684; x_wconf 82' lang='lat' dir='ltr'>principe</span> <span class='ocrx_word' id='word_1_224' title='bbox 705 1637 915 1676; x_wconf 76' lang='lat' dir='ltr'>Finlandiae,</span> <span class='ocrx_word' id='word_1_225' title='bbox 950 1636 1174 1682; x_wconf 73' lang='lat' dir='ltr'>Sigismundo</span> <span class='ocrx_word' id='word_1_226' title='bbox 1201 1649 1207 1671; x_wconf 79' lang='lat' dir='ltr'><em>z</em></span> <span class='ocrx_word' id='word_1_227' title='bbox 1231 1637 1371 1672; x_wconf 79' lang='lat' dir='ltr'>aliunde</span> <span class='ocrx_word' id='word_1_228' title='bbox 1406 1638 1608 1684; x_wconf 88' lang='lat' dir='ltr'>Alphonsus</span> <span class='ocrx_word' id='word_1_229' title='bbox 1641 1640 1767 1675; x_wconf 85' lang='lat' dir='ltr'>Ferra-</span> 
     </span>
     <span class='ocr_line' id='line_1_23' title="bbox 152 1697 1766 1746; baseline 0.002 -13"><span class='ocrx_word' id='word_1_230' title='bbox 152 1699 317 1734; x_wconf 86' lang='lat' dir='ltr'>riensium</span> <span class='ocrx_word' id='word_1_231' title='bbox 352 1700 537 1746; x_wconf 83' lang='lat' dir='ltr'>princeps:</span> <span class='ocrx_word' id='word_1_232' title='bbox 573 1700 771 1745; x_wconf 79' lang='lat' dir='ltr'>Stephanus</span> <span class='ocrx_word' id='word_1_233' title='bbox 807 1697 995 1732; x_wconf 86' lang='lat' dir='ltr'>Bathorius</span> <span class='ocrx_word' id='word_1_234' title='bbox 1027 1699 1069 1733; x_wconf 89' lang='lat' dir='ltr'>de</span> <span class='ocrx_word' id='word_1_235' title='bbox 1105 1698 1236 1733; x_wconf 90' lang='lat' dir='ltr'>Comlio</span> <span class='ocrx_word' id='word_1_236' title='bbox 1269 1699 1562 1745; x_wconf 81' lang='lat' dir='ltr'>Transylvaniae:</span> <span class='ocrx_word' id='word_1_237' title='bbox 1609 1701 1766 1736; x_wconf 87' lang='lat' dir='ltr'>Joannes</span> 
     </span>
     <span class='ocr_line' id='line_1_24' title="bbox 149 1760 1765 1808; baseline 0.002 -13"><span class='ocrx_word' id='word_1_238' title='bbox 149 1762 322 1797; x_wconf 83' lang='lat' dir='ltr'>Basilides</span> <span class='ocrx_word' id='word_1_239' title='bbox 340 1762 390 1797; x_wconf 92' lang='lat' dir='ltr'>M.</span> <span class='ocrx_word' id='word_1_240' title='bbox 423 1762 492 1797; x_wconf 80' lang='lat' dir='ltr'>dux</span> <span class='ocrx_word' id='word_1_241' title='bbox 510 1762 712 1797; x_wconf 75' lang='lat' dir='ltr'>Mosceviae.</span> <span class='ocrx_word' id='word_1_242' title='bbox 734 1760 926 1794; x_wconf 79' lang='lat' dir='ltr'>Multorum</span> <span class='ocrx_word' id='word_1_243' title='bbox 942 1761 1064 1806; x_wconf 84' lang='lat' dir='ltr'>primo,</span> <span class='ocrx_word' id='word_1_244' title='bbox 1083 1760 1206 1795; x_wconf 89' lang='lat' dir='ltr'>deinde</span> <span class='ocrx_word' id='word_1_245' title='bbox 1222 1761 1374 1795; x_wconf 90' lang='lat' dir='ltr'>omnium</span> <span class='ocrx_word' id='word_1_246' title='bbox 1387 1761 1561 1808; x_wconf 81' lang='lat' dir='ltr'>suffragiis</span> <span class='ocrx_word' id='word_1_247' title='bbox 1575 1763 1765 1798; x_wconf 90' lang='lat' dir='ltr'>Bathorius</span> 
     </span>
     <span class='ocr_line' id='line_1_25' title="bbox 148 1821 1765 1869; baseline 0.002 -12"><span class='ocrx_word' id='word_1_248' title='bbox 148 1823 315 1869; x_wconf 78' lang='lat' dir='ltr'>eligitur;</span> <span class='ocrx_word' id='word_1_249' title='bbox 338 1828 371 1858; x_wconf 89' lang='lat' dir='ltr'>et</span> <span class='ocrx_word' id='word_1_250' title='bbox 402 1824 560 1859; x_wconf 64' lang='lat' dir='ltr'>Poloniee</span> <span class='ocrx_word' id='word_1_251' title='bbox 585 1823 644 1857; x_wconf 89' lang='lat' dir='ltr'>ille</span> <span class='ocrx_word' id='word_1_252' title='bbox 676 1826 710 1857; x_wconf 90' lang='lat' dir='ltr'>et</span> <span class='ocrx_word' id='word_1_253' title='bbox 734 1822 899 1857; x_wconf 86' lang='lat' dir='ltr'>Societati</span> <span class='ocrx_word' id='word_1_254' title='bbox 920 1826 1050 1856; x_wconf 59' lang='lat' dir='ltr'>nostrae</span> <span class='ocrx_word' id='word_1_255' title='bbox 1077 1821 1214 1856; x_wconf 77' lang='lat' dir='ltr'>oblatus</span> <span class='ocrx_word' id='word_1_256' title='bbox 1242 1823 1457 1868; x_wconf 78' lang='lat' dir='ltr'>benignitate</span> <span class='ocrx_word' id='word_1_257' title='bbox 1480 1823 1609 1858; x_wconf 88' lang='lat' dir='ltr'>divina.</span> <span class='ocrx_word' id='word_1_258' title='bbox 1641 1825 1765 1859; x_wconf 78' lang='lat' dir='ltr'>Statim</span> 
     </span>
     <span class='ocr_line' id='line_1_26' title="bbox 147 1884 1765 1932; baseline 0.001 -13"><span class='ocrx_word' id='word_1_259' title='bbox 147 1885 213 1926; x_wconf 89' lang='lat' dir='ltr'>hic,</span> <span class='ocrx_word' id='word_1_260' title='bbox 235 1889 339 1932; x_wconf 85' lang='lat' dir='ltr'>atque</span> <span class='ocrx_word' id='word_1_261' title='bbox 359 1886 512 1920; x_wconf 87' lang='lat' dir='ltr'>delatum</span> <span class='ocrx_word' id='word_1_262' title='bbox 533 1889 584 1920; x_wconf 81' lang='lat' dir='ltr'>cst</span> <span class='ocrx_word' id='word_1_263' title='bbox 604 1885 670 1919; x_wconf 88' lang='lat' dir='ltr'>sibi</span> <span class='ocrx_word' id='word_1_264' title='bbox 684 1896 844 1929; x_wconf 73' lang='lat' dir='ltr'>regnum,</span> <span class='ocrx_word' id='word_1_265' title='bbox 863 1884 1097 1929; x_wconf 82' lang='lat' dir='ltr'>Collegiorum</span> <span class='ocrx_word' id='word_1_266' title='bbox 1114 1884 1298 1918; x_wconf 86' lang='lat' dir='ltr'>Societatis</span> <span class='ocrx_word' id='word_1_267' title='bbox 1312 1885 1551 1930; x_wconf 87' lang='lat' dir='ltr'>possessiones</span> <span class='ocrx_word' id='word_1_268' title='bbox 1564 1886 1670 1932; x_wconf 85' lang='lat' dir='ltr'>jussit</span> <span class='ocrx_word' id='word_1_269' title='bbox 1689 1898 1765 1922; x_wconf 88' lang='lat' dir='ltr'>esse</span> 
     </span>
     <span class='ocr_line' id='line_1_27' title="bbox 146 1945 1763 1993; baseline 0.001 -12"><span class='ocrx_word' id='word_1_270' title='bbox 146 1947 328 1982; x_wconf 86' lang='lat' dir='ltr'>immunes.</span> <span class='ocrx_word' id='word_1_271' title='bbox 347 1947 557 1993; x_wconf 75' lang='lat' dir='ltr'>Vectigalia,</span> <span class='ocrx_word' id='word_1_272' title='bbox 580 1959 657 1992; x_wconf 62' lang='lat' dir='ltr'>quae</span> <span class='ocrx_word' id='word_1_273' title='bbox 677 1946 902 1991; x_wconf 74' lang='lat' dir='ltr'>exigerentur</span> <span class='ocrx_word' id='word_1_274' title='bbox 921 1957 942 1979; x_wconf 88' lang='lat' dir='ltr'>a</span> <span class='ocrx_word' id='word_1_275' title='bbox 961 1945 1085 1985; x_wconf 72' lang='lat' dir='ltr'>Sociis,</span> <span class='ocrx_word' id='word_1_276' title='bbox 1108 1945 1149 1979; x_wconf 90' lang='lat' dir='ltr'>de</span> <span class='ocrx_word' id='word_1_277' title='bbox 1168 1945 1252 1980; x_wconf 85' lang='lat' dir='ltr'>fisco</span> <span class='ocrx_word' id='word_1_278' title='bbox 1272 1957 1334 1981; x_wconf 92' lang='lat' dir='ltr'>suo</span> <span class='ocrx_word' id='word_1_279' title='bbox 1361 1947 1571 1992; x_wconf 82' lang='lat' dir='ltr'>pensitabat.</span> <span class='ocrx_word' id='word_1_280' title='bbox 1604 1948 1763 1983; x_wconf 88' lang='lat' dir='ltr'>Secundo</span> 
     </span>
     <span class='ocr_line' id='line_1_28' title="bbox 146 2007 1291 2054; baseline -0.001 -12"><span class='ocrx_word' id='word_1_281' title='bbox 146 2009 247 2054; x_wconf 77' lang='lat' dir='ltr'>regni</span> <span class='ocrx_word' id='word_1_282' title='bbox 266 2008 319 2043; x_wconf 85' lang='lat' dir='ltr'>sui</span> <span class='ocrx_word' id='word_1_283' title='bbox 339 2020 431 2043; x_wconf 87' lang='lat' dir='ltr'>anno</span> <span class='ocrx_word' id='word_1_284' title='bbox 450 2009 514 2043; x_wconf 89' lang='lat' dir='ltr'>has</span> <span class='ocrx_word' id='word_1_285' title='bbox 530 2009 571 2043; x_wconf 83' lang='lat' dir='ltr'>ad</span> <span class='ocrx_word' id='word_1_286' title='bbox 596 2008 806 2043; x_wconf 83' lang='lat' dir='ltr'>Societatem</span> <span class='ocrx_word' id='word_1_287' title='bbox 825 2007 1006 2041; x_wconf 80' lang='lat' dir='ltr'>Lituanam</span> <span class='ocrx_word' id='word_1_288' title='bbox 1022 2007 1117 2041; x_wconf 86' lang='lat' dir='ltr'>dedit</span> <span class='ocrx_word' id='word_1_289' title='bbox 1135 2007 1291 2042; x_wconf 81' lang='lat' dir='ltr'>litteras:</span> 
     </span>
    </p>
   </div>
   <div class='ocr_carea' id='block_1_3' title="bbox 145 2077 1764 2562">
    <p class='ocr_par' dir='ltr' id='par_1_4' title="bbox 195 2077 1469 2129">
     <span class='ocr_line' id='line_1_29' title="bbox 195 2077 1469 2129; baseline -0.001 -11"><span class='ocrx_word' id='word_1_290' title='bbox 195 2083 394 2129; x_wconf 87' lang='lat' dir='ltr'>Stephanus</span> <span class='ocrx_word' id='word_1_291' title='bbox 414 2084 442 2124; x_wconf 92' lang='lat' dir='ltr'>I,</span> <span class='ocrx_word' id='word_1_292' title='bbox 460 2083 526 2117; x_wconf 87' lang='lat' dir='ltr'>Dei</span> <span class='ocrx_word' id='word_1_293' title='bbox 548 2083 661 2128; x_wconf 79' lang='lat' dir='ltr'>gratia</span> <span class='ocrx_word' id='word_1_294' title='bbox 679 2094 740 2117; x_wconf 78' lang='lat' dir='ltr'>rex</span> <span class='ocrx_word' id='word_1_295' title='bbox 755 2081 926 2121; x_wconf 79' lang='lat' dir='ltr'>Polouiae,</span> <span class='ocrx_word' id='word_1_296' title='bbox 950 2092 1099 2127; x_wconf 77' lang='lat' dir='ltr'>magnus</span> <span class='ocrx_word' id='word_1_297' title='bbox 1119 2081 1188 2116; x_wconf 81' lang='lat' dir='ltr'>dux</span> <span class='ocrx_word' id='word_1_298' title='bbox 1208 2081 1383 2116; x_wconf 82' lang='lat' dir='ltr'>Lituaniae</span> <span class='ocrx_word' id='word_1_299' title='bbox 1403 2077 1469 2117; x_wconf 86' lang='lat' dir='ltr'>etc.</span> 
     </span>
    </p>

    <p class='ocr_par' dir='ltr' id='par_1_5' title="bbox 192 2143 857 2186">
     <span class='ocr_line' id='line_1_30' title="bbox 192 2143 857 2186; baseline -0.003 -6"><span class='ocrx_word' id='word_1_300' title='bbox 192 2145 436 2186; x_wconf 82' lang='lat' dir='ltr'>VenerabileS,</span> <span class='ocrx_word' id='word_1_301' title='bbox 459 2145 589 2185; x_wconf 82' lang='lat' dir='ltr'>devoti,</span> <span class='ocrx_word' id='word_1_302' title='bbox 607 2144 708 2178; x_wconf 89' lang='lat' dir='ltr'>nobis</span> <span class='ocrx_word' id='word_1_303' title='bbox 727 2143 857 2178; x_wconf 88' lang='lat' dir='ltr'>dilecti.</span> 
     </span>
    </p>

    <p class='ocr_par' dir='ltr' id='par_1_6' title="bbox 145 2206 1764 2562">
     <span class='ocr_line' id='line_1_31' title="bbox 195 2206 1764 2253; baseline 0.002 -12"><span class='ocrx_word' id='word_1_304' title='bbox 195 2222 210 2236; x_wconf 69' lang='lat' dir='ltr'>a</span> <span class='ocrx_word' id='word_1_305' title='bbox 235 2207 453 2253; x_wconf 81' lang='lat' dir='ltr'>Significatio</span> <span class='ocrx_word' id='word_1_306' title='bbox 473 2207 653 2253; x_wconf 75' lang='lat' dir='ltr'>praeclarae</span> <span class='ocrx_word' id='word_1_307' title='bbox 685 2206 875 2240; x_wconf 83' lang='lat' dir='ltr'>voluntatis</span> <span class='ocrx_word' id='word_1_308' title='bbox 907 2209 1033 2239; x_wconf 72' lang='lat' dir='ltr'>vestrae</span> <span class='ocrx_word' id='word_1_309' title='bbox 1065 2216 1150 2250; x_wconf 80' lang='lat' dir='ltr'>erga</span> <span class='ocrx_word' id='word_1_310' title='bbox 1178 2216 1253 2246; x_wconf 91' lang='lat' dir='ltr'>nos,</span> <span class='ocrx_word' id='word_1_311' title='bbox 1276 2217 1378 2251; x_wconf 87' lang='lat' dir='ltr'>quam</span> <span class='ocrx_word' id='word_1_312' title='bbox 1407 2207 1533 2252; x_wconf 87' lang='lat' dir='ltr'>partim</span> <span class='ocrx_word' id='word_1_313' title='bbox 1565 2219 1607 2242; x_wconf 81' lang='lat' dir='ltr'>ex</span> <span class='ocrx_word' id='word_1_314' title='bbox 1637 2209 1764 2244; x_wconf 89' lang='lat' dir='ltr'>litteris</span> 
     </span>
     <span class='ocr_line' id='line_1_32' title="bbox 146 2266 1764 2317; baseline 0.001 -13"><span class='ocrx_word' id='word_1_315' title='bbox 146 2284 161 2298; x_wconf 68' lang='grc' dir='ltr'>κ</span> <span class='ocrx_word' id='word_1_316' title='bbox 184 2270 324 2311; x_wconf 77' lang='lat' dir='ltr'>vestris,</span> <span class='ocrx_word' id='word_1_317' title='bbox 342 2270 467 2315; x_wconf 86' lang='lat' dir='ltr'>partim</span> <span class='ocrx_word' id='word_1_318' title='bbox 488 2281 529 2303; x_wconf 79' lang='lat' dir='ltr'>ex</span> <span class='ocrx_word' id='word_1_319' title='bbox 543 2269 680 2314; x_wconf 77' lang='lat' dir='ltr'>prolixa</span> <span class='ocrx_word' id='word_1_320' title='bbox 700 2268 849 2302; x_wconf 77' lang='lat' dir='ltr'>Joannis</span> <span class='ocrx_word' id='word_1_321' title='bbox 870 2266 1071 2313; x_wconf 81' lang='lat' dir='ltr'>Zameyskii</span> <span class='ocrx_word' id='word_1_322' title='bbox 1099 2268 1278 2301; x_wconf 85' lang='lat' dir='ltr'>secretarii</span> <span class='ocrx_word' id='word_1_323' title='bbox 1315 2269 1425 2302; x_wconf 84' lang='lat' dir='ltr'>nostri</span> <span class='ocrx_word' id='word_1_324' title='bbox 1445 2269 1615 2305; x_wconf 88' lang='lat' dir='ltr'>relatione</span> <span class='ocrx_word' id='word_1_325' title='bbox 1634 2283 1764 2317; x_wconf 80' lang='lat' dir='ltr'>cogno-</span> 
     </span>
     <span class='ocr_line' id='line_1_33' title="bbox 146 2329 1764 2377; baseline 0.001 -12"><span class='ocrx_word' id='word_1_326' title='bbox 146 2345 161 2359; x_wconf 69' lang='grc' dir='ltr'>κ</span> <span class='ocrx_word' id='word_1_327' title='bbox 183 2331 306 2371; x_wconf 89' lang='lat' dir='ltr'>vimus,</span> <span class='ocrx_word' id='word_1_328' title='bbox 329 2331 518 2377; x_wconf 74' lang='lat' dir='ltr'>gratulatio</span> <span class='ocrx_word' id='word_1_329' title='bbox 551 2331 632 2365; x_wconf 86' lang='lat' dir='ltr'>item</span> <span class='ocrx_word' id='word_1_330' title='bbox 660 2334 693 2364; x_wconf 87' lang='lat' dir='ltr'>et</span> <span class='ocrx_word' id='word_1_331' title='bbox 712 2341 832 2375; x_wconf 78' lang='lat' dir='ltr'>preces</span> <span class='ocrx_word' id='word_1_332' title='bbox 848 2341 910 2375; x_wconf 90' lang='lat' dir='ltr'>pro</span> <span class='ocrx_word' id='word_1_333' title='bbox 931 2329 1093 2362; x_wconf 72' lang='lat' dir='ltr'>universo</span> <span class='ocrx_word' id='word_1_334' title='bbox 1113 2340 1275 2363; x_wconf 86' lang='lat' dir='ltr'>successu</span> <span class='ocrx_word' id='word_1_335' title='bbox 1303 2340 1418 2364; x_wconf 88' lang='lat' dir='ltr'>rerum</span> <span class='ocrx_word' id='word_1_336' title='bbox 1439 2334 1637 2366; x_wconf 87' lang='lat' dir='ltr'>nostrarum</span> <span class='ocrx_word' id='word_1_337' title='bbox 1668 2332 1764 2368; x_wconf 86' lang='lat' dir='ltr'>fuere</span> 
     </span>
     <span class='ocr_line' id='line_1_34' title="bbox 145 2389 1763 2439; baseline 0 -11"><span class='ocrx_word' id='word_1_338' title='bbox 145 2407 159 2421; x_wconf 67' lang='grc' dir='ltr'>κ</span> <span class='ocrx_word' id='word_1_339' title='bbox 182 2394 281 2428; x_wconf 87' lang='lat' dir='ltr'>nobis</span> <span class='ocrx_word' id='word_1_340' title='bbox 301 2398 334 2428; x_wconf 89' lang='lat' dir='ltr'>et</span> <span class='ocrx_word' id='word_1_341' title='bbox 353 2398 433 2427; x_wconf 91' lang='lat' dir='ltr'>sunt</span> <span class='ocrx_word' id='word_1_342' title='bbox 459 2393 670 2439; x_wconf 78' lang='lat' dir='ltr'>gratissimae</span> <span class='ocrx_word' id='word_1_343' title='bbox 689 2404 695 2425; x_wconf 89' lang='grc'>;</span> <span class='ocrx_word' id='word_1_344' title='bbox 722 2391 850 2425; x_wconf 84' lang='lat' dir='ltr'>talibus</span> <span class='ocrx_word' id='word_1_345' title='bbox 879 2391 969 2425; x_wconf 91' lang='lat' dir='ltr'>enim</span> <span class='ocrx_word' id='word_1_346' title='bbox 996 2389 1169 2436; x_wconf 82' lang='lat' dir='ltr'>praesidiis</span> <span class='ocrx_word' id='word_1_347' title='bbox 1188 2391 1315 2436; x_wconf 88' lang='lat' dir='ltr'>potius,</span> <span class='ocrx_word' id='word_1_348' title='bbox 1337 2403 1415 2437; x_wconf 72' lang='lat' dir='ltr'>quae</span> <span class='ocrx_word' id='word_1_349' title='bbox 1438 2404 1489 2427; x_wconf 56' lang='lat' dir='ltr'>«ex</span> <span class='ocrx_word' id='word_1_350' title='bbox 1516 2393 1624 2427; x_wconf 85' lang='lat' dir='ltr'>divini</span> <span class='ocrx_word' id='word_1_351' title='bbox 1643 2395 1763 2429; x_wconf 83' lang='lat' dir='ltr'>auxilii</span> 
     </span>
     <span class='ocr_line' id='line_1_35' title="bbox 145 2452 1762 2501; baseline 0.002 -13"><span class='ocrx_word' id='word_1_352' title='bbox 145 2469 160 2483; x_wconf 72' lang='grc' dir='ltr'><em>α</em></span> <span class='ocrx_word' id='word_1_353' title='bbox 182 2455 276 2490; x_wconf 85' lang='lat' dir='ltr'>fonte</span> <span class='ocrx_word' id='word_1_354' title='bbox 294 2460 515 2501; x_wconf 86' lang='lat' dir='ltr'>promanant,</span> <span class='ocrx_word' id='word_1_355' title='bbox 537 2467 593 2489; x_wconf 87' lang='lat' dir='ltr'>res</span> <span class='ocrx_word' id='word_1_356' title='bbox 614 2458 751 2488; x_wconf 87' lang='lat' dir='ltr'>nostras</span> <span class='ocrx_word' id='word_1_357' title='bbox 767 2453 984 2493; x_wconf 83' lang='lat' dir='ltr'>communiri,</span> <span class='ocrx_word' id='word_1_358' title='bbox 1002 2464 1104 2497; x_wconf 86' lang='lat' dir='ltr'>quam</span> <span class='ocrx_word' id='word_1_359' title='bbox 1119 2452 1200 2486; x_wconf 81' lang='lat' dir='ltr'>ullis</span> <span class='ocrx_word' id='word_1_360' title='bbox 1218 2453 1380 2487; x_wconf 86' lang='lat' dir='ltr'>humanis</span> <span class='ocrx_word' id='word_1_361' title='bbox 1401 2455 1545 2495; x_wconf 79' lang='lat' dir='ltr'>viribus,</span> <span class='ocrx_word' id='word_1_362' title='bbox 1563 2468 1641 2501; x_wconf 71' lang='lat' dir='ltr'>quae</span> <span class='ocrx_word' id='word_1_363' title='bbox 1660 2457 1762 2491; x_wconf 65' lang='lat' dir='ltr'>fluxze</span> 
     </span>
     <span class='ocr_line' id='line_1_36' title="bbox 146 2515 1760 2562; baseline 0.001 -12"><span class='ocrx_word' id='word_1_364' title='bbox 146 2530 160 2544; x_wconf 62' lang='lat' dir='ltr'>a</span> <span class='ocrx_word' id='word_1_365' title='bbox 183 2520 216 2550; x_wconf 90' lang='lat' dir='ltr'>et</span> <span class='ocrx_word' id='word_1_366' title='bbox 246 2517 385 2552; x_wconf 76' lang='lat' dir='ltr'>caducae</span> <span class='ocrx_word' id='word_1_367' title='bbox 417 2521 518 2553; x_wconf 80' lang='lat' dir='ltr'>sunt.</span> <span class='ocrx_word' id='word_1_368' title='bbox 541 2521 721 2562; x_wconf 85' lang='lat' dir='ltr'>eptamus;</span> <span class='ocrx_word' id='word_1_369' title='bbox 742 2527 820 2561; x_wconf 82' lang='lat' dir='ltr'>quae</span> <span class='ocrx_word' id='word_1_370' title='bbox 847 2515 891 2548; x_wconf 89' lang='lat' dir='ltr'>ad</span> <span class='ocrx_word' id='word_1_371' title='bbox 922 2515 986 2548; x_wconf 92' lang='lat' dir='ltr'>hoc</span> <span class='ocrx_word' id='word_1_372' title='bbox 1014 2526 1122 2560; x_wconf 88' lang='lat' dir='ltr'>usque</span> <span class='ocrx_word' id='word_1_373' title='bbox 1148 2518 1297 2560; x_wconf 80' lang='lat' dir='ltr'>tempiiS,</span> <span class='ocrx_word' id='word_1_374' title='bbox 1326 2516 1390 2550; x_wconf 90' lang='lat' dir='ltr'>Dei</span> <span class='ocrx_word' id='word_1_375' title='bbox 1410 2517 1669 2558; x_wconf 85' lang='lat' dir='ltr'>benevolentia,</span> <span class='ocrx_word' id='word_1_376' title='bbox 1692 2530 1760 2552; x_wconf 89' lang='lat' dir='ltr'>non</span> 
     </span>
    </p>
   </div>
   <div class='ocr_carea' id='block_1_4' title="bbox 1800 405 1865 432">
    <p class='ocr_par' dir='ltr' id='par_1_7' title="bbox 1800 405 1865 432">
     <span class='ocr_line' id='line_1_37' title="bbox 1800 405 1865 432; baseline 0.015 -1"><span class='ocrx_word' id='word_1_377' title='bbox 1800 405 1865 432; x_wconf 83' lang='lat'>1575</span> 
     </span>
    </p>
   </div>
   <div class='ocr_carea' id='block_1_5' title="bbox 1798 738 1945 922">
    <p class='ocr_par' dir='ltr' id='par_1_8' title="bbox 1798 738 1945 922">
     <span class='ocr_line' id='line_1_38' title="bbox 1855 738 1895 763; baseline 0 0"><span class='ocrx_word' id='word_1_378' title='bbox 1855 738 1895 763; x_wconf 85' lang='lat'>25.</span> 
     </span>
     <span class='ocr_line' id='line_1_39' title="bbox 1799 777 1925 803; baseline 0 0"><span class='ocrx_word' id='word_1_379' title='bbox 1799 777 1925 803; x_wconf 83' lang='lat' dir='ltr'>Radivilli</span> 
     </span>
     <span class='ocr_line' id='line_1_40' title="bbox 1798 815 1944 843; baseline 0.014 -2"><span class='ocrx_word' id='word_1_380' title='bbox 1798 815 1825 842; x_wconf 90' lang='lat' dir='ltr'>in</span> <span class='ocrx_word' id='word_1_381' title='bbox 1862 824 1944 843; x_wconf 84' lang='lat' dir='ltr'>sacra-</span> 
     </span>
     <span class='ocr_line' id='line_1_41' title="bbox 1798 857 1894 882; baseline 0.01 -1"><span class='ocrx_word' id='word_1_382' title='bbox 1798 857 1894 882; x_wconf 84' lang='lat' dir='ltr'>mentis</span> 
     </span>
     <span class='ocr_line' id='line_1_42' title="bbox 1799 896 1945 922; baseline 0.014 -2"><span class='ocrx_word' id='word_1_383' title='bbox 1799 896 1928 922; x_wconf 88' lang='lat' dir='ltr'>communi</span> <span class='ocrx_word' id='word_1_384' title='bbox 1936 909 1945 913; x_wconf 99' lang='lat'>-</span> 
     </span>
    </p>
   </div>
   <div class='ocr_carea' id='block_1_6' title="bbox 1797 935 1943 1000">
    <p class='ocr_par' dir='ltr' id='par_1_9' title="bbox 1797 935 1943 1000">
     <span class='ocr_line' id='line_1_43' title="bbox 1798 935 1943 961; baseline 0.014 -2"><span class='ocrx_word' id='word_1_385' title='bbox 1798 935 1859 960; x_wconf 83' lang='lat' dir='ltr'>cant</span> <span class='ocrx_word' id='word_1_386' title='bbox 1885 943 1943 961; x_wconf 86' lang='lat' dir='ltr'>cum</span> 
     </span>
     <span class='ocr_line' id='line_1_44' title="bbox 1797 972 1928 1000; baseline 0.015 -2"><span class='ocrx_word' id='word_1_387' title='bbox 1797 972 1928 1000; x_wconf 83' lang='lat' dir='ltr'>fidelibus.</span> 
     </span>
    </p>
   </div>
   <div class='ocr_carea' id='block_1_7' title="bbox 1798 1039 1929 1186">
    <p class='ocr_par' dir='ltr' id='par_1_10' title="bbox 1798 1039 1929 1186">
     <span class='ocr_line' id='line_1_45' title="bbox 1853 1039 1893 1065; baseline 0.025 -1"><span class='ocrx_word' id='word_1_388' title='bbox 1853 1039 1893 1065; x_wconf 74' lang='lat'>26.</span> 
     </span>
     <span class='ocr_line' id='line_1_46' title="bbox 1798 1080 1929 1115; baseline 0.008 -9"><span class='ocrx_word' id='word_1_389' title='bbox 1798 1080 1929 1115; x_wconf 75' lang='lat' dir='ltr'>Interreg-</span> 
     </span>
     <span class='ocr_line' id='line_1_47' title="bbox 1798 1120 1921 1147; baseline 0.024 -3"><span class='ocrx_word' id='word_1_390' title='bbox 1798 1126 1859 1145; x_wconf 87' lang='lat' dir='ltr'>num</span> <span class='ocrx_word' id='word_1_391' title='bbox 1894 1120 1921 1147; x_wconf 89' lang='lat' dir='ltr'>in</span> 
     </span>
     <span class='ocr_line' id='line_1_48' title="bbox 1798 1157 1914 1186; baseline 0.026 -3"><span class='ocrx_word' id='word_1_392' title='bbox 1798 1157 1914 1186; x_wconf 84' lang='lat' dir='ltr'>Polonia.</span> 
     </span>
    </p>
   </div>
   <div class='ocr_carea' id='block_1_8' title="bbox 1792 1653 1938 2015">
    <p class='ocr_par' dir='ltr' id='par_1_11' title="bbox 1796 1653 1858 1678">
     <span class='ocr_line' id='line_1_49' title="bbox 1796 1653 1858 1678; baseline -0.016 0"><span class='ocrx_word' id='word_1_393' title='bbox 1796 1653 1858 1678; x_wconf 67' lang='lat'>1576</span> 
     </span>
    </p>

    <p class='ocr_par' dir='ltr' id='par_1_12' title="bbox 1792 1704 1938 2015">
     <span class='ocr_line' id='line_1_50' title="bbox 1850 1704 1890 1728; baseline 0.025 -1"><span class='ocrx_word' id='word_1_394' title='bbox 1850 1704 1890 1728; x_wconf 70' lang='lat'>27.</span> 
     </span>
     <span class='ocr_line' id='line_1_51' title="bbox 1794 1741 1918 1774; baseline 0.008 -8"><span class='ocrx_word' id='word_1_395' title='bbox 1794 1741 1918 1774; x_wconf 83' lang='lat' dir='ltr'>Stephau.</span> 
     </span>
     <span class='ocr_line' id='line_1_52' title="bbox 1794 1780 1938 1806; baseline 0.007 -1"><span class='ocrx_word' id='word_1_396' title='bbox 1794 1780 1938 1806; x_wconf 84' lang='lat' dir='ltr'>Bathorius</span> 
     </span>
     <span class='ocr_line' id='line_1_53' title="bbox 1795 1822 1938 1856; baseline 0.007 -9"><span class='ocrx_word' id='word_1_397' title='bbox 1795 1822 1847 1848; x_wconf 81' lang='lat' dir='ltr'>Rex</span> <span class='ocrx_word' id='word_1_398' title='bbox 1863 1822 1938 1856; x_wconf 86' lang='lat' dir='ltr'>eligi-</span> 
     </span>
     <span class='ocr_line' id='line_1_54' title="bbox 1794 1861 1846 1887; baseline 0 -1"><span class='ocrx_word' id='word_1_399' title='bbox 1794 1861 1846 1887; x_wconf 85' lang='lat' dir='ltr'>tur.</span> 
     </span>
     <span class='ocr_line' id='line_1_55' title="bbox 1794 1906 1937 1932; baseline 0.007 -1"><span class='ocrx_word' id='word_1_400' title='bbox 1794 1906 1937 1932; x_wconf 77' lang='lat' dir='ltr'>Coronatus</span> 
     </span>
     <span class='ocr_line' id='line_1_56' title="bbox 1792 1945 1916 1971; baseline 0.008 -1"><span class='ocrx_word' id='word_1_401' title='bbox 1792 1945 1916 1971; x_wconf 80' lang='lat' dir='ltr'>Kalendis</span> 
     </span>
     <span class='ocr_line' id='line_1_57' title="bbox 1792 1990 1863 2015; baseline -0.014 -7"><span class='ocrx_word' id='word_1_402' title='bbox 1792 1990 1863 2015; x_wconf 70' lang='lat' dir='ltr'>majl.</span> 
     </span>
    </p>
   </div>
   <div class='ocr_carea' id='block_1_9' title="bbox 1790 2214 1932 2511">
    <p class='ocr_par' dir='ltr' id='par_1_13' title="bbox 1793 2214 1855 2239">
     <span class='ocr_line' id='line_1_58' title="bbox 1793 2214 1855 2239; baseline 0 0"><span class='ocrx_word' id='word_1_403' title='bbox 1793 2214 1855 2239; x_wconf 81' lang='lat'>]577</span> 
     </span>
    </p>

    <p class='ocr_par' dir='ltr' id='par_1_14' title="bbox 1790 2254 1932 2511">
     <span class='ocr_line' id='line_1_59' title="bbox 1844 2254 1884 2278; baseline 0.025 -2"><span class='ocrx_word' id='word_1_404' title='bbox 1844 2254 1884 2278; x_wconf 51' lang='lat'>‘21²2</span> 
     </span>
     <span class='ocr_line' id='line_1_60' title="bbox 1793 2291 1920 2324; baseline 0 -7"><span class='ocrx_word' id='word_1_405' title='bbox 1793 2291 1920 2324; x_wconf 77' lang='lat' dir='ltr'>Stephani</span> 
     </span>
     <span class='ocr_line' id='line_1_61' title="bbox 1793 2331 1932 2362; baseline 0.007 -7"><span class='ocrx_word' id='word_1_406' title='bbox 1793 2331 1872 2362; x_wconf 61' lang='lat' dir='ltr'>Regis</span> <span class='ocrx_word' id='word_1_407' title='bbox 1893 2331 1932 2356; x_wconf 79' lang='lat' dir='ltr'>lit-</span> 
     </span>
     <span class='ocr_line' id='line_1_62' title="bbox 1793 2369 1916 2395; baseline -0.008 0"><span class='ocrx_word' id='word_1_408' title='bbox 1793 2372 1853 2395; x_wconf 74' lang='lat' dir='ltr'>terae</span> <span class='ocrx_word' id='word_1_409' title='bbox 1883 2369 1916 2394; x_wconf 83' lang='lat' dir='ltr'>ad</span> 
     </span>
     <span class='ocr_line' id='line_1_63' title="bbox 1792 2407 1877 2433; baseline -0.012 0"><span class='ocrx_word' id='word_1_410' title='bbox 1792 2407 1877 2433; x_wconf 84' lang='lat' dir='ltr'>Socios</span> 
     </span>
     <span class='ocr_line' id='line_1_64' title="bbox 1794 2445 1910 2470; baseline -0.009 0"><span class='ocrx_word' id='word_1_411' title='bbox 1794 2445 1910 2470; x_wconf 82' lang='lat' dir='ltr'>Provinc.</span> 
     </span>
     <span class='ocr_line' id='line_1_65' title="bbox 1790 2485 1918 2511; baseline 0 0"><span class='ocrx_word' id='word_1_412' title='bbox 1790 2485 1918 2511; x_wconf 80' lang='lat' dir='ltr'>Lituanae.</span> 
     </span>
    </p>
   </div>
  </div>
 </body>
</html>
