2184 2953
306 398 366 423 1627
424 398 450 424 et

305 437 368 463 1628

359 675 392 701 37

301 714 396 741 Cauuae
409 715 445 741 of-

299 755 382 782 fertur
402 756 446 783 do-

299 794 437 821 micilium.

299 863 362 889 1629

358 902 391 928 38

297 940 318 967 N
323 941 412 968 esvisii

299 981 427 1014 ‘templum

298 1020 323 1046 S.
333 1019 445 1045 Michae-

296 1059 330 1086 lis
341 1060 445 1087 dedica—

298 1102 364 1126 tum.

298 1139 428 1166 Beneficia

294 1180 443 1207 B.Archan-

296 1213 361 1246 geli.

297 1250 441 1284 Collegium

297 1290 436 1317 disturbat

296 1332 387 1357 renata
400 1339 443 1365 pe-

296 1369 356 1396 stis.

352 1431 385 1457 39

295 1472 381 1499 Vilnae
390 1473 441 1500 ΡΡ.

294 1513 411 1540 Novacki

293 1555 321 1580 et
333 1553 416 1580 Laba-

294 1593 397 1620 novski.

475 297 535 328 286
840 299 1115 331 LlTUANICARUM
1138 302 1348 331 SOCIETATIS
1370 302 1455 332 JESU
1478 302 1730 333 HISTORIARUM

477 401 555 425 cum
595 390 687 425 bona
717 393 865 438 conjuge
899 393 1031 439 Sophia
1067 393 1278 436 Vollovicia,
1314 399 1347 430 et
1379 395 1454 441 ipse
1493 396 1680 442 praefectus
1713 397 2035 437 Bobruiscensium‚
2065 400 2103 432 ut

477 458 615 494 vocant,
642 455 858 501 capitaneus.
880 456 934 491 Ad
961 456 1087 491 fundos
1106 457 1231 492 horum
1246 469 1427 503 pagosque
1446 461 1581 503 partem
1610 470 1628 491 e
1648 445 1710 492 suo
1738 459 1946 504 patrimonio
1966 458 2103 493 addidit

477 517 604 551 Petrus
623 517 850 558 Sulatickius,
868 518 921 552 vir
935 530 1013 553 curn
1030 519 1160 565 pietate
1179 524 1252 554 tum
1267 531 1396 566 genere
1414 519 1553 554 nobilis.
1570 520 1787 555 Donationes
1814 521 2021 556 auctoritate
2040 531 2100 555 sua

476 589 538 613 rex
561 579 764 615 Vladislaus
783 580 1012 616 confirmavit.
1042 581 1163 616 Auctis
1188 583 1270 617 novi
1298 581 1463 617 domicilii
1495 582 1611 621 rebus,
1635 582 1742 616 additi
1772 583 1892 628 primis
1911 583 1979 617 duo
2008 583 2099 618 Socii

476 644 688 685 sacerdotes,
723 645 921 680 Stanislaus
940 650 974 681 et
988 644 1143 681 Michael
1157 644 1436 685 Krecsmannus,
1456 655 1475 679 e
1494 644 1715 679 Nesvisiensi
1731 645 1901 692 Collegio.

524 705 644 747 Vilna,
667 718 709 742 ex
737 706 1020 753 Congregatione
1047 706 1267 754 provinciali,
1298 706 1424 740 missus
1453 706 1604 740 Romam
1635 712 1841 752 procurator
1868 709 1910 743 P.
1945 707 2099 743 Jacobiis

474 766 716 803 Lachovskius
734 780 741 809 ;
760 768 818 814 qui
841 773 969 814 praeter
987 769 1058 804 alia
1076 769 1263 815 praeposito
1284 767 1442 813 generali
1460 773 1675 813 proponeret
1704 769 1901 804 admittenti
1933 769 2097 804 domicilii

473 840 611 872 causas,
635 830 779 870 Caunae,
802 830 836 865 in
854 831 981 876 oppido
1001 831 1176 865 Lituaniae
1194 829 1315 871 nobili,
1334 829 1447 865 Sociis
1466 829 1588 864 oblati.

523 892 691 934 Nesvisii,
729 893 763 927 in
796 893 920 928 Monte
949 894 1132 940 Angelico,
1163 893 1353 939 perfectum
1385 891 1505 938 templi
1524 891 1723 933 aedificium,
1759 891 1964 938 supellectili
1996 903 2097 928 sacra

473 954 615 1000 arisque
633 959 809 997 ornatum,
831 968 853 991 a
867 956 998 991 vicario
1018 956 1198 991 Vilnensis
1216 955 1371 1002 episcopi
1394 954 1487 989 1629
1515 953 1726 989 dedicatum.
1758 954 1798 988 Id
1816 954 1883 989 loci
1901 955 2095 1000 patrocinio

472 1016 575 1051 Beati
593 1017 780 1052 Michaelis
798 1018 899 1052 multi
914 1018 1126 1059 mortalium,
1149 1018 1222 1053 suis
1236 1016 1376 1052 liberati
1391 1016 1491 1051 malis
1510 1029 1516 1057 ;
1540 1015 1602 1057 illi,
1625 1027 1736 1061 nuper
1755 1015 1971 1057 moribundi,
1990 1017 2094 1051 comi-

470 1078 585 1120 tiales,
607 1078 805 1126 paralytici,
827 1079 936 1115 oculis
956 1080 1062 1126 capti,
1085 1080 1241 1127 spastici,
1266 1079 1362 1114 surdi
1381 1092 1388 1120 ;
1409 1078 1521 1124 gratis
1541 1078 1666 1112 animis
1698 1077 1816 1112 divina
1843 1078 2012 1113 beneficia
2030 1078 2096 1113 hoc

469 1150 563 1175 anno
594 1140 741 1186 professi
768 1145 859 1176 sunt.
900 1141 1094 1188 Plerosque
1122 1141 1245 1176 eodem
1269 1141 1435 1187 compulit
1463 1146 1575 1176 metus
1598 1141 1821 1187 pestilentiae,
1850 1140 2094 1186 Samogiticas,

470 1202 686 1245 Lituanicas,
709 1204 891 1246 Russicas,
925 1205 1152 1240 Masoviticas
1183 1204 1342 1238 civitates
1370 1204 1574 1238 evastantis.
1604 1204 1644 1238 In
1676 1203 1849 1238 communi
1868 1203 1968 1238 clade
1982 1215 2095 1250 neque

470 1263 759 1301 Nesvisiensibus
774 1266 879 1301 sartis
895 1266 955 1301 diu
972 1266 1143 1312 tectisque
1164 1277 1242 1302 esse
1256 1266 1368 1300 licuit.
1390 1266 1492 1300 Anno
1512 1266 1711 1312 insequenti
1731 1277 1773 1300 ex
1787 1266 1863 1311 ipso
1879 1265 2095 1300 advenarum

468 1328 621 1375 hospitio
653 1333 687 1364 et
717 1329 928 1376 contagione
961 1334 1130 1375 concepta
1166 1340 1288 1363 rursus
1323 1329 1443 1375 pestis.
1479 1329 1572 1374 (Vid.
1612 1341 1707 1363 num.
1730 1328 1804 1373 26.)
1842 1327 2022 1362 Subducto
2059 1328 2094 1362 in

469 1390 649 1426 Polesiam
683 1390 853 1438 Cossegio,
877 1392 950 1426 PP.
982 1392 1195 1427 Laurentius
1219 1391 1390 1427 Bartilius
1424 1396 1458 1426 et
1484 1391 1642 1425 Joannes
1669 1389 1828 1425 Alandus
1860 1402 1937 1424 cum
1968 1390 2098 1436 aliquot

469 1452 687 1499 adjutoribus
706 1453 839 1488 civitati
857 1454 970 1489 relicti
985 1466 1027 1489 ex
1046 1466 1086 1489 eo
1106 1454 1262 1500 periculo
1287 1457 1509 1500 superarunt.
1537 1454 1575 1487 In
1609 1452 1805 1487 istiusmodi
1831 1452 1952 1486 officiis
1980 1452 2094 1487 Vflnae

468 1514 634 1550 interiere
652 1515 798 1562 aliquot,
821 1517 888 1551 duo
908 1518 1085 1564 praecipue
1103 1517 1321 1552 memorandi
1347 1520 1486 1562 patres:
1521 1515 1682 1549 Andreas
1716 1514 1932 1555 Nomekius,
1963 1514 2090 1549 nobilis

467 1575 644 1618 Rutenus,
662 1589 794 1623 praeses
810 1579 993 1614 Sociorum
1008 1579 1054 1613 ad
1069 1579 1179 1614 aedem
1195 1578 1298 1613 Beati
1313 1579 1474 1614 Casimiri
1489 1579 1738 1625 professorum,
1757 1584 1790 1614 et
1806 1579 1826 1614 J
1830 1590 1962 1614 oannes
1978 1579 2090 1614 Laba-

467 1639 638 1674 novskius
657 1651 699 1674 ex
716 1641 917 1676 academico
933 1641 1104 1688 Collegio,
1124 1641 1220 1675 Vixit
1240 1641 1280 1675 P.
1299 1641 1461 1676 Andreas
1480 1641 1514 1675 in
1536 1642 1712 1677 Societate
1727 1652 1840 1676 annos
1874 1643 1932 1676 44.
1968 1642 2092 1676 Statim

466 1701 737 1748 aphilosophia,
759 1703 876 1738 Vilnae
896 1704 1039 1745 tradita,
1067 1704 1184 1739 domui
1213 1704 1381 1751 professae
1404 1705 1627 1752 praepositus
1657 1705 1749 1740 hanc
1776 1710 1877 1751 atque
1904 1705 1993 1740 alias
2026 1705 2090 1740 alia

466 1763 626 1809 Collegia
657 1763 788 1810 insigni
807 1776 885 1799 cum
917 1765 1022 1800 laude
1052 1766 1155 1801 rexit.
1180 1766 1242 1801 Bis
1262 1767 1413 1802 Romam
1440 1767 1520 1802 visit
1539 1782 1544 1800 ς
1563 1767 1652 1802 alias
1684 1779 1801 1802 rerum
1825 1767 2091 1813 provincialium

462 1830 680 1872 procurator,
699 1837 815 1861 comes
830 1827 984 1873 episcopi
999 1827 1178 1863 Vilnensis
1195 1828 1297 1863 alias.
1321 1829 1385 1863 Vir
1404 1829 1525 1864 doctus
1544 1829 1580 1863 in
1598 1829 1719 1875 primis
1737 1834 1841 1875 atque
1859 1829 2027 1875 eloquens
2042 1829 2087 1875 (1),

463 1887 635 1934 praeclara
652 1889 859 1923 eruditionis
878 1901 964 1930 suae,
987 1890 1066 1924 stilo
1092 1891 1222 1936 scripta
1241 1891 1465 1931 nitidissimo,
1483 1891 1625 1937 reliquit
1639 1895 1867 1926 monumenta
1885 1905 1891 1933 ;
1926 1892 2018 1926 inter
2048 1903 2090 1926 ea

464 1951 662 1991 conciones,
684 1951 763 1985 luce
777 1951 916 1997 publica
948 1952 1088 1997 dignas.
1124 1954 1161 1987 In
1188 1953 1295 1988 Patre
1327 1953 1476 1993 Joanne,
1507 1957 1637 1999 praeter
1664 1953 1845 1999 singulare
1875 1954 2087 1988 castimonia}

466 2013 609 2055 donum,
627 2013 737 2048 inulta
753 2014 868 2048 inerat
886 2013 963 2048 laus
982 2026 988 2048 :
1007 2014 1177 2060 inprimis
1197 2016 1306 2062 pietas
1325 2027 1410 2062 erga
1425 2016 1550 2054 Deum,
1581 2015 1736 2050 charitas
1762 2016 1796 2049 in
1828 2015 1974 2050 miseros
1997 2027 2086 2050 mor-

462 2076 551 2111 tales
570 2088 657 2122 quos
676 2077 836 2111 omnibus
854 2077 914 2112 ille
934 2077 1070 2123 opibus,
1092 2078 1129 2112 in
1143 2078 1266 2113 salutis
1285 2082 1427 2113 aeternae
1447 2077 1598 2123 negotiis
1613 2078 1776 2119 maxime,
1794 2078 1973 2125 adjutabat
1990 2091 1997 2119 ;
2019 2089 2089 2113 non

465 2139 568 2173 modo
580 2151 680 2173 suum
694 2139 923 2185 implorantes
943 2141 1112 2175 auxilium
1123 2140 1273 2186 benigne
1288 2143 1489 2185 exceptans,
1503 2139 1563 2173 sed
1575 2140 1711 2175 curiose
1719 2140 1823 2175 etiam
1838 2140 1875 2174 in
1890 2140 2087 2175 carceribus

464 2204 498 2236 et
524 2201 800 2248 ptochotrophiis
831 2202 1024 2248 requirens.
1056 2203 1178 2238 Miseri
1209 2214 1307 2248 ergo,
1341 2202 1553 2242 moribundi,
1601 2202 1775 2237 afficiendi
1811 2202 2002 2249 suppliciis,
2050 2203 2084 2236 in

464 2273 607 2297 suarum
624 2263 770 2309 quisque
789 2276 905 2299 reruni
936 2265 1083 2300 articulo
1107 2265 1148 2299 P.
1180 2264 1201 2298 J
1206 2263 1329 2298 oannis
1361 2263 1510 2297 maxime
1542 2274 1649 2309 opera
1671 2264 1872 2298 utebantur.
1898 2264 2085 2299 Adamavit

467 2328 655 2371 propterea
674 2324 785 2358 virum
803 2325 835 2358 V
837 2325 1026 2361 ilnensium
1039 2326 1223 2372 episcopus
1242 2324 1454 2360 Benedictus
1468 2325 1624 2371 Woyna,
1646 2329 1750 2371 atque
1781 2325 1826 2360 ad
1853 2326 1970 2360 aulam
1985 2337 2083 2361 suam

462 2386 677 2433 depoposcit.
696 2386 792 2421 Usus
810 2386 883 2428 illo,
905 2391 939 2422 et
952 2388 1061 2423 animi
1076 2389 1129 2423 sui
1148 2388 1280 2423 arbitro
1300 2392 1334 2423 et
1353 2388 1610 2429 concionatore,
1628 2389 1741 2434 quoad
1759 2389 1856 2424 vixit.
1893 2390 2082 2424 Lustrante

503 2458 549 2499 (1)
565 2459 746 2488 Rhetoricam
772 2461 955 2490 domesticam
972 2464 1075 2491 nostris
1092 2463 1204 2490 tradidit
1225 2469 1313 2490 annos
1335 2463 1351 2490 S
1371 2465 1573 2495 ;Couci01]sst01·
1589 2473 1677 2494 anuos
1691 2468 1725 2499 3;
1743 2467 1947 2502 philosophiam
1968 2467 2081 2494 tradidit

464 2522 553 2542 annos
573 2514 601 2541 3.
622 2513 703 2541 Rexit
720 2514 864 2548 Pultoviae‚
879 2515 1030 2545 Varsaviae.
1048 2517 1123 2545 Vixit
1135 2517 1162 2544 in
1176 2516 1317 2544 Societato
1334 2524 1424 2546 annos
1439 2519 1489 2548 44.
