2184 2953
230 380 293 407 1582

234 997 354 1024 Pertina-

234 1038 275 1064 cia
297 1038 377 1063 haere-

236 1079 345 1105 ticorum

231 1119 305 1152 justo
331 1118 380 1144 im-

235 1158 305 1192 perio
319 1165 378 1183 con-

236 1197 313 1223 cedit.

240 1577 382 1610 Templum

239 1617 265 1642 et
285 1624 367 1642 coeno-

239 1656 311 1683 bium
327 1655 372 1682 So-

239 1698 283 1723 ciis
295 1697 367 1723 offer-

243 1740 295 1764 tur.

401 282 458 313 102
780 286 1052 315 LlTUANICARUM
1076 287 1288 316 SOClETATls·
1307 288 1391 317 JESU
1418 289 1668 318 HISTORlARUM

402 388 418 403 κ
440 374 596 410 oblatum
622 376 687 410 sibi
719 388 737 411 a
761 377 905 413 Polonis
928 379 1028 424 regni
1047 379 1153 414 decus
1180 382 1241 413 aut
1262 382 1398 414 tantum
1429 391 1506 414 cum
1536 380 1718 415 Moscovia
1737 380 1819 416 belli
1838 382 2021 427 negotium

403 450 418 464 u
441 437 648 483 suscepisse.
680 438 717 473 Si
745 440 929 475 macellum
962 440 1131 476 Luterani
1158 441 1194 474 in
1220 441 1306 475 urbe
1341 441 1593 476 catholicorum
1612 442 1766 488 aliquod,
1788 442 1818 477 si
1839 444 2024 478 tabernam

405 511 420 526 α
443 498 562 544 utique
581 499 686 535 lautis
715 501 803 536 adeo
830 502 936 537 sacris
961 502 1033 538 suis
1051 507 1256 549 poscerent;
1277 503 1467 537 cavendum
1481 503 1515 537 id
1536 516 1672 550 quoque
1691 505 1782 539 foret
1799 504 1958 551 principi,
1982 517 2026 540 ne

407 573 422 587 u
444 559 524 594 hinc
550 559 727 606 legitimus
742 574 923 609 possessor
949 563 1082 610 aliquid
1102 564 1300 599 detrimenti
1322 568 1473 610 caperet.
1498 565 1578 600 Jam
1598 566 1708 600 aedem
1727 577 1863 600 sacram
1883 578 2027 612 eamque

408 635 423 649 sc
445 622 661 667 primariam,
685 626 776 660 unde
807 637 870 660 sua
887 626 967 661 novi
987 626 1174 672 Evangelii
1205 626 1310 661 latius
1336 626 1502 672 vulgetur
1528 627 1647 673 pestis,
1676 627 1796 673 ejectis
1826 639 1939 674 nuper
1966 640 2029 674 per

409 697 424 711 u
447 694 617 719 summam
633 686 797 732 injuriam
824 688 1019 730 catholicis,
1041 692 1146 735 atque
1163 689 1199 723 in
1225 688 1365 722 ultimas
1392 686 1488 722 urbis
1506 687 1662 722 latebras
1680 688 1867 728 contrusis,
1888 692 1926 722 ut
1944 688 2030 722 obti-

410 758 425 773 ιι
447 750 554 781 neant
580 747 748 790 haeretici,
771 761 809 785 ac
836 762 940 796 porro
976 751 1211 796 triumphent;
1235 750 1411 785 enimvero
1443 749 1546 783 istam
1577 749 1822 784 contumeliam
1848 749 2030 796 religionis

410 825 425 835 κ
447 807 648 844 christianae
678 815 749 845 tam
776 811 982 854 immanem,
1012 813 1042 848 si
1069 825 1171 859 quem
1202 812 1329 853 alium,
1369 811 1586 857 Stephanum
1613 811 1821 846 Bathorium
1857 812 2030 847 sustinere

412 883 427 897 a
450 869 543 904 haud
557 882 672 916 posse.
691 872 984 920 Obtemperarent
1013 875 1134 921 igitur,
1164 876 1436 920 mandatumque
1462 885 1564 908 suum
1583 873 1809 910 exhaurirent
1838 875 2027 915 continuo;

412 944 427 958 α
448 941 561 976 neque
580 932 735 975 duriora,
758 946 836 980 quae
849 936 925 982 jam
940 938 1159 972 contumacia
1178 937 1223 972 sit
1240 937 1378 977 merita,
1395 940 1658 984 expectarent„

458 991 513 1026 Illi
525 993 631 1039 regiis
646 995 878 1042 nequicquam
892 998 1060 1034 obluctati
1077 999 1245 1046 imperiis,
1262 999 1400 1034 facilius
1421 999 1456 1033 id
1475 1010 1578 1044 posse
1600 999 1680 1040 rati,
1703 1000 1795 1044 quod
1810 1000 2028 1045 pugnabant,

408 1064 469 1098 per
484 1059 622 1090 nostros
637 1056 738 1097 effici,
757 1059 901 1094 Petrum
918 1061 1058 1107 Skarga
1073 1062 1295 1102 conveniunt,
1313 1060 1434 1095 fanum
1450 1061 1529 1095 Divi
1556 1061 1577 1095 J
1581 1061 1681 1095 acobi
1696 1060 1856 1107 Apostoli
1871 1073 1933 1107 pro
1954 1062 2032 1097 aede

408 1127 512 1160 quam
530 1117 609 1152 Rex
618 1118 744 1164 jubeat
761 1121 863 1162 tradi,
884 1122 975 1157 ultro
995 1123 1166 1165 offerunt3
1188 1124 1262 1170 ipse
1281 1134 1359 1157 cum
1378 1123 1488 1158 Sociis
1521 1123 1592 1157 suis
1621 1122 1702 1157 boni
1721 1123 1894 1164 consulat,
1916 1123 2035 1158 multis

410 1182 512 1212 orant
537 1180 754 1225 suppliciter.
778 1183 918 1224 Petrus,
943 1196 989 1220 ne
1016 1196 1119 1231 quam
1147 1185 1212 1220 sibi
1230 1184 1323 1219 cives
1350 1184 1514 1230 injuriam
1544 1183 1684 1219 nomine
1709 1184 1893 1219 Societatis
1913 1184 2033 1220 inferri

410 1247 614 1286 querantur,
644 1248 717 1278 tum
748 1247 840 1291 quod
865 1247 1122 1295 circumjectam
1147 1260 1278 1288 aream,
1307 1247 1481 1281 domicilio
1515 1246 1749 1281 construendo
1781 1249 2028 1292 opportunam,

408 1304 554 1345 videret,
572 1307 662 1352 quod
684 1320 771 1354 pace
789 1310 998 1356 Rigensium
1018 1313 1091 1353 fiat,
1114 1313 1341 1348 substitutam
1359 1321 1433 1345 rem
1458 1307 1592 1354 accipit.
1617 1321 1632 1336 α
1651 1307 1706 1342 Ne
1725 1308 1804 1342 Rex
1831 1308 1972 1354 quidem
1997 1308 2033 1342 id

413 1380 428 1394 κ
451 1378 489 1401 se
515 1368 668 1404 abnuere
695 1371 798 1413 dixit;
832 1374 934 1408 modo
961 1375 1006 1409 ad
1031 1387 1131 1410 suum
1163 1375 1255 1410 istud
1279 1374 1405 1408 donum
1439 1370 1648 1417 Rigensium
1672 1380 1848 1416 propensa
1868 1369 1913 1404 ad
1946 1369 2035 1404 bene

416 1443 431 1457 sc
453 1431 658 1465 merendum
676 1432 839 1469 voluntas
858 1435 1026 1482 adjiceret
1050 1437 1252 1483 adjacentes
1280 1436 1398 1475 etiam,
1419 1436 1523 1478 atque
1541 1432 1626 1467 adeo
1645 1432 1850 1478 conjunctas
1872 1443 1951 1466 cum
1969 1431 2036 1467 hoc

415 1505 431 1519 α
452 1492 547 1534 fano,
571 1493 853 1531 Cisterciensium
878 1510 989 1544 nuper
1007 1499 1183 1545 virgiuum
1201 1499 1295 1534 aedes
1313 1510 1390 1533 cum
1409 1493 1537 1539 templo
1564 1494 1696 1540 pariter
1720 1494 1763 1528 D.
1788 1493 1914 1527 Mariae
1934 1493 2037 1539 Mag-

415 1570 430 1584 α
452 1556 602 1591 dalenae.
625 1557 706 1592 Non
725 1559 911 1596 obscurum
931 1566 1007 1597 erat
1027 1563 1244 1608 Rigensibus
1264 1561 1429 1608 principis
1448 1560 1631 1595 consilium
1653 1572 1660 1594 :
1693 1560 1783 1595 velle
1797 1561 1891 1595 hunc
1906 1560 2038 1595 scilicet

417 1634 432 1648 a
455 1619 475 1653 J
479 1620 599 1655 esuitis
618 1623 841 1668 gymnasium
860 1626 966 1659 etiam
985 1625 1175 1665 collocare;
1198 1636 1306 1670 quare
1324 1624 1548 1658 vehementer
1567 1622 1673 1657 etiam
1697 1627 1802 1668 atque
1817 1623 1923 1658 etiam
1941 1624 2035 1670 rogi.-

418 1697 433 1711 ιι
455 1686 542 1724 tant,
563 1685 778 1730 propositum
793 1697 895 1720 suum
910 1687 990 1721 boni
1005 1687 1115 1721 civilis
1134 1699 1256 1722 amans
1276 1687 1444 1732 Princeps
1464 1685 1506 1719 de
1523 1685 1544 1720 J
1549 1685 1669 1720 esuitis
1689 1689 1726 1719 ut
1745 1686 1883 1720 omittat
1901 1699 1907 1721 :
1925 1698 2039 1732 neque

418 1759 433 1773 a
454 1745 546 1779 enim
560 1745 637 1780 fieri
655 1758 767 1792 posse,
787 1752 824 1781 ut
843 1747 935 1782 inter
952 1748 1128 1783 civitatem
1156 1760 1255 1783 suam
1286 1753 1320 1784 et
1341 1749 1434 1784 istud
1462 1749 1642 1783 hominum
1669 1760 1781 1794 genus
1809 1749 1995 1784 conveniat
2027 1762 2034 1785 z

420 1822 435 1836 a
451 1808 527 1854 jam
540 1808 621 1843 hinc
635 1809 775 1844 omnino
788 1810 867 1856 plus
886 1811 995 1856 pestis
1015 1812 1088 1846 fore
1107 1812 1135 1846 si
1153 1812 1273 1847 ludum
1291 1813 1395 1848 etiam
1404 1812 1583 1859 juventuti
1601 1813 1803 1858 aperuerint
1822 1825 1828 1846 :
1857 1813 1933 1847 istis
1948 1813 2041 1848 vide-

420 1884 435 1898 α
456 1869 537 1904 licet
555 1870 627 1904 suis
642 1871 841 1905 mortalium
860 1872 994 1907 artibus
1013 1874 1254 1909 circumveniri
1272 1875 1421 1909 maxime
1440 1873 1735 1914 adolescentulos,
1759 1878 1863 1919 atque
1879 1885 1897 1907 a
1914 1874 2038 1919 patriis

419 1945 435 1959 «ι
457 1931 502 1966 ad
516 1931 706 1977 religiones
717 1933 936 1978 peregrinas,
954 1935 1142 1980 papisticas
1158 1937 1302 1978 scilicet,
1323 1938 1481 1973 incautos
1504 1938 1662 1979 traduci;
1684 1938 1814 1973 malum
1833 1939 1950 1984 itaque
1969 1939 2040 1974 suis

418 2009 433 2022 κ
456 1994 628 2029 Livonum
643 1997 883 2032 sanctitatibus
900 2010 977 2032 cum
989 1999 1042 2033 his
1056 2011 1118 2045 per
1132 2000 1322 2046 principem
1337 2000 1466 2035 accersi
1480 2000 1737 2046 perniciemque
1752 2001 1995 2036 certissimam.
2022 2019 2038 2033 „

467 2058 549 2092 Non
567 2058 758 2104 injucunda
776 2070 818 2093 ea
837 2060 1047 2106 Rigensium
1061 2062 1138 2096 visa
1160 2067 1211 2097 est
1231 2063 1410 2109 Stephano
1430 2063 1554 2104 oratio,
1577 2074 1680 2109 quam
1705 2068 1739 2097 et
1758 2066 2041 2109 procerum'con-

422 2124 563 2156 secutus
596 2125 649 2155 est
678 2122 770 2156 risus
793 2135 799 2156 :
821 2134 956 2169 nempe,
975 2124 1066 2169 quod
1081 2125 1109 2159 is
1128 2126 1277 2161 maxime
1296 2129 1444 2171 optaret,
1462 2125 1496 2159 id
1516 2126 1691 2160 haereticis
1707 2126 1858 2160 maxime
1878 2125 1943 2159 sibi
1972 2136 2041 2160 me-

421 2186 611 2220 tuentibus.
633 2200 648 2214 c<
671 2186 778 2232 Atqui
797 2198 876 2233 ego,
899 2187 1022 2233 inquit.
1046 2188 1221 2232 Rigenses
1237 2186 1316 2228 mei,
1329 2187 1395 2221 hac
1413 2187 1490 2232 ipsa
1508 2187 1644 2222 ratione
1662 2187 1761 2222 vobis
1781 2187 1979 2221 consultum
1999 2198 2040 2222 eo

424 2263 440 2277 α
458 2259 563 2295 quam
581 2248 720 2294 optime.
739 2249 877 2284 Vestrae
896 2250 952 2284 liic
972 2250 1126 2295 ipsorum
1149 2249 1273 2284 salutis
1288 2249 1465 2294 negotium
1485 2249 1614 2294 agitur.
1632 2248 1835 2283 Aberrastis
1848 2249 1923 2293 jam
1937 2247 2042 2293 longe

426 2325 441 2339 α
464 2310 701 2357 imprudentes
720 2322 741 2345 a
755 2316 849 2346 recto
877 2312 959 2346 vitu¹
979 2312 1182 2347 christiana¹
1204 2311 1375 2351 instituto,
1398 2322 1509 2344 cz‘ucos
1543 2310 1653 2344 secuti
1680 2310 1806 2350 duces;
1829 2321 1885 2350 en,
1909 2309 2043 2355 quivos

426 2389 442 2404 ιι
464 2375 644 2416 reducant,
667 2375 760 2409 viros
788 2387 866 2410 cum
889 2376 1079 2421 sapieiiteS‚
1102 2380 1174 2410 tum
1193 2374 1363 2420 apprime,
1393 2373 1477 2407 mihi
1504 2373 1649 2412 credite,
1684 2376 1823 2406 sanctos
1847 2384 1853 2406 ε
1878 2383 1945 2406 non
1966 2371 2044 2406 illos

427 2453 443 2468 ιι
464 2438 553 2472 lucri
572 2437 675 2472 ullius
703 2437 757 2471 sui
784 2442 989 2483 appetentes
1020 2450 1026 2472 :
1057 2438 1168 2484 ipsius
1200 2440 1327 2471 vestrae
1359 2435 1482 2470 salutis
1514 2435 1669 2480 cupidos,
1704 2434 1800 2480 pacis
1827 2433 2045 2480 justitiaeque

428 2516 444 2530 α
470 2501 583 2535 omnis
611 2500 899 2535 studiosissimos.
923 2500 1030 2535 Nullo
1049 2501 1085 2535 hi
1105 2499 1226 2534 merito
1253 2510 1316 2533 suo
1342 2498 1435 2544 apud
1453 2510 1515 2533 vos
1534 2497 1707 2532 sustinent
1725 2496 1895 2531 invidiam
1912 2510 1919 2538 ;
1942 2508 2045 2543 quam
