2184 2953
415 299 474 330 216
784 300 1059 329 LlTUANlCARUM
1083 300 1294 329 SOCIETATIS
1315 300 1400 330 JESU
1424 301 1674 332 HISTORIARUM

246 399 308 426 1607
417 397 564 430 ctarent.
589 394 763 430 Amabant
791 405 868 429 eam
898 395 933 429 in
966 394 1150 441 gymnasio
1179 394 1366 430 Societatis
1393 395 1612 441 disciplinam
1634 397 1829 443 juventutis
1857 398 1967 438 nives,
1997 408 2038 431 ac

418 457 670 503 praedicabant.
690 457 771 491 Istis
790 457 961 491 admoniti
979 456 1142 492 laudibus
1161 461 1280 504 patres
1298 469 1317 493 e
1336 457 1470 492 familia
1489 458 1631 493 Ordinis
1654 459 1698 493 de
1726 459 1849 494 Monte
1864 459 2036 500 Carmelo,

418 531 481 565 per
494 520 631 554 beatam
651 519 826 565 virginem
853 519 1060 553 Theresiam
1078 519 1271 560 reformati,
1289 531 1310 554 a
1329 520 1760 556 Germania'transeuntes
1788 522 1822 555 in
1843 521 2037 562 Persidem,

420 585 458 618 ut
486 584 523 617 in
541 582 629 628 ejus,
650 584 723 616 tam
745 580 890 627 pulchre
912 580 1075 622 instituti,
1097 581 1212 616 album
1230 581 1382 617 sodalitii
1401 594 1464 617 sua
1481 583 1743 618 ascriberentur
1761 571 1921 623 nomina,
1938 595 2040 629 roga-

418 648 520 686 runt;
554 644 681 680 itinere
717 642 941 688 consiliisque
972 644 1043 678 suis
1074 644 1237 679 Mariano
1272 645 1376 679 coetui
1408 645 1673 681 commendatis.
1713 645 1767 679 Ex
1794 656 1834 679 eo
1862 645 2042 681 Sodalium

418 707 568 754 collegio
594 707 660 742 hoc
677 717 770 740 anno
790 705 951 739 dicarunt
969 717 1007 740 se
1026 706 1099 740 Deo
1119 718 1126 740 2
1149 710 1283 752 septem
1309 707 1344 740 in
1372 707 1574 753 religiosam
1604 707 1920 742 Franciscanorum
1940 708 2041 742 fami-

416 769 513 810 liam,
534 769 677 804 totidem
710 768 746 802 in
777 767 944 802 Ordinem
976 767 1238 802 Basilianorum
1263 769 1397 814 accepti
1430 781 1435 803 :
1471 769 1650 814 quindeni,
1686 773 1723 803 ut
1758 770 1792 803 in
1831 769 2040 804 Societatem

247 844 382 871 Academi-
418 835 676 878 cooptarentur,
700 833 866 869 orarunt;
888 833 965 863 octo
990 829 1160 864 duntaxat
1174 830 1417 876 impetrarunt,
1440 831 1532 876 quod
1548 830 1723 875 angustiae
1750 830 1873 866 domus
1894 831 2043 867 novella]

245 883 373 950 Ϊζξὲῖξῗὸ
411 895 487 940 jam
505 893 737 928 admissorum
753 902 897 925 numero
916 894 1034 925 essent
1053 891 1212 937 expletae.
1233 892 1449 927 Caeterorum
1469 892 1573 926 etiam
1592 893 1873 927 academicorum
1893 905 2042 928 comme-

244 961 358 987 familias
418 956 597 991 morabilis
616 955 741 1001 pietas,
770 953 805 987 in
834 952 1035 988 calamitate
1065 954 1281 999 perturbatae
1313 954 1534 1000 Reipublicae
1573 955 1856 1000 supplicantium.
1879 955 2043 990 Trecenti

244 1003 354 1037 accepti.
413 1018 576 1064 amplius,
602 1017 787 1062 lugubrem
807 1015 841 1049 in
861 1015 1001 1049 modum
1016 1015 1165 1057 linteati,
1188 1016 1339 1061 flagellis
1359 1017 1503 1062 quisque
1532 1017 1568 1051 in
1583 1028 1647 1051 sua
1667 1018 1795 1051 armati
1810 1022 1926 1063 terga,
1944 1017 2042 1052 trifa-

414 1080 515 1121 riam,
533 1079 722 1114 secundum
737 1080 855 1123 partes
885 1077 975 1112 sacri
995 1077 1151 1118 Rosarii,
1170 1077 1274 1112 divisi
1293 1091 1298 1112 :
1318 1090 1399 1124 pars
1415 1079 1601 1124 gaudentis
1629 1079 1751 1114 Beatae
1770 1079 1944 1125 Virginis,
1962 1090 2044 1125 pars

414 1141 568 1187 eJusdem
592 1139 755 1179 dolentis,
775 1149 857 1184 pars
873 1138 1022 1184 denique
1044 1139 1292 1184 triumphantis
1321 1140 1490 1186 mysteria
1510 1140 1621 1175 sacris
1644 1140 1863 1175 celebrantes
1883 1140 2045 1175 carmini-

412 1204 490 1244 bus,
512 1203 556 1237 ab
574 1201 773 1236 academico
792 1201 920 1247 templo
939 1202 983 1235 ad
997 1201 1115 1235 fanum
1134 1202 1175 1236 B.
1200 1202 1383 1248 Stephani,
1406 1208 1506 1237 extra
1530 1203 1662 1237 moenia
1687 1203 1816 1244 situm3
1851 1203 1947 1238 illinc
1964 1208 2044 1249 post

416 1265 623 1301 sacrificium
654 1264 785 1303 missae,
815 1263 1008 1309 provolutis
1034 1263 1069 1297 in
1102 1268 1232 1298 terram
1259 1264 1477 1310 corporibus,
1501 1264 1675 1310 religione
1706 1265 1885 1310 praecipua
1915 1265 2045 1299 divinae

417 1327 572 1362 oblatum
599 1325 808 1364 elementiae,
838 1325 944 1370 longo
972 1330 1085 1359 tractu
1114 1326 1246 1371 pariter
1278 1326 1453 1372 supplices
1479 1326 1525 1360 ad
1549 1326 1684 1372 regium
1713 1327 1792 1361 Divi
1814 1327 1976 1361 Casimiri
2008 1327 2043 1361 in

243 1391 393 1434 nacciiang-
420 1390 585 1436 primario
599 1389 729 1435 templo
754 1387 920 1423 sacellum
935 1393 1195 1433 processerunt,
1217 1393 1291 1423 tota
1310 1388 1383 1423 fere
1402 1389 1590 1423 comitante
1610 1389 1761 1424 civitate.
1786 1390 1979 1424 Commovit
1998 1389 2041 1424 ad

240 1429 390 1502 ffiffigeffis
419 1451 709 1497 comprecandum
728 1450 861 1485 incolas
879 1450 992 1484 altera
1021 1461 1158 1496 quoque
1180 1450 1214 1484 in
1242 1450 1370 1497 templo
1398 1450 1597 1485 academico
1629 1451 1863 1496 supplicatio:
1888 1451 2041 1485 triduum

243 1508 392 1581 ἰέξζὲξέἑᾶ-
417 1515 478 1550 illa
500 1514 773 1549 Bacchanalium
795 1517 878 1548 ante
903 1512 1098 1558 expositam
1123 1512 1273 1547 hostiam
1292 1513 1447 1547 divinam
1464 1513 1622 1547 instituta
1641 1513 1809 1547 horarum
1824 1514 1937 1559 spatio
1954 1525 2038 1559 qua-

244 1586 289 1613 tio.
418 1577 595 1622 draginta.
614 1576 714 1610 Hanc
732 1587 868 1621 quoque
887 1574 1036 1621 populus
1062 1574 1252 1609 celebravit
1270 1579 1341 1609 tani
1362 1575 1535 1621 frequens,
1563 1580 1600 1609 ut
1627 1575 1782 1620 ipsorum
1810 1575 1965 1621 quidem,
1984 1575 2043 1620 qui

417 1640 482 1674 1100
516 1638 632 1674 triduo
668 1638 709 1672 ad
740 1648 896 1672 mensam
928 1636 1203 1671 Eucharisticam
1234 1637 1299 1672 rite
1327 1637 1552 1678 accesserint,
1584 1642 1732 1683 quatuor
1759 1638 1907 1684 amplius
1935 1637 2045 1671 millia

416 1706 598 1738 numerata
616 1701 685 1736 sint
706 1714 712 1735 :
735 1704 880 1735 caeteros
899 1699 1079 1745 templum,
1101 1700 1318 1746 peramplum
1337 1699 1436 1739 illud,
1460 1699 1516 1733 vix
1544 1706 1694 1744 caperet.
1715 1699 1923 1744 Comparata
1942 1699 2042 1734 fuere

417 1765 578 1811 quaedam
595 1764 640 1798 ad
659 1764 874 1808 frequentem
893 1766 1100 1796 conventum
1118 1762 1225 1797 illicia
1247 1775 1253 1797 z
1275 1763 1366 1798 inter
1393 1763 1476 1804 alia,
1503 1764 1695 1810 exquisitus
1724 1764 1843 1809 templi
1872 1775 1912 1798 ac
1927 1763 2044 1798 varius

415 1839 477 1873 per
499 1838 559 1862 eos
589 1825 664 1860 dies
694 1828 863 1859 ornatus:
886 1823 975 1858 odea
993 1824 1203 1859 musicorum
1231 1825 1266 1859 in
1292 1826 1409 1872 plures
1442 1828 1565 1862 choros
1600 1827 1783 1873 disposita,
1807 1833 1912 1873 atque
1934 1828 1969 1861 in
1990 1828 2044 1862 his

417 1887 658 1936 symphoniaci
689 1886 941 1925 adolescentes,
971 1885 1141 1930 exquisite
1169 1885 1214 1919 ad
1241 1898 1377 1922 sacram
1409 1900 1548 1924 scenam
1578 1889 1703 1930 ornati,
1725 1890 1981 1935 diligenterque
2000 1888 2045 1924 ad

420 1950 615 1985 canendum
647 1948 775 1984 eruditi
799 1961 805 1982 z
828 1947 919 1981 binae
938 1951 1022 1992 quot
1042 1947 1162 1981 diebus
1184 1948 1366 1984 conciones
1390 1963 1396 1984 ι
1420 1951 1495 1996 ipsa
1522 1951 1670 1997 denique
1697 1952 1893 1997 juventutis
1925 1952 2044 1987 acade—

424 1998 535 2051 micae,
557 2012 601 2046 ad
618 2011 781 2057 pietatem
810 2013 970 2044 accurate
1002 2009 1216 2054 compositae,
1239 2013 1491 2056 comprecantis
1511 2013 1680 2058 exempla.
1705 2013 1843 2048 Placuit
1861 2014 1909 2047 ita
1929 2025 1971 2048 ea
1989 2025 2043 2048 ca-

342 2117 348 2123 ⁴
423 2074 630 2110 tholicorum
666 2074 779 2120 pietas
814 2072 990 2107 haereticis
1022 2072 1138 2112 etiam,
1171 2076 1208 2106 ut
1246 2074 1390 2109 subinde
1425 2075 1550 2121 Viginti
1591 2076 1741 2122 amplius
1773 2077 1817 2111 ad
1851 2077 2044 2111 Ecclesiam

250 2118 397 2184 gssrffi'm,
423 2137 621 2172 Romanam
650 2135 923 2181 obsequiumque
943 2133 1123 2168 redierint.
1147 2134 1187 2168 In
1205 2134 1259 2169 his
1282 2135 1341 2170 ille
1360 2136 1466 2172 fuisse
1483 2137 1622 2179 dicitur,
1645 2139 1703 2183 qui
1723 2150 1870 2179 sacram,
1889 2139 2044 2185 proposi-

250 2196 298 2222 bili
310 2205 339 2222 ex
351 2196 396 2222 ho·
422 2204 494 2235 tam
520 2199 556 2234 in
583 2199 687 2234 altari
705 2198 856 2233 hostiam
875 2197 1035 2237 intuitus,
1058 2196 1204 2231 mirifica
1231 2198 1475 2234 circumfusam
1507 2200 1596 2241 luce,
1622 2200 1736 2246 plenae
1763 2200 1911 2234 similem
1935 2200 2042 2240 lunae,

249 2238 397 2301 {iiaeosszien-
424 2263 595 2308 sanguine
626 2262 808 2296 rubentem
837 2264 1120 2304 manantemque,
1142 2259 1200 2293 diu
1226 2260 1454 2296 mirabundus
1481 2263 1656 2308 spectarit,
1687 2263 1789 2308 idque
1815 2259 2044 2308 jurejurando

250 2314 319 2340 sione

250 2353 377 2379 converti-

250 2393 300 2418 tur.
424 2389 602 2435 capitones
621 2385 804 2420 haereticos
825 2396 901 2418 cum
921 2383 1006 2417 satis
1026 2381 1147 2417 doctus
1167 2387 1237 2417 tum
1259 2388 1364 2418 seetae
1383 2396 1456 2419 suae
1474 2385 1617 2419 Arianae
1632 2385 1795 2419 laudator
1813 2396 1968 2431 pugnax.

473 2449 665 2495 Negotium
696 2447 895 2482 dividendae
923 2445 958 2479 in
988 2445 1207 2480 Lituanicam
1238 2450 1272 2481 et
1300 2447 1501 2482 Polonicam
1534 2448 1735 2493 provinciae,
1766 2449 1806 2482 ab
1833 2460 1922 2482 anno
1954 2448 2045 2483 1590

423 2514 591 2546 tentatum
612 2509 739 2549 adhuc,
762 2507 969 2543 Jaroslaviae
987 2506 1133 2540 tandem
1149 2507 1183 2541 in
1202 2509 1476 2554 congregatione
1496 2509 1700 2556 provinciali
1724 2510 1932 2556 expeditum.
1957 2510 2043 2545 Con-

418 2326 596 2373 J'udicibus
616 2323 790 2369 religiosis
811 2325 934 2368 sponte
963 2320 1190 2356 confirmarit.
1212 2321 1256 2356 Et
1277 2327 1352 2356 erat
1378 2322 1482 2357 homo
1509 2324 1612 2357 sortis
1637 2335 1705 2357 non
1724 2323 1866 2363 infimae,
1887 2324 2045 2369 interque
2174 2323 2184 2376 f*
