2184 2953
347 275 408 308 440
1043 280 1278 313 API‘ENDICES.

347 385 418 426 Sap.
435 386 464 425 4,
479 387 517 419 ab
536 388 633 420 Andr.
650 389 854 421 Szumlenski.
875 409 903 413 —
925 390 975 421 44.
999 389 1097 421 Anxia

344 433 518 474 virginitas,
534 443 551 466 a
563 435 779 476 christophoro
795 437 1014 469 Bobola.—45.
1026 436 1094 468 Ma-

343 480 373 511 lo
385 481 474 518 mori,
498 491 590 522 quam
605 483 724 519 foedari,
743 493 760 516 a
776 484 891 517 Joanne
907 484 1038 516 Wolski.
1056 502 1096 506 —

342 527 393 559 46.
417 528 543 561 Certum
559 530 690 571 azylum,
711 541 729 562 a
745 532 835 563 Petro
863 532 1037 563 Krasinski.
1056 550 1096 555 —

341 575 392 606 47.
416 575 522 617 Operae
553 579 697 618 pretium,
725 589 742 610 a
767 579 884 611 Joanne
906 579 1038 610 Nar-but.
1057 597 1088 602 —

340 622 391 654 48.
417 623 513 656 Grata
540 626 741 666 perpetuitas,
765 636 782 657 a
805 627 923 658 Joanne
938 627 1091 664 Petrevio,

342 669 442 702 Seoto.
459 689 497 693 -
527 672 578 704 49.
604 673 780 705 Virtutibus
806 683 876 709 arae,
895 682 913 704 a
930 673 1094 706 Valentino

342 717 548 750 Narunski.—
559 720 608 752 50.
635 720 756 760 Templi
771 721 949 753 custodibus
965 721 1058 756 adsis.
1077 731 1095 753 a

341 764 470 797 Nicolao
493 766 634 799 Sawicki.
654 786 691 789 —
707 768 757 798 51.
782 768 861 799 Ecce
886 767 975 808 lapis,
1001 778 1093 808 quem

342 811 414 843 dedi
426 821 527 844 coram
543 814 629 846 Jesu.
647 814 772 846 Zachar.
787 816 818 852 3,
833 824 850 845 a
865 814 960 846 Paulo
977 815 1090 847 Radzi-

341 859 508 892 minowicz.
528 879 561 884 —
578 862 629 893 52.
654 861 745 901 Lapis
774 862 833 893 iste
847 862 1008 894 vocabitur
1029 863 1091 895 Do-

342 916 412 938 mus
425 907 491 944 Dei,
515 908 664 941 aJoanne
690 908 831 949 Tynicki.
862 928 901 932 —
925 911 975 942 53.
995 910 1091 951 'Lapis

340 954 479 995 loquitur
491 966 498 986 :
511 956 624 996 primas
634 956 665 987 in
678 966 779 988 amore
795 957 939 996 feremus,
954 958 992 989 ab
1006 958 1091 989 Ada-

340 1010 390 1033 mo
408 1001 516 1034 Rucki.
531 1021 569 1025 —
596 1004 646 1035 54.
671 1003 790 1035 Sileant
818 1004 967 1036 miracula
990 1005 1091 1036 Mem-

340 1049 416 1089 phis,
438 1058 455 1081 a
477 1050 593 1082 Joanne
610 1050 859 1091 Izaykowski.—
873 1052 924 1084 55.
949 1052 1017 1084 Non
1042 1061 1090 1084 me

336 1096 424 1128 labor
438 1097 497 1129 iste
522 1098 671 1138 gravabit,
695 1107 713 1129 a
741 1098 968 1139 Christophoro.
995 1100 1090 1141 Krzy-

337 1144 475 1176 czewski.
499 1145 549 1177 56.
572 1145 698 1184 Beatus,
721 1155 813 1186 quem
829 1146 979 1178 Dominus
1004 1148 1090 1180 inve-

337 1192 419 1223 nerit
440 1192 632 1233 vigilantem,
655 1202 672 1224 a
695 1192 799 1234 Steph.
827 1193 1023 1235 Sopocko.—
1037 1196 1087 1227 57.

336 1240 476 1281 Angelus
491 1241 652 1272 tutelaris:
668 1241 732 1273 tela
754 1242 843 1273 irrita
852 1242 966 1282 jactas,
988 1252 1006 1274 a
1021 1243 1086 1275 Fri-

337 1287 438 1318 derico
454 1287 634 1319 Skotowski.
650 1306 681 1310 —-
701 1289 749 1320 58.
775 1289 1012 1322 Monumentum
1029 1300 1087 1322 aere

336 1335 511 1376 perennius,
543 1344 560 1366 a
589 1335 751 1367 Valentino
779 1336 901 1377 Ungero
918 1356 953 1359 —
977 1339 1026 1370 59.
1051 1339 1088 1370 In

335 1382 496 1423 gestamen
524 1382 555 1414 S.
583 1382 738 1419 Casimiri‚
763 1383 800 1415 ab
831 1384 991 1416 Euchardo
1008 1386 1088 1418 Gon—

336 1429 587 1462 dlowski.—60.
609 1430 628 1462 J
633 1431 732 1468 ustus,
750 1432 777 1463 si
798 1432 896 1464 morte
913 1443 1086 1474 praeocupa-

337 1478 387 1509 tus
407 1477 512 1513 fuerit,
531 1477 562 1508 in
582 1478 739 1519 refrigerio
754 1479 824 1510 erit.
843 1479 912 1520 Sap.
927 1481 955 1511 4.
969 1490 986 1511 a
1003 1481 1088 1512 Tho-

338 1534 389 1556 ma
404 1524 630 1565 Wysoczarski.
643 1543 680 1547 —
693 1526 742 1556 61.
761 1525 960 1567 Virginitate,
976 1538 993 1559 a
1011 1529 1086 1561 Gas-

334 1581 405 1613 pare
441 1572 592 1603 Bilducio.
620 1591 658 1594 —
691 1573 740 1604 62.
779 1573 891 1606 Justus
917 1576 953 1606 ut
984 1576 1087 1616 palma

335 1620 464 1658 florebit,
477 1629 495 1650 a
508 1619 597 1652 Petro
608 1620 784 1661 Dybowski.
799 1639 838 1644 —
853 1622 902 1654 63.
926 1624 1022 1655 Arma
1037 1625 1085 1656 sui

336 1667 465 1699 victoria
490 1667 596 1703 vincit,
614 1677 631 1699 a
656 1668 775 1700 Joanne
798 1669 963 1701 Szwanski.
978 1689 1017 1693 —-
1033 1673 1083 1703 64.

335 1715 371 1746 In
399 1714 540 1746 labarum
576 1715 606 1746 S.
643 1715 796 1755 Casimiri,
823 1726 840 1748 a
869 1718 1085 1759 Christophoro

334 1762 566 1804 Buywidowicz.
588 1781 627 1785 —
642 1764 691 1794 65.
717 1763 902 1804 Triumphat
917 1766 948 1796 in
971 1776 1082 1803 zevum,

1209 399 1226 421 a
1241 390 1332 422 Petro
1347 391 1494 424 Minocki.
1510 411 1545 416 —
1559 394 1609 426 66.
1634 395 1856 430 Laudabuntur
1867 399 1898 431 in
1918 400 1963 431 ci-

1209 437 1305 469 vitate
1332 448 1422 479 opera
1437 440 1591 481 justorum
1602 441 1685 474 Eccl.
1700 444 1740 479 8.,
1758 453 1776 475 a
1790 445 1964 479 Baltassare

1207 484 1458 526 Solodziejewicz.
1477 506 1509 510 —
1524 489 1573 520 67.
1600 489 1712 531 Frangi
1729 492 1833 524 nescia
1848 494 1959 531 ventis,

1207 541 1225 562 a
1254 532 1388 573 Josepho
1429 534 1631 567 Gabszewicz.
1664 556 1699 559 —
1717 538 1767 570 68.
1792 539 1887 579 Quasi
1916 542 1961 573 sol

1206 580 1375 620 refulgens,
1409 591 1426 613 a
1452 582 1570 615 Joanne
1595 584 1780 618 Gultowski.
1795 605 1832 609 —
1849 589 1899 619 69.
1924 589 1960 620 In

1207 627 1307 659 medio
1324 637 1382 659 non
1399 631 1509 661 aestuat
1520 631 1600 670 igne,
1613 641 1630 662 a
1641 631 1760 665 Mathia
1776 634 1961 677 SolodzieJ'e-

1206 676 1289 707 wicz.
1313 695 1345 699 —
1362 678 1469 709 70-76.
1494 679 1739 720 Anagrammata
1762 684 1793 714 et
1817 684 1958 724 apposita

1206 723 1243 754 ad
1255 723 1320 756 haec
1337 725 1570 765 epigrammata,
1587 727 1625 759 ab
1650 728 1769 761 Adamo
1785 730 1958 772 Sulatycki‚

1205 770 1243 801 ab
1269 771 1392 803 Andrea
1418 773 1580 813 Uzlowski,
1595 775 1633 806 ab
1658 774 1780 808 Simone
1804 778 1957 820 Krzyczo-

1205 817 1292 854 wski,
1310 818 1347 849 ab
1361 818 1515 859 Stephano
1528 821 1716 857 Laskowski,
1734 832 1752 854 a
1766 823 1884 856 Thoma
1898 826 1956 857 Bo-

1205 864 1346 901 browski.
1362 875 1379 897 a
1394 866 1528 907 Gaspare
1543 868 1754 902 Maszkowski.
1766 889 1806 894 —
1818 873 1866 903 76.
1892 872 1956 904 Me-

1203 913 1272 943 ritis
1288 914 1466 946 tribuantur
1476 915 1638 955 honoreS,a
1654 917 1775 950 Joanne
1790 919 1953 962 Kobylski.

1204 980 1241 984 —
1258 963 1309 994 77.
1344 964 1436 996 Sacra
1471 965 1608 1006 taberna,
1638 977 1655 999 a
1682 968 1830 1002 Matthaeo
1863 971 1957 1003 Babi-

1203 1012 1426 1046 nowski.—78.
1442 1014 1541 1054 Major
1555 1016 1682 1048 Atlante
1698 1017 1786 1058 lapis,
1804 1029 1821 1050 a
1836 1019 1955 1053 Thoma

1202 1059 1419 1092 Kociszewski.
1437 1080 1472 1084 -—
1490 1063 1540 1095 79.
1565 1063 1615 1095 Me
1636 1065 1694 1096 tibi
1721 1066 1817 1098 subdo
1844 1067 1954 1107 libens,

1205 1117 1222 1138 a
1235 1108 1352 1140 Joanne
1368 1109 1621 1143 Pultorak.—80.
1647 1112 1716 1144 Non
1732 1123 1780 1145 me
1796 1114 1882 1146 labor
1896 1116 1955 1148 iste

1200 1156 1352 1195 gravabit,
1383 1166 1398 1187 a
1427 1157 1642 1199 Christophoro
1666 1160 1889 1201 Krzyczewski.
1917 1181 1951 1186 —

1201 1203 1251 1234 81.
1277 1203 1374 1235 Grata
1398 1204 1544 1245 obsequia
1571 1206 1679 1244 Ducis,
1696 1217 1713 1238 a
1731 1208 1875 1241 Gabriele
1891 1210 1954 1241 Pu-

1200 1251 1343 1290 pkowicz.
1356 1270 1393 1273 —
1410 1252 1459 1283 82.
1486 1252 1551 1292 Quo
1584 1263 1643 1285 non
1664 1254 1743 1287 livor
1754 1255 1849 1288 adit?
1872 1267 1890 1289 a
1905 1257 1953 1289 Si-

1199 1307 1288 1328 mone
1300 1297 1460 1338 Tupalski.
1471 1318 1500 1321 —
1516 1300 1624 1332 83-85.
1639 1301 1683 1333 Ex
1698 1311 1827 1342 persona
1840 1304 1871 1336 S.
1895 1305 1954 1337 Ca-

1200 1345 1311 1383 simiri,
1326 1345 1363 1376 ad
1376 1346 1611 1386 Sigismundum
1624 1348 1672 1379 III
1688 1359 1803 1390 regem,
1821 1351 1868 1382 Ab
1882 1352 1953 1385 aliis

1200 1393 1239 1423 ad
1254 1393 1440 1432 Epise.Viln.
1455 1394 1566 1426 Bened.
1583 1395 1712 1436 Woyna,
1735 1397 1773 1429 ad
1783 1398 1953 1432 cancellar.

1199 1440 1261 1470 Lit.
1288 1439 1420 1471 Leonem
1435 1441 1575 1481 Sapieha.
1592 1461 1631 1465 —
1644 1444 1692 1475 86.
1717 1445 1951 1486 Epigrammata

1198 1496 1307 1528 graeca,
1323 1496 1340 1518 a
1353 1487 1373 1519 J
1376 1497 1469 1519 oanne
1483 1489 1735 1530 Kraykowski.—
1747 1493 1796 1524 87.
1822 1494 1951 1526 Carmen

1199 1534 1356 1568 saeculaie
1374 1544 1391 1565 a
1407 1535 1586 1567 Sebastiano
1598 1537 1883 1571 Hermanowicz.—
1897 1543 1946 1574 88.

1200 1582 1317 1613 Funere
1328 1583 1391 1613 vita
1408 1582 1508 1621 datur,
1518 1593 1535 1614 a
1547 1584 1681 1625 Gaspare
1698 1586 1949 1621 Erazmusowicz.

1199 1647 1239 1653 -—
1257 1630 1306 1661 89.
1331 1630 1511 1671 AEnigmata
1524 1632 1672 1672 apposita,
1687 1642 1704 1664 a
1720 1633 1841 1666 Mathia
1859 1636 1950 1668 Mier-

1201 1677 1350 1717 zejewski.
1368 1695 1403 1699 —
1426 1678 1475 1709 90.
1501 1678 1549 1709 Ad
1573 1678 1680 1711 Manes
1704 1682 1832 1714 nuntius
1860 1683 1952 1721 ibo,a

1201 1724 1317 1755 Joanne
1335 1724 1504 1756 Wersocki.
1520 1743 1558 1749 —
1572 1727 1623 1757 91.
1646 1727 1719 1759 Odae
1740 1729 1772 1760 et
1797 1730 1949 1771 epigram-

1200 1773 1294 1808 mata,
1312 1780 1329 1802 a
1344 1771 1490 1812 Gregorio
1506 1772 1679 1813 LaureutiO,
1695 1775 1806 1808 Gotho.

372 1822 507 1863 Reliqui,
526 1822 607 1863 quod
622 1823 746 1855 aliunde
766 1824 956 1866 colligimus,
979 1829 1085 1860 omissi
1098 1839 1132 1861 ex
1154 1830 1260 1862 eadem
1275 1830 1397 1868 schola;
1413 1832 1512 1872 utqui
1526 1832 1605 1864 nihil
1617 1842 1811 1868 communem
1826 1846 1949 1878 operam

330 1876 610 1917 condiscipulorum
626 1878 823 1911 contulerint.

646 1971 711 2006 IX.
735 1971 858 2012 SOCII
880 1972 1176 2011 INTERFECTI
1210 1977 1272 2011 AB
1292 1977 1531 2013 HOSTIBUS

904 2060 974 2084 AUT
993 2061 1123 2086 VEXATI
1147 2063 1352 2088 INSIGNITER
1358 2081 1364 2088 .

375 2131 412 2162 P.
443 2131 554 2164 Bobola
569 2131 713 2164 Andreas.
732 2132 769 2164 V.
795 2133 827 2164 in
842 2133 979 2165 Historia
997 2136 1028 2166 et
1053 2137 1164 2168 indice.
1190 2137 1259 2169 Illis
1289 2139 1364 2170 adde
1381 2149 1388 2169 :
1405 2139 1440 2170 P.
1468 2141 1622 2174 Andream
1648 2144 1679 2175 in
1704 2145 1858 2178 Societate
1879 2148 1950 2179 vota

330 2178 429 2219 prima
443 2188 643 2219 nuncupasse,
655 2179 822 2220 excipiente
838 2180 873 2211 P.
886 2181 1051 2214 Laurentio
1064 2184 1205 2221 Bartilio,
1235 2195 1313 2216 anno
1330 2187 1416 2224 1613,
1433 2187 1538 2219 XXXI
1552 2190 1652 2221 Julii:
1668 2192 1828 2224 initiatum
1853 2195 1948 2227 mino-

329 2226 416 2257 ribus
429 2225 594 2258 Ordinibus
610 2227 720 2264 Vilnae,
749 2227 781 2258 in
807 2227 920 2259 sacello
943 2229 974 2260 S.
993 2230 1136 2262 Casimiri
1159 2232 1196 2263 ad
1210 2233 1305 2264 aedem
1320 2234 1539 2273 cathedralem,
1555 2237 1592 2268 ab
1619 2239 1794 2272 Abrahamo
1820 2241 1947 2282 Woyna‚

329 2273 469 2305 Vilnensi
503 2274 577 2304 tunc
600 2275 746 2314 temporis
767 2275 967 2315 suffraganeo,
995 2287 1071 2309 anno
1091 2280 1178 2316 1613,
1207 2280 1255 2310 die
1282 2280 1357 2311 XXI
1386 2281 1575 2314 decembris:
1601 2286 1802 2327 philosophiae
1827 2288 1948 2321 dedisse

328 2330 449 2361 operam
475 2320 576 2352 Vilnae
588 2321 619 2352 in
634 2322 728 2353 Acad.
744 2324 775 2353 et
786 2322 901 2353 ibidem
913 2323 1089 2365 Theologiae
1111 2327 1216 2357 eodem
1232 2328 1410 2367 professore,
1429 2329 1464 2360 P.
1483 2330 1597 2363 Jucobo
1610 2332 1771 2374 Marquart
1788 2350 1793 2365 :
1811 2335 1947 2368 docuisse

329 2369 566 2410 grammaticam
584 2369 788 2409 Brunsbergae
805 2380 883 2402 anno
898 2381 967 2408 uno,
979 2372 1130 2404 Pultoviae
1143 2375 1267 2405 eandem
1283 2384 1361 2406 anno
1375 2385 1432 2407 uno
1448 2388 1454 2408 ε
1471 2377 1508 2409 ad
1525 2378 1670 2411 Ordinem
1688 2382 1944 2415 subdiaconorum

328 2416 486 2447 initiatum
500 2416 537 2448 ab
555 2416 730 2448 Abrahamo
743 2418 860 2458 Woyna
871 2418 978 2450 XVIII
995 2420 1130 2452 decemb.
1150 2431 1197 2452 an.
1223 2423 1311 2460 1621,
1328 2423 1365 2454 ad
1388 2424 1583 2457 diaconatum
1609 2428 1648 2459 ab
1664 2429 1767 2469 Episc.
1802 2430 1943 2463 Vilnensi

327 2464 496 2497 Eustachio
517 2464 694 2503 WolowicZ‚
717 2464 847 2507 denique
863 2466 901 2497 ab
931 2467 1036 2498 eodem
1059 2467 1096 2498 ad
1130 2469 1378 2509 presbyteratum
1402 2480 1478 2504 anno
1512 2473 1602 2510 1622,
1621 2485 1726 2508 mense
1752 2478 1845 2520 majo.
1865 2478 1943 2511 Vota
