2184 2953
277 383 340 409 1642

275 539 351 565 Beati
364 539 379 565 J
381 547 406 563 o-

274 578 372 606 saphat

275 618 368 644 trium>

275 657 341 690 phus
351 655 406 681 Vil-

275 704 322 722 nae.

286 1895 420 1922 Varsaviae

286 1935 360 1968 regia
397 1935 429 1961 B.

286 1973 407 2006 Virginis

288 2015 431 2042 Sodalitas.

446 277 506 308 332
827 281 1100 311 LlTUANICARUM
1125 282 1334 310 SOCIETATIS
1357 283 1441 311 JESU
1467 283 1718 323 HISTORIARUM

446 375 610 407 accurate
630 373 734 408 etiam
753 378 959 409 annotatum
979 374 1074 422 alibi)
1098 374 1190 409 XIX
1204 374 1374 410 kalendas
1397 375 1580 421 januarias
1605 376 1691 410 anni
1720 374 1935 421 insequentis
1962 375 2074 410 honor

450 435 561 470 Beato
581 435 733 483 Martyri
753 438 913 472 decretus
933 442 998 472 est.

496 498 682 533 Decretum
711 501 846 546 excepit
871 500 1021 546 insignis
1047 491 1164 535 Vilnae
1194 500 1393 541 celebritas,
1427 505 1602 546 praesente
1633 514 1718 547 rege
1745 502 1941 537 Vladislao.
1977 502 2073 538 Editi

447 560 596 604 primum
615 562 649 596 in
669 564 799 609 campis
815 564 1025 598 suburbanis
1040 563 1208 597 militares
1228 563 1383 609 equitum
1402 562 1488 604 ludi,
1506 564 1710 598 tonantibus
1730 564 1864 599 bellicis
1884 564 2070 604 machinis,

447 634 625 659 armorum
651 626 812 672 strepitu,
830 638 959 672 pugnae
986 627 1124 660 theatro
1156 624 1314 666 ludicrae,
1333 625 1509 659 civitatem
1536 624 1582 658 ad
1609 624 1845 670 spectaculum
1874 625 2072 660 concivere.

449 684 627 721 Concursu
658 688 775 733 populi
803 688 908 727 facto,
934 692 1046 722 ternae
1076 687 1277 722 lectissimae
1308 691 1446 727 turmae,
1469 687 1646 732 gradatim
1676 698 1698 721 a
1726 687 1901 733 praefectis
1934 688 1968 722 in
1989 699 2074 722 con-

448 746 587 789 vallem,
611 750 788 796 pontificio
817 750 888 785 divi
916 750 1086 786 Stanislai
1104 749 1233 794 templo
1262 752 1296 783 et
1322 749 1421 794 regio
1449 749 1581 795 palatio
1601 750 1808 795 subjectam,
1832 750 2007 790 deductae,
2030 750 2076 785 ad

453 821 614 856 pompam
629 812 817 848 antistibus
834 817 867 848 et
878 812 1054 858 religiosis
1070 811 1250 846 ordinibus
1266 811 1427 857 viamque
1438 811 1709 857 procedentibus
1723 812 1756 845 in
1776 812 1940 846 confluxu
1955 811 2078 858 populi

449 871 657 908 faciendam.
680 874 826 910 Caeterae
845 875 1017 921 legiones,
1037 887 1140 921 quam
1164 875 1291 920 longus
1317 886 1338 909 a
1368 874 1498 920 templo
1519 875 1695 920 pontificio
1719 875 1765 909 ad
1780 875 1899 909 fanum
1922 874 2077 910 Basilia-

450 945 572 969 norum
599 940 745 977 tractus,
768 937 890 972 ordine
917 950 938 972 a
969 937 1137 972 lateribus
1169 936 1363 977 collocatae,
1393 936 1566 970 trifariam
1597 936 1731 971 divisae.
1765 937 1922 971 Primum
1950 948 2078 983 agmen

450 1000 611 1031 ornatum
627 1002 702 1032 erat
717 999 928 1045 insignibus,
942 998 1137 1045 cujusmodi
1153 999 1266 1033 forent
1282 1002 1407 1032 turm-<e
1425 997 1599 1044 Josaphat
1614 999 1709 1044 regis
1726 998 1862 1034 Judaeae
1877 1013 1882 1032 ;
1907 998 2078 1044 eiusmodi

452 1057 564 1102 signis
584 1058 767 1104 fulgebant
795 1059 941 1094 armillae
959 1060 1250 1105 triumphantium
1278 1062 1313 1093 et
1338 1058 1468 1093 vexilla
1495 1063 1529 1094 et
1548 1059 1628 1095 tela.
1651 1060 1689 1094 In
1718 1060 1831 1094 altero
1851 1059 2078 1094 simulacrum

452 1120 567 1166 gentis
587 1121 730 1163 Indicae,
750 1121 891 1167 quidam
918 1123 1017 1168 quasi
1036 1123 1154 1168 regius
1188 1122 1367 1162 Indorum,
1390 1122 1436 1168 pii
1463 1121 1557 1156 illius
1582 1121 1749 1168 principis
1771 1121 1958 1167 Josaphat,
1979 1132 2078 1156 exer-

452 1182 540 1217 citus
563 1195 569 1216 :
588 1182 637 1217 ita
656 1183 707 1217 illi
735 1183 918 1223 bracteati‚
941 1185 1078 1224 cetrati,
1100 1184 1241 1223 hastati,
1260 1183 1403 1229 galeati.
1427 1184 1466 1218 In
1492 1184 1596 1218 tertio
1620 1184 1692 1219 ibat
1708 1184 1850 1230 agmine
1870 1187 1980 1218 coetus
2001 1195 2080 1218 aca-

453 1243 620 1287 demicus,
640 1245 890 1293 doctorumque
921 1247 992 1281 suis
1024 1247 1232 1293 conspicuus
1252 1247 1467 1281 ornamentis
1497 1250 1654 1281 senatus.
1678 1247 1776 1281 Pone
1804 1250 1941 1282 vectum
1961 1247 2081 1281 trium-

455 1308 551 1355 phali
570 1320 673 1343 curru
697 1309 790 1343 beati
810 1310 974 1356 martyris
995 1310 1221 1345 simulacrum
1240 1310 1332 1345 inter
1351 1310 1478 1345 choros
1498 1310 1729 1356 impuberum,
1752 1321 1931 1345 musarum
1950 1309 2080 1356 specie,

455 1371 578 1406 laudes
600 1372 693 1412 Divi,
720 1372 978 1407 alternantibus
1006 1373 1162 1407 carmina
1185 1373 1348 1407 tubarum
1376 1373 1615 1419 clangoribus,
1642 1373 1916 1408 concinentium.
1940 1373 2083 1419 Pompae

456 1434 650 1480 proximam
681 1435 811 1481 templo
849 1435 989 1470 Sanctae
1025 1435 1220 1475 Trinitatis,
1258 1439 1395 1481 portam
1422 1435 1672 1481 triumphalem
1710 1435 1885 1476 subeunti,
1912 1435 2084 1481 processit

456 1497 593 1531 obviam
624 1497 813 1543 religiosus
845 1497 1105 1533 Basilianorum
1138 1501 1260 1537 coetus,
1292 1497 1398 1531 choro
1430 1495 1645 1530 venientium
1679 1496 1887 1541 graecanicis
1922 1496 2083 1530 cantibus

457 1560 644 1605 excipiens.
664 1558 756 1594 Ante
779 1559 931 1594 locatam
950 1561 984 1594 in
1004 1571 1067 1594 ara
1083 1558 1186 1594 Beati
1215 1558 1404 1604 imaginem
1435 1569 1509 1591 rem
1529 1557 1684 1590 divinam
1710 1557 1791 1591 fecit
1814 1557 2085 1603 apparatissima

456 1632 596 1668 pompa,
620 1621 884 1656 concinentibus
900 1621 1059 1667 pluribus
1078 1620 1290 1655 musicorum
1308 1620 1440 1661 choris,
1462 1619 1603 1665 collegii
1622 1622 1738 1653 rector
1756 1619 1967 1654 academici:
1993 1619 2086 1654 inter

457 1696 561 1730 quam
577 1684 733 1718 oratione
748 1684 937 1718 vernacula
952 1684 1073 1720 laudes
1092 1685 1256 1731 martyris
1275 1696 1318 1719 ex
1336 1685 1457 1719 eodem
1474 1683 1621 1730 collegio
1648 1684 1689 1717 P.
1713 1683 1852 1724 Haczel,
1875 1683 1910 1717 in
1930 1682 2085 1729 vesperis

457 1747 498 1781 P.
520 1746 687 1782 Albertus
718 1746 1004 1787 Cieciszevskius,
1027 1758 1048 1781 a
1082 1748 1227 1782 meridie
1254 1747 1365 1782 latina
1384 1747 1530 1782 clericus
1551 1746 1783 1786 academicus,
1803 1745 1926 1781 laurea
1955 1750 1990 1780 et
2009 1745 2086 1791 ipse

459 1810 609 1857 insignis
627 1810 837 1856 theologica,
860 1809 1098 1845 celebrarunt.

505 1875 624 1909 Pietas
643 1873 817 1909 Vladislai
831 1873 925 1919 regis
940 1885 1017 1907 cum
1037 1873 1071 1907 in
1092 1874 1157 1907 hoc
1177 1884 1277 1907 sacro
1299 1872 1488 1917 triumpho,
1511 1874 1583 1905 tum
1603 1870 1638 1904 in
1664 1869 1849 1906 sodalitate
1870 1883 2004 1913 eorum,
2028 1872 2087 1918 qui

455 1938 498 1972 B.
520 1937 678 1983 Virginis
710 1936 837 1971 Mariae
869 1935 1139 1981 Conceptionem
1171 1935 1214 1969 ab
1246 1935 1340 1969 omni
1369 1933 1474 1968 noxia
1504 1932 1666 1973 liberam,
1688 1936 1722 1967 et
1748 1933 1885 1968 felicem
1915 1945 2015 1968 suum
2042 1933 2085 1969 de

455 1999 584 2034 mundo
603 2000 790 2034 transitum
808 1998 1016 2037 recolerent,
1039 1997 1224 2031 Varsaviae
1242 1996 1276 2030 in
1296 1995 1426 2042 templo
1457 1996 1643 2031 Societatis
1671 1995 1902 2035 instituenda,
1925 1995 2085 2042 exemplo

456 2062 589 2098 civibus
608 2063 683 2097 fuit.
703 2064 742 2097 In
759 2074 838 2097 eum
864 2072 1046 2096 numerum
1066 2060 1235 2106 principio
1263 2061 1380 2095 statim
1399 2071 1476 2093 cum
1500 2070 1584 2104 rege
1604 2058 1669 2092 viri
1692 2059 1869 2104 principes
1886 2058 2088 2104 frequentes

457 2128 545 2162 adeo
565 2138 628 2161 sua
644 2125 815 2160 dederunt
830 2123 984 2163 nomina,
1007 2126 1043 2156 ut
1059 2121 1255 2156 sodalitium
1276 2120 1499 2155 dividendum
1520 2125 1612 2155 esset
1630 2121 1666 2154 in
1685 2120 1818 2155 classes
1842 2133 1848 2154 z
1872 2120 2085 2166 polonicam,

457 2189 707 2236 germanicam,
720 2191 754 2222 et
772 2186 942 2226 italicam;
964 2195 1111 2230 quarum
1130 2183 1263 2217 scilicet
1277 2183 1434 2229 gentium
1454 2183 1567 2228 major
1586 2186 1662 2216 erat
1682 2193 1809 2216 census
1824 2181 1861 2215 in
1881 2181 1973 2215 aulis
1993 2181 2089 2227 prin-

459 2253 586 2298 cipum.
611 2251 754 2284 Initium
773 2251 964 2284 conventus
992 2246 1121 2280 factum
1147 2245 1309 2279 kalendis
1322 2245 1478 2290 januarii
1507 2257 1513 2278 :
1545 2244 1790 2279 commendata
1812 2244 1939 2290 pietas,
1964 2255 2090 2290 propo-

463 2314 538 2349 sitis
553 2313 657 2348 certis
674 2311 827 2347 sodalitii
846 2310 999 2356 legibus,
1021 2319 1082 2354 pro
1102 2307 1268 2341 concione
1287 2318 1349 2353 per
1374 2307 1413 2341 P.
1437 2307 1649 2352 Gregorium
1668 2305 1877 2346 Schonhoff,
1896 2305 2092 2352 theologiae

463 2377 653 2415 doctorem,
676 2374 827 2409 aulicum
868 2372 1002 2418 regina}
1041 2369 1192 2405 Caeoiliae
1227 2369 1447 2415 theologum:
1483 2369 1729 2415 praesentibus,
1765 2380 1862 2415 rege,
1893 2369 2030 2414 regina,
2058 2373 2093 2404 et

464 2449 594 2473 corona
613 2448 794 2483 procerum
809 2432 1104 2480 frequentissima.
1123 2431 1262 2465 Primus
1286 2442 1412 2466 nomen
1432 2443 1532 2466 suum
1552 2431 1586 2465 in
1609 2431 1689 2465 albo
1706 2431 1844 2477 scripsit
1858 2429 2063 2464 Vladislaus
2081 2442 2088 2470 ;

463 2500 640 2547 professus
656 2510 693 2533 se
713 2498 815 2544 hujus
831 2496 981 2541 Reginae
996 2493 1074 2529 coeli
1093 2503 1231 2527 servum
1247 2493 1321 2528 fore
1345 2493 1497 2534 fidelem,
1515 2504 1694 2538 sacraeque
1713 2492 1927 2538 virginitatis
1948 2503 2034 2531 suae,
2053 2491 2089 2525 in
