2184 2953
287 416 348 442 1587

282 463 430 496 sigismun-

282 501 309 526 di
330 500 414 527 mode-

284 541 344 567 stia.

284 1176 399 1203 Ornatus

283 1220 364 1253 regiis
377 1219 416 1244 in-

283 1261 416 1294 signibus.

284 1419 429 1446 Maximili-

287 1467 353 1484 anus
362 1466 430 1484 com-

287 1498 429 1531 petitorca-

284 1537 364 1570 pitur.

344 1929 382 1956 53.

286 1969 433 2003 Sigismun—

287 2008 319 2034 do
332 2008 408 2034 Cam-

287 2056 372 2081 panus
377 2056 433 2081 gra·

292 2087 400 2114 tulatur.

463 315 521 346 152
851 315 1123 346 LITUANICARUM
1148 318 1357 347 SOCIETATIS
1378 318 1463 347 JESU
1488 318 1738 347 HISTORIARUM

463 407 654 442 cultatibus
668 407 724 442 vel
737 407 902 453 periculis
916 408 1074 443 imminui
1093 421 1244 455 unquam
1262 414 1315 445 est
1328 421 1465 456 passus.
1485 410 1655 445 Invitatus
1674 410 1719 444 ad
1743 421 1888 456 regnum
1903 421 1924 444 a
1940 409 2081 444 Polonis

465 483 526 518 per
554 471 692 518 legatos
709 500 716 513 ‚
750 472 940 507 Martinum
964 473 1257 508 Lesnovolskium
1280 472 1484 508 Podlachiae
1498 473 1705 519 palatinum,
1730 476 1764 507 et
1788 472 1961 507 Joannem
1979 472 2084 518 Boja-

460 534 662 574 novskium,
684 538 783 568 tanta
800 533 907 567 animi
926 534 1167 569 moderatione
1185 535 1319 580 accepit
1344 535 1518 577 nuntium,
1541 540 1670 581 quanta
1697 535 1814 570 decuit
1839 534 2085 570 exercitatissi-

461 607 554 629 mum
573 596 608 629 in
622 595 761 630 virtutis
781 595 900 629 schola
930 595 1176 642 philosophum
1192 610 1199 638 ;
1228 597 1303 643 ejus
1322 596 1373 631 rei
1391 597 1490 631 testis
1510 609 1645 643 quoque
1664 597 1726 631 fuit
1744 597 1948 632 Bernardus
1967 596 2086 631 Golin-

461 657 559 692 skius
578 669 597 692 e
616 656 792 692 Societate
807 656 1006 702 theologus,
1027 659 1126 704 cujus
1142 658 1297 693 consiliis
1311 658 1472 704 princeps
1487 659 1523 693 in
1542 659 1755 694 salutaribus
1774 659 1923 704 negotiis
1938 658 2086 692 maxime

462 719 637 754 utebatur.
676 719 781 753 Prius
828 718 901 759 ille,
931 731 1035 764 quam
1062 720 1106 754 ad
1135 720 1329 755 honorifica
1363 720 1560 766 legatorum
1591 721 1819 755 invitamenta
1852 719 2084 766 responderit,

463 781 598 816 consilii
629 782 749 828 optimi
768 782 928 828 capiendi
947 793 1054 816 causa
1087 783 1127 817 ad
1160 783 1273 818 Deum
1292 795 1353 829 per
1379 783 1656 819 obsecrationem
1687 788 1721 818 et
1755 795 1856 817 usum
1889 794 2087 817 sacramen-

463 849 578 879 torum
597 856 635 880 se
654 846 843 886 convertit;
867 850 941 879 tum
960 845 1112 885 demum,
1134 846 1272 881 Joanne
1304 858 1401 891 rege,
1434 850 1578 892 parente
1605 858 1681 886 suo,
1700 846 1789 880 bene
1822 846 1888 880 sibi
1908 850 2088 891 precante,

463 906 541 940 sinu
567 906 705 941 Baltico
737 906 815 941 vela
841 907 950 942 dedit.
976 907 1066 941 Toto
1086 907 1199 942 navali
1231 913 1265 942 et
1296 912 1368 942 toto
1402 908 1561 943 terrestri
1580 908 1704 942 itinere
1731 919 1898 953 prospere
1917 907 2084 947 consecto,

464 968 667 1003 Cracoviain
700 970 732 1015 (a
754 969 853 1015 cujus
879 969 1053 1003 moenibus
1079 970 1230 1015 rejectus
1257 975 1310 1005 est
1340 971 1477 1005 interim
1501 982 1578 1005 cuni
1602 982 1662 1005 suo
1695 971 1737 1005 lc
1756 970 1900 1004 millium
1932 969 2086 1004 exercitu

462 1031 666 1076 competitor
680 1031 953 1076 Maximilianus)
980 1031 1279 1076 triumphantibus
1297 1033 1426 1078 gaudio
1446 1033 1573 1066 civium
1588 1032 1782 1073 ordinibus,
1800 1032 1910 1067 electo
1930 1031 2086 1077 Principi

462 1091 590 1126 ibidem
622 1092 913 1138 praestolantium,
938 1093 986 1126 IV
1005 1093 1083 1127 idus
1103 1092 1305 1128 decembres
1341 1094 1535 1139 ingressus,
1567 1095 1700 1140 riteque
1736 1094 1842 1139 regiis
1876 1094 2082 1139 insignibus,

461 1155 553 1189 diem
582 1155 737 1189 Martino
766 1154 964 1189 Turonensi
988 1165 1126 1188 sacrum
1145 1160 1379 1201 consequente
1398 1156 1554 1202 proxime
1574 1155 1758 1195 dominica,
1787 1160 1931 1189 ornatus
1951 1160 2014 1189 est.
2034 1155 2085 1188 Eo

461 1217 684 1251 contendenti
699 1216 925 1262 Sigismundo
941 1216 1059 1262 copias
1075 1228 1157 1251 suas
1173 1218 1439 1252 Maximilianus
1454 1218 1543 1263 apud
1561 1217 1793 1252 Petricoviam
1809 1218 1982 1262 objectum
1997 1216 2082 1256 ibat;

460 1290 580 1313 verum
594 1290 656 1325 per
675 1279 917 1325 exploratores
952 1279 1105 1324 cognitO,
1136 1280 1336 1314 comitatum
1358 1280 1573 1326 sigismundi
1593 1279 1698 1324 duplo
1714 1280 1786 1314 fere
1807 1280 1971 1325 majorem
1991 1290 2080 1318 esse,

459 1352 563 1386 quam
591 1352 673 1375 suus
698 1340 788 1376 foret
819 1341 990 1375 exercitus
1021 1341 1157 1386 (quippe
1191 1342 1338 1387 triginta
1366 1342 1519 1376 millibus
1548 1342 1694 1387 stipatus
1725 1342 1795 1375 ibat
1827 1341 2085 1386 Sigismundus)

460 1410 554 1441 retro
580 1406 648 1441 iter
678 1407 792 1447 vertit,
814 1406 895 1440 inde
922 1406 1100 1441 Cracoviae
1126 1405 1221 1439 aditu
1241 1405 1451 1451 prohibitus,
1473 1405 1624 1439 instante
1639 1404 1767 1438 acriter
1785 1404 1921 1438 Jounne
1941 1403 2084 1450 Zamoy-

461 1469 538 1504 skio
558 1481 635 1503 cun]
654 1479 759 1502 manu
790 1468 915 1514 viginti
942 1468 1088 1502 millium
1120 1467 1293 1514 expedita,
1329 1467 1516 1513 copiasque
1550 1466 1778 1501 Germanicas
1804 1466 1897 1500 ultra
1929 1465 2085 1499 Poloniae

460 1532 547 1567 fines
574 1535 816 1577 persequente,
839 1531 883 1565 ad
911 1536 1104 1565 extremum
1123 1529 1244 1576 publio
1266 1530 1355 1575 apud
1387 1529 1562 1568 Bicinum,
1584 1520 1719 1563 silesia}
1751 1528 1927 1574 oppidum,
1957 1528 2082 1568 victus,

462 1594 585 1629 eodem
601 1605 676 1628 eum
698 1593 832 1638 reliqua
852 1604 958 1627 manu
973 1592 1108 1638 trepide
1128 1603 1165 1626 se
1189 1592 1336 1638 conjecit
1354 1604 1360 1626 ς
1384 1595 1583 1637 expugnato
1621 1591 1770 1636 denique
1790 1591 1912 1624 Bicino
1932 1590 1966 1624 in
1986 1598 2082 1636 pote-

463 1660 589 1691 statem
612 1656 756 1691 victoris
779 1656 962 1690 concessit.
998 1655 1208 1695 Clementer,
1239 1653 1531 1700 quemadmodum
1550 1652 1678 1691 decuit,
1712 1652 1894 1687 victoriam
1929 1652 2083 1686 exercuit

462 1719 717 1767 Zamoyskius;
750 1730 859 1764 eaque
890 1723 1033 1764 propter
1056 1719 1100 1752 ab
1128 1717 1322 1763 aequalibus
1354 1718 1428 1763 ejus
1460 1715 1626 1761 temporis
1662 1714 1888 1758 scriptoribus
1922 1714 2083 1749 laudibus

460 1782 668 1817 celebratur.
692 1780 733 1815 Id
751 1780 783 1815 ei
802 1784 931 1826 praeter
947 1780 1036 1814 alios
1055 1780 1176 1814 tribuit
1193 1779 1406 1824 alienigena,
1423 1778 1520 1823 isque
1540 1778 1574 1810 in
1594 1777 1672 1811 aliis
1692 1776 1868 1821 malignus
1885 1776 2084 1811 mortalium

462 1845 688 1883 obtrectator,
711 1843 866 1878 Jacobus
886 1842 1054 1877 Thuanus
1072 1842 1118 1888 (ι).

511 1905 769 1952 Sigismundus‚
786 1904 976 1939 secundum
994 1904 1095 1944 ritus,
1114 1904 1255 1949 regibus
1271 1914 1392 1937 recens
1406 1902 1532 1936 creatis
1548 1901 1732 1941 solemnes,
1749 1912 1770 1934 a
1789 1912 1887 1935 sacra
1902 1901 2036 1947 synaxi,
2051 1901 2085 1935 in

462 1981 597 2004 summa
615 1968 867 2015 gratulantium
893 1967 1096 2003 celebritate
1124 1978 1320 2013 procerum,
1351 1964 1531 1999 accedenti
1560 1964 1736 2009 Campano
1767 1963 1975 2009 provinciali
1995 1962 2083 1997 salu-

463 2032 560 2068 tandi
585 2032 638 2066 sui
654 2031 790 2077 copiam
805 2030 886 2065 fecit
909 2043 914 2064 z
933 2034 1019 2070 tum,
1038 2030 1151 2064 officio
1172 2029 1322 2073 benigne
1338 2031 1496 2072 accepto,
1518 2026 1662 2060 multam
1678 2026 1768 2072 patri
1789 2026 1938 2071 gratiani
1957 2025 2083 2059 habere

465 2106 502 2129 se
521 2094 699 2140 protessus
723 2097 776 2128 est
806 2104 868 2138 pro
896 2092 1025 2138 insigni
1052 2104 1115 2138 per
1145 2091 1265 2126 Socios
1293 2101 1373 2124 suos
1392 2088 1578 2133 religionis
1597 2100 1681 2122 cura
1709 2099 1883 2133 operaque
1910 2087 1945 2122 in
1969 2087 2083 2133 patrio

464 2156 599 2190 Sueciae
615 2166 725 2201 regno
745 2154 809 2189 sibi
838 2154 978 2200 suisque
1002 2154 1135 2188 civibus
1159 2152 1302 2198 egregie
1334 2152 1492 2197 impensa
1507 2165 1514 2191 ;
1532 2151 1642 2191 addit,
1665 2150 1823 2185 relictum
1842 2161 1919 2184 esse
1938 2149 1983 2184 ad
2008 2161 2085 2184 eam

464 2216 672 2252 coloniama
692 2228 729 2251 se
756 2216 796 2250 Ρ.
823 2216 1055 2250 Humbertum
1083 2227 1124 2250 ex
1144 2214 1265 2250 eadem
1295 2213 1470 2249 Societate
1503 2212 1613 2247 virum
1644 2224 1787 2253 nai-unu
1820 2212 1924 2255 hujus
1945 2211 2084 2246 Socium

464 2278 684 2314 Bernarduni
716 2277 937 2312 Golinskium
969 2278 1003 2311 in
1032 2277 1215 2312 Poloniam
1248 2287 1364 2311 secum
1397 2275 1590 2310 reduxisse.
1613 2290 1628 2303 «ι
1652 2275 1821 2310 Obsecrat
1841 2274 2003 2319 denique,
2042 2285 2084 2308 ne

466 2358 481 2372 κ
503 2342 537 2376 in
558 2353 599 2376 eo
618 2345 688 2375 tam
716 2340 863 2375 salutari
882 2340 1073 2386 gentilibus
1092 2340 1164 2374 suis
1184 2338 1339 2385 negotio,
1362 2338 1500 2383 magnis
1532 2349 1553 2371 a
1571 2349 1608 2372 se
1636 2348 1746 2382 nuper
1765 2337 1889 2371 animis
1909 2345 2082 2381 suscept0‚

465 2419 481 2433 α
504 2407 640 2439 cessent
671 2415 677 2437 :
705 2401 815 2436 multa
846 2401 985 2447 quidem
1012 2402 1047 2436 in
1080 2413 1120 2436 eo
1140 2401 1228 2436 dura
1247 2411 1323 2435 esse
1348 2400 1382 2433 in
1411 2400 1601 2445 praesentia
1628 2404 1733 2445 atque
1751 2410 1896 2444 aspera;
1918 2403 2084 2432 caeterum

465 2480 481 2495 κ
504 2475 645 2512 sperare
676 2474 713 2498 se
740 2463 828 2503 fore,
866 2467 902 2496 ut
933 2462 1157 2497 emolliantur
1200 2461 1411 2508 procedente
1443 2466 1611 2505 tempore,
1642 2470 1682 2493 ac
1714 2458 1951 2497 delaeventur;
1984 2457 2082 2491 indu-

513 2533 554 2573 (1)
571 2533 757 2561 Historiarum
771 2532 813 2560 sui
832 2532 977 2567 temporis,
994 2532 1041 2561 lib.
1061 2532 1111 2565 88,
1125 2532 1158 2559 ad
1172 2539 1236 2560 ann.
1257 2530 1344 2558 1587.
