2184 2953
274 405 333 430 1621

272 444 409 476 Spectacu-

271 482 324 508 lum
342 481 389 508 mi-

269 531 326 548 rum
340 526 367 548 ct

269 562 392 588 amabile.

338 2188 353 2214 2

267 2228 284 2254 J
286 2230 378 2254 oannis

269 2267 358 2293 Caroli

268 2303 396 2330 0110111110-

268 2342 330 2368 wicz
359 2343 415 2368 laus

268 2386 295 2410 et
304 2383 391 2410 obitus

445 304 505 335 264
808 302 1080 332 LITUANICARUM
1104 302 1314 331 SOCIETATIS
1336 300 1419 330 JESU
1444 300 1694 329 HISTORIARUM

449 407 486 431 se
504 394 749 442 propulsantes
781 395 938 442 pericula
964 395 1135 441 polonicae
1164 394 1279 441 gentis
1298 387 1481 440 legiones:
1517 405 1679 440 superne,
1702 393 1759 428 via
1782 394 1883 439 quasi
1900 393 2026 434 lactea,
2048 405 2070 428 a

449 458 754 504 septemtrionibus
774 459 942 493 orientem
961 469 1084 492 versus
1112 458 1223 504 (quam
1242 461 1376 503 spectat
1395 456 1536 503 plagam
1556 456 1749 495 Moldavia‚
1769 456 1843 502 ejus
1866 456 1948 491 belli
1975 468 2066 491 cam-

445 521 520 567 pus)
539 521 731 567 perillustri
749 525 884 556 vectam
910 520 1048 561 thensa,
1066 520 1159 554 illam
1179 532 1343 554 auroram
1373 525 1656 565 consurgentem,
1691 519 1873 565 pulchram
1891 523 1929 553 ut
1964 519 2061 558 luna,

443 584 591 619 electam
609 588 646 619 ut
664 584 730 625 sol,
752 596 829 619 cum
848 595 955 629 puero
974 583 1061 618 Jesu
1089 583 1271 629 Virginem
1299 582 1570 617 Beatissimam:
1593 582 1637 617 ad
1666 582 1789 616 horum
1811 582 1917 628 pedes
1938 581 2066 627 suppli-

442 657 517 681 cem
537 645 766 687 Stanislaum,
795 657 835 680 eo
855 645 970 679 vultus
999 645 1199 685 simulacro,
1231 656 1273 679 ex
1300 656 1367 690 quo
1398 644 1499 679 facile
1532 655 1777 689 cognosceres,
1809 655 1829 677 a
1855 643 2066 678 Beatissimo

441 708 515 743 cive
551 720 624 743 rem
655 720 728 742 suae
765 707 924 742 Poloniae
968 707 1129 753 precibus
1165 707 1399 742 commendari
1419 719 1425 740 :
1465 706 1622 741 arridere
1666 706 1886 751 deprecatori
1913 705 2065 740 Matrem

439 771 652 817 piissimam:
674 769 803 805 Filium
838 769 1147 803 clementissimum
1175 768 1315 803 servulo
1343 780 1405 802 suo
1441 779 1608 802 annuere.
1632 768 1713 802 Non
1745 767 1951 802 somniantis
1979 766 2065 802 illud

440 838 514 868 erat
532 832 752 872 miraculum,
771 830 881 877 inquit
908 831 943 865 in
970 842 1033 865 sua
1052 830 1201 865 historia
1229 830 1271 865 de
1302 830 1406 864 rebus
1438 830 1573 876 patriis,
1605 834 1747 865 senator
1765 829 1927 875 polonus,
1953 829 2066 864 Geda-

439 895 600 930 nensium
628 893 852 933 castellanus,
876 892 1074 927 Stanislaus
1101 904 1122 926 a
1146 892 1389 939 Kobierzycko
1422 892 1697 939 Kobierzyckius
1716 892 1762 939 (1),
1785 892 1838 927 cui
1857 892 1961 926 fidem
1989 892 2063 926 dies

443 972 458 986 α
482 957 646 992 stabilitae
676 957 785 1003 pacis,
808 955 889 1002 quin
919 956 1032 1001 ipsum
1064 966 1153 1001 pene
1185 958 1397 989 momentum
1435 954 1677 991 adstruxerat.
1713 955 1800 992 Quae
1833 954 1973 1000 quidem
2000 954 2065 989 Dei

440 1035 456 1049 κ
479 1019 599 1065 optimi
615 1018 813 1064 benignitas
830 1017 1060 1062 Coelitumque
1078 1017 1178 1051 favor
1193 1027 1247 1050 me
1266 1015 1448 1061 permovit,
1467 1020 1505 1050 ut
1519 1027 1592 1050 rem
1606 1015 1683 1050 loco
1698 1020 1854 1051 attexere
1874 1028 1943 1050 non
1963 1015 2061 1050 dubi-

441 1096 456 1110 «
478 1085 611 1116 tarem:
632 1092 712 1115 nam
730 1084 767 1114 ut
786 1079 892 1114 dubia
907 1084 942 1114 et
965 1078 1171 1113 admiranda
1199 1090 1217 1112 e
1236 1077 1347 1112 triviis
1367 1082 1428 1112 aut
1454 1078 1740 1112 circumforaneis
1767 1077 1904 1112 schedis
1923 1078 2063 1124 conqui-

439 1158 455 1172 “
478 1154 569 1184 rere,
591 1142 712 1188 procul
735 1142 907 1188 gravitate
938 1141 1091 1187 suscepti
1120 1140 1235 1186 operis
1262 1140 1468 1181 habuerim3
1498 1140 1547 1174 ita
1567 1140 1658 1175 serio
1685 1139 1838 1180 traditis,
1870 1145 2065 1186 eventuque

440 1219 455 1233 a
477 1203 725 1250 comprobatis,
745 1203 883 1238 silentio
903 1203 1005 1237 fidem
1029 1203 1196 1242 adimere,
1218 1202 1372 1248 profecto
1399 1207 1433 1237 et
1452 1202 1623 1243 divorum,
1646 1202 1704 1248 qui
1725 1213 1832 1248 prope
1856 1202 2064 1236 damnantur

441 1282 456 1296 α
477 1278 555 1301 011111
574 1270 844 1312 praetereuntur,
864 1265 1026 1311 injuriam
1042 1265 1144 1305 ducO,
1167 1270 1201 1300 et
1216 1265 1260 1299 ab
1275 1265 1417 1299 homine
1432 1264 1622 1305 catholico,
1641 1264 1749 1299 veluti
1777 1264 1937 1300 beneficii
1952 1265 2065 1299 minus

439 1343 454 1357 κ
477 1332 593 1374 grato,
615 1328 769 1362 alienum
784 1328 957 1363 existimo.
981 1327 1106 1362 Exstat
1122 1327 1197 1373 ejus
1213 1327 1374 1362 beneficii
1389 1331 1652 1361 monumentum
1674 1327 1865 1368 Cracoviae,
1884 1327 1919 1361 in
1938 1326 2066 1373 templo

439 1406 455 1420 «ι
481 1390 679 1429 Societatis,
724 1390 813 1424 divis
854 1389 1089 1436 apostolorum
1137 1389 1353 1435 principibus
1389 1389 1516 1430 dicato,
1556 1389 1591 1423 in
1629 1389 1759 1424 sacello
1800 1389 1928 1424 ibidem
1964 1389 2067 1424 Beati

440 1469 454 1483 ιι
478 1452 645 1488 Stanislai
665 1452 864 1498 magnifico,
887 1452 1012 1498 ingens
1030 1451 1164 1492 tabula,
1186 1451 1221 1485 in
1253 1463 1322 1497 qua
1340 1451 1416 1486 haec
1434 1451 1555 1497 legas:
1578 1454 1670 1485 Dum
1693 1454 1898 1491 Osmannes,
1924 1454 2062 1486 Turca-

440 1529 454 1544 κ
478 1527 559 1549 rum
594 1516 802 1558 imperator,
836 1516 970 1557 insiym'
999 1525 1146 1548 suorum
1172 1515 1269 1547 clade
1299 1515 1345 1547 acl
1366 1515 1561 1548 Clzotz'mum
1580 1515 1664 1547 bello
1683 1516 1810 1547 Dacico
1839 1516 1996 1555 adactus,
2018 1516 2060 1548 de

439 1592 455 1606 ec
473 1579 575 1621 pacis
605 1579 737 1619 foedere
755 1578 942 1611 sanciendo
977 1588 1055 1610 cum
1088 1578 1230 1610 Polom‘s
1266 1577 1398 1610 liceret.-
1428 1578 1637 1610 Beatissima
1668 1579 1733 1609 Dei
1764 1579 1883 1610 Macer
1915 1578 2059 1610 unicum

441 1654 456 1668 ει
477 1641 665 1673 christiani
686 1640 838 1673 nominis
854 1640 1172 1682 propugnaculum,
1195 1650 1274 1672 cum
1305 1640 1441 1680 infante
1472 1640 1556 1671 ι10811
1589 1639 1698 1670 rheda
1730 1639 1848 1672 invehi
1882 1643 2061 1681 conspecta

440 1716 456 1730 α
478 1705 757 1744 εείψνᾶεερηίειη
772 1702 928 1735 Polom'ae
946 1712 1045 1744 opem
1060 1703 1234 1741 allatm‘a5
1252 1702 1469 1743 supplicante
1484 1712 1603 1734 coram
1620 1703 1725 1734 Beato
1741 1702 1915 1735 Scam'slao
1930 1703 2060 1736 Kostka

441 1778 456 1793 κ
479 1766 659 1799 Societatz's
677 1765 762 1797 Jesu
775 1774 844 1806 pro
870 1765 1007 1806 patria,
1035 1774 1125 1805 pene
1153 1767 1350 1796 eoetremwn
1378 1767 1459 1796 tunc
1470 1765 1710 1805 periclitante.
1732 1763 1813 1797 ι13111
1845 1775 1926 1798 vero
1951 1763 2061 1809 Sigis-

441 1840 456 1855 κ
479 1825 607 1860 mundo
626 1837 712 1871 rege
735 1837 811 1860 cum
845 1826 1019 1860 universae
1051 1825 1245 1859 nobilitatis
1270 1824 1450 1859 ordinibus
1470 1824 1515 1858 ad
1535 1829 1650 1859 castra
1670 1824 1722 1859 sui
1752 1825 2062 1870 exercitus-proce-

441 1904 456 1918 ει
479 1887 596 1928 dente,
624 1888 705 1921 dum
721 1887 833 1922 hostis
865 1887 1039 1933 inglorius
1057 1886 1185 1921 finibus
1201 1888 1369 1922 excedere
1385 1891 1582 1932 cogeretur,
1601 1898 1642 1922 eo
1658 1887 1732 1932 ipso
1751 1891 1908 1933 tempore
1927 1898 2064 1922 sacrum

442 1965 457 1979 u
480 1950 550 1984 divi
569 1950 672 1996 hujus
704 1949 865 1984 tutelaris
897 1954 1012 1995 caput,
1035 1949 1106 1983 alia
1142 1950 1243 1995 regni
1275 1954 1387 1995 parte,
1418 1950 1453 1983 in
1486 1949 1671 1984 Poloniam
1704 1950 1879 1984 communi
1911 1950 2063 1983 omnium

444 2027 459 2041 α
482 2011 606 2047 solatio
638 2011 853 2046 inferebatur
895 2023 955 2057 per
986 2011 1259 2046 illustrissimum
1295 2011 1624 2046 reverendissimum
1660 2012 1845 2045 Dominum
1877 2011 2063 2045 Achatium

443 2088 458 2103 α
481 2074 713 2115 Grochovski,
749 2074 949 2120 episcopum
982 2074 1266 2114 Luceoriensem,
1289 2073 1404 2108 Roma
1432 2073 1475 2108 ab
1507 2072 1695 2108 admodum
1736 2074 1780 2108 R.
1815 2074 1921 2108 Patre
1952 2074 2065 2108 Mutio

444 2150 459 2165 α
481 2136 594 2171 eidem
626 2137 848 2172 serenissimo
867 2137 1154 2172 transmissum...
1174 2140 1240 2171 etc.
1259 2139 1325 2170 etc.
1352 2153 1367 2167 η

491 2199 587 2233 Inter
614 2204 790 2235 nostrates
808 2204 1020 2240 castrenses,
1039 2200 1142 2245 hujus
1167 2199 1291 2244 gloriae
1312 2198 1510 2244 participes,
1532 2199 1662 2245 primas
1690 2199 1756 2233 sibi
1782 2199 1936 2234 vindicat
1953 2199 2066 2235 laudis

443 2264 559 2307 partes
578 2261 688 2296 virtus
710 2261 807 2297 ducis
825 2262 1016 2302 fortissimi,
1039 2261 1187 2296 Joannis
1208 2260 1323 2295 Caroli
1343 2260 1585 2295 Chodkiewicz
1600 2275 1606 2302 ;
1624 2261 1723 2307 cujus
1741 2262 1890 2296 maxime
1905 2263 2063 2303 consilio,

442 2323 602 2368 imperio,
621 2327 655 2357 et
682 2323 786 2358 ductu
817 2324 909 2358 salus
937 2335 1078 2358 suorum
1114 2322 1271 2357 constitit
1298 2327 1332 2357 et
1360 2323 1519 2357 victoria.
1542 2324 1656 2369 Hujus
1682 2324 1831 2358 fructum
1859 2324 2067 2371 laudemque

444 2383 614 2431 reliquam
633 2397 710 2420 cum
730 2386 874 2432 imperio
894 2385 1024 2420 dimisit
1042 2396 1105 2420 suo
1121 2384 1281 2430 collegae,
1299 2395 1341 2419 ea
1355 2388 1562 2431 tempestate
1582 2386 1737 2432 dapifero
1758 2387 1871 2433 regni,
1891 2387 2066 2422 Stanislao

445 2446 714 2488 Lubomirskio;
744 2447 831 2494 ipse,
853 2450 1058 2482 senescente
1075 2447 1151 2493 jam
1182 2446 1288 2485 bello,
1310 2446 1354 2480 ad
1381 2447 1591 2483 immortales
1615 2448 1724 2493 (quod
1753 2449 1951 2484 existimare
1970 2449 2066 2494 licet)

486 2517 525 2554 (ι)
550 2517 681 2548 llisioriae
695 2517 826 2547 viatim-di
843 2518 888 2551 lv,
904 2519 952 2547 iili.
973 2518 1006 2547 X.
1031 2526 1095 2553 pag.
1115 2518 1183 2545 847.
