2184 2953
856 299 1089 329 APPENDICES.
1714 286 1773 319 451

161 407 197 443 S.
219 408 264 442 R.
283 408 325 442 E.
358 408 587 451 inimicorum,
622 411 836 458 incapacium
867 409 978 445 omnis
1013 409 1048 443 in
1079 408 1211 443 animas
1242 410 1276 442 et
1307 415 1475 452 personas
1501 401 1770 449 jurisdictionis.

208 463 245 497 9⁰
263 463 344 497 Non
363 464 444 500 licet
461 466 552 500 bona
579 467 680 502 unius
706 467 863 502 ecclesiae
887 465 1080 504 catholicae,
1114 463 1217 498 alteri
1242 461 1398 497 ecclesiae
1430 459 1611 494 catholicae
1634 456 1774 492 tradere

159 519 234 554 sine
264 531 436 555 consensu
456 522 556 556 Sedis
587 522 811 568 Apostolicae.
842 522 937 568 Ergo
956 520 1064 555 multo
1093 519 1206 553 minus
1236 518 1317 552 licet
1338 515 1477 550 tradere
1495 513 1691 549 non-unitis
1715 512 1773 558 qui

159 578 239 608 sunt
262 579 360 609 extra
380 576 573 612 Ecclesiam
603 579 823 619 catholicam,
855 583 889 613 et
918 579 1036 612 hostes
1068 575 1236 610 Ecclesiae
1255 572 1450 612 catholica),
1469 571 1526 616 qui
1542 569 1676 604 malunt
1697 578 1774 603 esse

158 630 315 665 haeretici
333 643 435 677 quam
455 633 627 668 catholici.
644 634 865 669 Antecedens
884 633 1052 679 probatur
1071 643 1113 666 ex
1137 629 1295 664 omnibus
1315 627 1383 661 illis
1413 626 1634 661 Summorum
1652 623 1773 659 Ponti-

157 684 262 719 ficum
285 688 602 728 constitutionibus,
624 700 710 734 quas
725 701 831 735 supra
845 689 958 723 attuli.
984 687 1115 726 Quibus
1135 685 1225 720 addo
1246 687 1361 718 textus
1377 681 1474 716 Juris
1493 679 1659 715 Canonici
1678 679 1713 712 in
1734 678 1772 713 C.

157 742 235 774 Non
255 743 332 774 licet
352 758 360 776 .·
377 742 411 775 in
432 743 469 777 C.
498 746 663 784 Diacono,
685 743 721 777 in
740 744 776 779 C.
803 747 988 788 Quidquid,
1020 744 1055 778 in
1072 743 1109 777 C.
1139 744 1335 778 Monenzus,
1354 739 1389 772 in
1409 738 1447 773 C.
1471 739 1630 780 Quisquis
1644 738 1772 779 episco-

155 807 235 839 pus,
258 797 293 830 in
315 797 352 832 C.
370 800 451 831 Sine
483 801 681 841 exceptione
704 800 758 841 12,
776 801 823 835 9:
849 801 884 835 2.
908 801 943 834 in
976 800 1014 834 C.
1036 800 1145 838 Nulli,
1168 797 1202 831 in
1237 796 1273 831 C.
1307 797 1344 829 Si
1366 796 1443 837 Quis
1460 795 1716 836 presbyterum,
1738 791 1773 825 in

159 851 196 886 C.
214 852 250 886 2.
272 855 322 886 De
337 855 438 887 rebus
458 857 608 888 ccclesiae
627 866 695 889 non
710 858 907 890 alienandis
926 857 961 890 in
977 855 1015 890 C.
1038 858 1071 889 et
1090 854 1125 888 in
1141 853 1309 888 Clement.
1336 851 1399 885 lma
1417 852 1468 883 De
1486 851 1589 882 rebus
1611 849 1774 882 Ecclesiae

158 918 227 941 non
253 910 460 943 alienandis.
486 909 551 944 Hic
577 909 667 944 addo
687 911 930 945 auctoritatem
960 911 1078 956 legum
1102 907 1333 954 imperialium
1358 907 1393 940 in
1421 905 1649 940 LsJubemus
1673 903 1711 937 C.
1732 905 1774 936 de

157 964 361 998 Sacrosanc.
397 966 574 1004 Ecclesiz's,
611 968 645 999 ot
679 976 742 1011 per
774 970 906 1000 textum
925 966 960 1000 in
987 967 1009 1011 ἓ
1040 968 1111 999 Nos
1126 966 1247 1007 iqitur.
1272 974 1304 996 v.
1335 962 1511 995 alienatio.
1541 960 1581 994 In
1611 958 1770 993 authent.

158 1018 200 1053 de
218 1030 288 1053 non
301 1018 498 1054 alienandis
521 1023 582 1054 aut
600 1022 838 1066 permutandis
852 1022 956 1057 rebus
975 1020 1154 1061 Ecclesiae,
1178 1020 1200 1065 ἓ
1223 1020 1310 1055 Qza'a
1329 1028 1409 1051 vero
1427 1021 1489 1051 etc.

781 1144 979 1171 QUAERITUR
997 1142 1123 1167 TERTIO
1143 1143 1150 1165 ἶ

270 1215 327 1248 An
343 1214 451 1256 possit
464 1216 624 1257 permitti
638 1215 810 1248 institutio
828 1226 889 1248 sea
908 1215 1032 1247 erectio
1052 1214 1131 1247 novi
1148 1213 1366 1255 episcopatus
1386 1210 1661 1243 Mscislavz'ensis

790 1293 860 1325 pro
878 1281 1107 1315 schismaticis
1126 1282 1140 1313 ?

205 1380 317 1417 RESP.
353 1380 438 1415 Cum
471 1380 707 1415 distinctione.
747 1379 784 1415 Si
818 1379 994 1415 non-uniti
1024 1390 1067 1414 ex
1099 1390 1161 1414 suo
1196 1377 1407 1425 patrimonio
1435 1375 1657 1411 instituerent
1684 1374 1778 1409 hunc

156 1451 283 1474 novum
311 1438 561 1484 episcopatum,
592 1437 679 1471 nihil
722 1436 922 1483 usurpando
955 1446 997 1470 ex
1036 1434 1137 1469 bonis
1168 1433 1422 1480 archiepiscopi
1457 1431 1662 1467 Polocensis
1689 1429 1777 1465 uniti

158 1498 193 1530 et
203 1494 428 1530 ecclesiarum
446 1494 496 1528 illi
522 1494 769 1540 subjectarum,
791 1495 909 1539 posset
928 1491 1003 1526 sine
1027 1491 1177 1536 positiva
1192 1490 1443 1525 catholicorum
1468 1487 1723 1534 approbatione
1743 1488 1777 1520 et

158 1562 330 1585 consensu
358 1562 419 1596 per
437 1550 543 1584 talem
561 1549 825 1595 permissionem
852 1552 885 1583 et
915 1547 1136 1582 tolerantiam
1155 1547 1213 1581 ille
1240 1547 1460 1592 episcopatus
1495 1543 1661 1590 permitti,
1688 1542 1777 1578 sicut

159 1606 371 1652 permittitur
392 1606 520 1640 erectio
531 1605 611 1640 novi
626 1604 818 1651 lupanaris,
833 1608 866 1638 et
884 1615 952 1638 non
969 1603 1059 1648 plus.
1075 1602 1114 1636 Id
1130 1602 1234 1643 enim,
1257 1602 1338 1636 dum
1352 1601 1480 1636 adsunt
1503 1611 1618 1634 causae
1634 1609 1773 1644 graves.‚

158 1662 239 1697 licet
274 1662 487 1708 permittere,
526 1664 563 1695 ut
595 1661 719 1695 docent
757 1665 897 1696 sanctus
928 1660 1082 1695 Thomas
1117 1660 1163 1704 (2.
1191 1659 1226 1693 2.
1252 1670 1283 1704 q.
1311 1659 1353 1693 10
1379 1669 1400 1691 a
1432 1656 1487 1703 11)
1517 1659 1552 1691 et
1583 1656 1657 1702 ejus
1685 1667 1774 1690 com-

157 1721 380 1759 mentatores,
409 1718 572 1752 Becanus
591 1717 625 1750 in
655 1719 818 1750 Manualz'
836 1717 1168 1754 controversiarum,
1191 1714 1253 1748 lib.
1268 1714 1311 1748 V.
1330 1725 1358 1747 c.
1383 1713 1441 1747 17.

209 1774 245 1809 Si
264 1785 346 1808 vero
364 1785 426 1820 pro
452 1774 556 1819 hujus
577 1772 796 1819 episcopatus
815 1771 988 1807 erectione
1006 1770 1196 1805 auferenda
1222 1773 1302 1804 sunt
1324 1769 1417 1803 bona
1434 1771 1468 1803 et
1485 1767 1642 1803 redditus
1661 1765 1774 1800 unito-

159 1842 236 1864 rum
251 1830 484 1869 sacerdotum,
503 1829 547 1862 ad
566 1829 803 1874 episcopatum
822 1827 957 1861 unitum
976 1825 1205 1860 Polocensem
1224 1825 1465 1870 spectantium,
1483 1835 1561 1868 quae
1580 1823 1670 1856 bona
1690 1832 1774 1855 non-

157 1885 246 1920 uniti
272 1886 454 1920 manifeste
478 1884 545 1919 sibi
564 1885 654 1923 dari,
686 1888 719 1918 et
733 1884 893 1929 episcopo
925 1881 1109 1916 Polocensi
1125 1881 1220 1915 unito
1249 1880 1518 1925 auferripetunt,
1546 1889 1617 1912 non
1657 1879 1776 1923 posset

157 1941 310 1987 permitti
335 1941 415 1975 talis
435 1952 525 1974 nova
544 1940 673 1975 erectio
700 1939 804 1984 hujus
824 1938 1042 1984 episcopatus
1058 1936 1334 1971 Mscislaviensis
1361 1935 1465 1981 3quia
1478 1934 1514 1968 in
1544 1932 1607 1967 tali
1630 1932 1774 1978 permis-

157 1997 255 2031 sione
274 1996 512 2031 involveretur
530 1996 679 2042 positiva
707 1994 904 2040 cooperatio
924 1993 968 2027 ad
1004 1992 1161 2026 illicitam
1193 1992 1361 2025 bonorum
1381 1991 1418 2025 S.
1451 1988 1617 2024 Ecclesiae
1644 1987 1775 2023 aliena-

157 2052 299 2093 tionem,
321 2052 408 2087 adeo
428 2052 542 2097 rigide
556 2051 605 2097 (ut
623 2055 801 2085 ostensum
817 2050 879 2093 est)
895 2049 1039 2083 vetitam
1054 2052 1088 2082 et
1106 2047 1307 2081 damnatam
1320 2046 1401 2092 jure
1419 2045 1534 2079 divino
1554 2048 1588 2080 et
1606 2045 1772 2079 humano.

158 2107 412 2142 Patrimonium
430 2107 521 2142 enim
536 2106 705 2141 Ecclesiae
725 2106 826 2140 debet
845 2104 1045 2139 conservari
1063 2103 1211 2137 illaesum
1230 2102 1282 2148 (L.
1304 2103 1484 2140 Jubemus,
1502 2100 1537 2134 in
1552 2099 1620 2134 fine
1643 2100 1675 2134 l.
1698 2098 1773 2134 Col.

160 2163 196 2198 C.
216 2163 258 2198 de
275 2165 512 2197 Sacrosanctz's
526 2161 786 2207 ecclesiasticis).
801 2161 904 2195 Unde
917 2159 1101 2205 deponitur
1114 2158 1274 2192 alienans
1291 2156 1461 2202 praedium
1485 2155 1653 2190 Ecclesiae
1671 2155 1776 2190 etiam

160 2219 322 2264 exiguum
338 2219 384 2263 (C.
410 2220 620 2261 Quicumque
639 2218 669 2252 1.
688 2217 723 2251 in
744 2218 837 2261 l7.q.
855 2215 1011 2260 4).Unde
1026 2214 1182 2260 sequitur
1192 2224 1262 2247 non
1277 2223 1379 2258 posse
1390 2211 1495 2246 talem
1512 2210 1775 2256 permissionem

158 2275 238 2320 lege
253 2273 413 2314 stabiliri,
430 2274 511 2319 quia
529 2285 599 2308 non
616 2277 689 2308 tam
708 2272 889 2319 permissio
905 2282 1008 2317 quam
1026 2268 1232 2316 approbatio
1246 2267 1297 2302 rei
1315 2266 1446 2301 illicitae
1464 2269 1566 2301 esset.
1586 2266 1722 2312 Nempe
1740 2266 1776 2300 in

158 2330 220 2364 tali
254 2329 333 2375 lege
368 2333 495 2376 praeter
526 2329 788 2375 obligationem,
823 2338 925 2373 quam
959 2326 1070 2360 omnis
1106 2325 1163 2361 lex
1197 2325 1341 2364 inducit,
1375 2324 1558 2359 accederet
1586 2335 1775 2359 consensus

158 2385 273 2430 legem
292 2384 395 2420 talem
409 2385 563 2430 iniquam
577 2384 762 2419 serentium
780 2396 786 2418 :
809 2393 1010 2421 consensus,
1023 2381 1176 2427 inquam,
1197 2381 1233 2415 in
1243 2393 1316 2416 rem
1334 2380 1490 2415 illicitam
1509 2383 1542 2414 et
1556 2380 1770 2420 damnatam,

159 2441 342 2476 animabus
356 2440 600 2487 perniciosam,
626 2439 703 2486 puri
724 2439 836 2474 cultus
865 2438 972 2473 divini
991 2437 1240 2483 impeditivam,
1258 2437 1520 2471 innumerarum
1539 2435 1773 2481 blasphemia-

159 2508 248 2539 rum,
283 2500 318 2532 et
351 2496 525 2532 haeresum
555 2495 833 2537 seminatricem3
859 2505 900 2529 ac
917 2493 1063 2540 proinde
1081 2496 1175 2529 esset
1192 2492 1438 2539 gravissimum
1455 2494 1648 2539 peccatum.
1670 2490 1772 2525 Unde
