2184 2953
658 313 764 343 Lissnn
785 311 941 342 DECIMUS
963 311 1175 348 (1656-1661).
1681 309 1740 341 355

132 419 148 435 α
170 400 391 453 pe110r‚‘011m
421 407 525 451 gente
547 415 624 440 mea
654 404 699 440 ad
729 416 856 440 novum
886 403 988 450 idque
1019 403 1190 438 fervidum
1217 401 1280 437 tibi
1313 400 1487 437 serviendi
1510 400 1734 442 desiderium,

132 483 148 498 κ
171 468 332 514 promitto
353 467 514 514 deinceps
533 479 622 509 meo,
653 472 883 514 satraparum,
909 466 1182 513 populorumque
1201 476 1356 500 meorum
1384 464 1534 505 nomine,
1552 467 1610 498 tuo
1629 463 1732 503 Filio,

132 544 148 559 a
169 529 316 565 Domino
334 540 410 564 meo
436 530 523 565 Jesu
555 529 705 570 Christo,
734 529 864 575 tibique
892 528 1021 563 cultum
1048 531 1082 563 et
1107 527 1275 562 honorem
1293 537 1356 573 per
1384 525 1531 560 ditiones
1550 524 1650 571 regni
1669 524 1736 559 mei

130 605 146 621 α
167 594 451 638 propagaturum.
473 591 593 626 Voveo
619 591 774 638 insuper,
796 591 855 625 ubi
873 590 954 625 Filii
971 590 1021 625 tui
1048 589 1272 625 miseratione
1290 588 1470 624 victoriam
1497 587 1540 622 de
1557 586 1730 626 hostibus,

129 667 145 682 κ
166 657 200 689 61
216 653 390 700 praecipue
410 653 542 695 Suecis,
565 653 759 695 obtinuero,
783 656 1061 699 procuraturum,
1083 655 1121 687 ut
1139 651 1212 687 dies
1231 651 1288 686 hic
1319 650 1356 685 in
1378 652 1583 697 perpetuum
1610 648 1734 684 solem-

128 730 144 746 «
165 715 220 751 nis
238 719 273 751 et
291 716 398 751 festus
416 715 600 751 habeatur.
622 720 686 751 etc.
708 719 775 751 etc.
797 715 842 762 (1).

176 794 192 810 «c
216 779 362 815 Sensere
389 791 469 814 mox
495 779 623 815 limites
648 780 761 825 regni,
792 778 902 825 inquit
938 776 1201 824 Kochovius(·2)‚
1236 776 1434 823 ingressum
1465 774 1727 821 Hungarorum,

127 856 143 871 κ
165 853 234 876 11011
268 842 384 877 infesti
415 841 530 884 modo,
567 841 629 877 sed
648 841 727 888 plus
754 852 856 888 quam
887 840 991 875 etiam
1015 839 1152 874 hostilis
1188 838 1356 885 agminis;
1381 849 1458 872 cum
1486 836 1670 871 revixisset
1698 835 1734 870 in

125 918 141 933 α
163 904 322 950 Ragocio
341 904 464 947 Attila,
486 908 519 940 et
538 916 639 950 gens,
666 903 838 939 Hunnicae
868 903 1014 949 originis
1033 913 1177 942 memor,
1216 911 1322 947 supra
1357 899 1544 934 humanam
1581 897 1731 933 crudeli-

126 980 142 996 «
162 968 268 1002 tatem
288 966 324 1001 in
342 966 502 1001 innoxios
517 966 668 1001 saeviret.
695 984 710 998 99

169 1028 202 1063 A
218 1028 344 1063 finibus
362 1029 391 1063 T
395 1028 642 1074 ransylvaniae,
663 1039 730 1074 qua
749 1029 815 1061 iret
837 1037 993 1071 cumque,
1012 1026 1128 1060 omnia
1155 1024 1293 1060 ditionis
1312 1023 1483 1071 polonicee
1500 1023 1593 1058 ferro
1615 1034 1729 1069 popu-

120 1089 212 1125 latus
231 1093 283 1125 est
301 1093 335 1125 et
352 1090 426 1136 igni
444 1090 636 1136 Ragocius.
670 1089 849 1124 Gratulari
868 1089 933 1123 sibi
960 1089 1003 1123 de
1019 1089 1085 1123 isto
1103 1093 1175 1124 tam
1200 1088 1350 1135 impigro
1374 1088 1567 1123 facinorum
1587 1086 1727 1122 aemula-

121 1156 198 1188 tore
216 1164 358 1188 suorum
389 1152 555 1187 Carolus:
585 1163 731 1198 regnum
750 1151 908 1186 Poloniae
929 1151 1002 1197 jam
1033 1151 1081 1185 sic
1107 1151 1197 1185 inter
1216 1150 1335 1185 Socios
1363 1148 1518 1184 dividere
1544 1148 1675 1183 arbiter
1693 1149 1729 1183 in
1756 1169 1904 1197 Provincias

121 1218 292 1250 conventu
310 1214 461 1261 partium
492 1226 634 1249 suarum
652 1213 744 1260 apud
772 1213 991 1259 Opatoviam,
1021 1216 1058 1247 ut
1077 1212 1226 1247 Polonia
1251 1212 1381 1253 Minor,
1412 1215 1446 1246 et
1463 1210 1674 1252 Roxolania,
1696 1214 1730 1245 et
1755 1209 1869 1256 fjolonioe

119 1278 292 1319 Masovia,
322 1281 356 1313 et
374 1277 578 1317 Podlachia,
604 1280 639 1311 et
668 1275 835 1311 Ucrainia
855 1275 924 1310 sint
942 1275 1119 1321 Ragocio3
1145 1275 1299 1310 Borusso
1331 1274 1477 1309 Polonia
1508 1274 1625 1320 Major
1652 1285 1728 1308 cum
1753 1251 1869 1321 {liggaetnetsiir

118 1341 319 1388 provinciis,
342 1341 533 1381 Brestensi,
552 1339 745 1376 Siradiensi
763 1342 797 1375 et
811 1338 1038 1374 Lenciciensi.
1055 1337 1102 1372 At
1120 1337 1313 1378 Prussiam,
1326 1336 1584 1378 Pomeraniam,
1603 1335 1728 1389 Cassu-
1754 1328 1903 1394 ῗὲἓὲἒέὶῖξ-

120 1404 224 1444 biam,
241 1406 457 1449 tractumque
471 1403 553 1438 111116
572 1414 707 1437 omnem
734 1400 779 1436 ad
806 1412 901 1435 mare
928 1411 1037 1446 usque
1066 1399 1239 1434 Balticum
1257 1399 1322 1434 sibi
1348 1398 1526 1433 vindicare
1553 1398 1725 1432 diribitor.
1756 1406 1831 1434 dunt.

122 1467 257 1502 Caetera
271 1466 497 1506 Polonorum,
519 1465 717 1501 Lituaniam
732 1464 874 1505 scilicet,
893 1462 1133 1508 Samogitiam,
1148 1465 1182 1497 et
1196 1462 1374 1503 Russiam,
1388 1460 1493 1496 armis
1502 1460 1575 1506 jam
1589 1459 1727 1495 Mosco-

119 1529 233 1564 viticis
264 1528 408 1564 subacta
439 1540 528 1564 esse.
563 1528 681 1573 Itaque
714 1527 865 1562 hostium
902 1526 956 1560 ira
988 1528 1022 1560 et
1052 1524 1238 1571 cupiditate
1273 1535 1328 1560 res
1368 1523 1582 1558 Polonorum
1617 1522 1730 1558 omnis

119 1594 267 1638 quatuor
286 1591 321 1626 in
348 1594 464 1638 partes
495 1590 682 1637 discerpta.
712 1590 792 1624 Jam
823 1587 941 1624 nescio
960 1586 1043 1633 quid
1076 1587 1206 1633 praedae
1237 1585 1304 1621 sibi
1336 1589 1507 1633 tyrannus
1534 1585 1729 1620 Turcarum
1757 1618 1841 1644 Turca

118 1652 338 1689 Mahometes
357 1653 407 1688 IV
425 1664 467 1688 ex
493 1652 596 1688 rebus
620 1653 670 1687 ita
694 1652 869 1687 distractis
897 1654 1034 1698 poterat
1052 1650 1221 1697 polliceri.
1243 1649 1432 1696 Adjecerat
1455 1652 1490 1684 et
1507 1648 1582 1696 ipse
1610 1648 1728 1683 oculos
1755 1656 1852 1684 indicit

120 1715 261 1751 Russiae
274 1715 464 1756 Polonicae‚
486 1716 531 1751 ad
546 1726 645 1750 suum
660 1715 840 1760 imperium
855 1712 1090 1760 adjungendae
1105 1726 1112 1754 ;
1135 1712 1196 1748 sed
1214 1713 1267 1747 cui
1277 1713 1353 1758 jam
1371 1711 1505 1760 priores
1525 1711 1729 1746 Moscovitae
1756 1697 1860 1724 bellum.

119 1788 242 1813 manus
275 1778 485 1813 intulissent.
523 1778 577 1813 Ne
608 1789 689 1812 61106
720 1776 891 1812 exercitus
924 1775 959 1809 in
991 1773 1174 1809 Poloniam
1205 1773 1360 1814 inferret,
1398 1772 1727 1808 commemoratione

118 1840 288 1876 foederum
307 1852 347 1876 ac
377 1840 549 1887 religione
567 1839 774 1886 prohibitus,
804 1838 862 1872 ille
883 1837 1022 1884 quidem
1048 1836 1167 1882 copias
1195 1847 1276 1871 suas
1296 1835 1478 1877 continuit,
1500 1839 1536 1870 at
1556 1846 1616 1881 per
1643 1835 1726 1869 Tar-

117 1890 214 1939 taros
231 1907 347 1939 tamen
366 1907 399 1939 et
418 1904 582 1944 Cosaeos,
603 1902 644 1937 ab
663 1913 700 1937 se
718 1901 880 1936 incitatos
906 1899 1032 1945 magis,
1055 1897 1206 1933 Polonos
1224 1887 1417 1933 insectatus
1447 1901 1521 1939 est;
1548 1908 1726 1943 usquequo

118 1975 227 2012 regno
243 1977 304 2000 6110
323 1965 477 2001 Joannes
493 1976 529 2000 se
549 1964 729 1999 abdicarit.
749 1963 788 1997 Id
801 1963 875 2009 jam
894 1961 1031 1995 demum
1049 1960 1264 2006 propositum
1293 1971 1392 1995 suum
1410 1970 1493 2005 rege
1519 1958 1722 2000 meditante,
1743 1984 1881 2012 'Borussus

117 2027 344 2075 languescere
374 2032 409 2064 et
438 2027 592 2063 residere
623 2027 774 2062 hostium
799 2025 971 2071 impetus:
1006 2021 1180 2068 respirare
1207 2021 1373 2056 delassati
1405 2024 1458 2055 tot
1488 2020 1588 2055 malis
1607 2020 1721 2055 cives:
1753 2026 1874 2058 quiescit.

118 2090 288 2137 affulgere
307 2102 385 2138 spes
412 2090 535 2126 salutis
566 2094 600 2125 et
630 2087 945 2135 recuperandarum
968 2095 1083 2119 rerum
1110 2084 1348 2131 perditarum3
1384 2087 1519 2124 contra,
1552 2083 1724 2119 renitente

118 2156 152 2188 et
179 2154 292 2199 prima
319 2157 514 2190 retentante
541 2152 698 2193 consilia,
728 2151 820 2185 vires
851 2147 1003 2183 hostium
1022 2146 1184 2182 continuo
1203 2146 1364 2192 malaque
1383 2146 1500 2181 omnia
1530 2146 1602 2181 visa
1620 2158 1720 2181 reva-
1751 2142 1848 2188 Suecqs

117 2215 258 2252 lescere.
291 2217 430 2252 Primus
449 2216 600 2251 omnium
619 2214 749 2261 quievit
775 2211 934 2247 Marchio
954 2209 1261 2255 Brandeburgious
1278 2222 1286 2250 ;
1307 2212 1446 2244 coactus
1472 2209 1530 2244 ille
1549 2209 1593 2243 ad
1613 2209 1721 2245 socie-
1752 2184 1888 2210 avertitur.

117 2282 223 2315 tatem
240 2291 416 2316 armorum
429 2291 450 2315 a
469 2281 636 2315 Gustavo.
664 2278 816 2313 Gustavo
835 2286 897 2321 per
914 2274 1033 2308 Danos
1048 2271 1093 2306 ad
1108 2271 1177 2306 alia
1195 2272 1369 2306 abstracto
1385 2270 1585 2312 certamina,
1604 2271 1722 2318 Rago-

118 2342 190 2377 cius
213 2354 356 2378 numero
384 2343 551 2389 superior,
598 2342 727 2376 virtute
745 2339 856 2384 impar
874 2335 1100 2374 nostratibus,
1127 2333 1286 2379 cupidate
1304 2332 1404 2378 regni
1421 2332 1551 2378 pariter
1570 2336 1603 2367 et
1618 2333 1720 2368 Polo-

118 2415 240 2439 norum
259 2404 364 2440 armis
384 2405 552 2452 agitatus,
574 2415 614 2439 ac
645 2413 739 2449 saepe
757 2411 881 2442 caesus,
902 2410 978 2434 cum
996 2396 1152 2443 reliquiis
1185 2395 1357 2431 exercitus
1381 2394 1556 2431 collectitii
1574 2395 1611 2430 in
1629 2406 1724 2431 suam

159 2479 205 2521 (1)
227 2479 296 2511 Vide
310 2482 427 2518 Vespas.
446 2481 581 2511 Kochovii
597 2479 649 2509 lib.
665 2479 701 2515 ΙΙ,
722 2478 848 2508 Climact.
866 2477 893 2506 ⁶2.

158 2535 201 2575 (9)
223 2535 291 2567 Vide
302 2541 401 2567 caetcra
416 2538 487 2574 apud
505 2537 632 2567 eumdem
650 2534 831 2572 Kochovium,
853 2532 979 2561 Climact.
1001 2529 1090 2568 2111).
1108 2527 1142 2558 11.
