2184 2953
619 309 724 337 LIBER
749 309 902 337 Tannus
925 309 1135 344 (isso-1590).
1652 308 1710 339 149

101 404 293 438 convivium
313 404 356 437 ad
383 403 494 437 lucem
518 413 627 448 usque
651 402 793 437 multam
819 402 1052 447 produxerat3
1080 413 1156 435 cum
1176 413 1196 435 a
1231 401 1439 447 religionum
1467 413 1609 437 suarum
1640 413 1711 436 Ina—

102 466 222 512 gistro,
241 465 367 511 populo
382 464 427 498 ad
444 475 611 503 mensam,
627 463 912 510 quemadmodum
926 463 991 508 ipsi
1010 468 1148 503 vocant,
1160 463 1367 498 dominicam
1381 464 1619 505 accumbente,
1639 464 1712 510 ipse

103 539 236 574 quoqne
255 533 289 561 et
307 538 398 572 pane
418 527 460 561 de
487 537 546 560 ara
575 530 610 561 et
628 526 751 572 poculo
778 525 944 558 invitatur
970 536 1079 570 usqne
1099 526 1185 560 adeo
1213 525 1358 572 prolixe,
1381 529 1418 560 ut
1437 526 1567 560 frustra
1588 527 1656 561 Leo
1676 533 1710 561 et

103 588 269 623 stomachi
289 600 310 622 a
327 587 524 622 recentibus
556 588 666 632 opulis
685 587 902 626 cruditatem,
926 590 959 621 et
977 586 1047 621 alia
1078 599 1145 622 non
1165 588 1353 633 comparati
1373 587 1416 621 ad
1436 591 1568 622 tantum
1589 592 1714 634 myste-

104 651 190 685 rium
219 650 326 684 animi
346 650 619 695 praepediInenta
646 652 845 689 excusaret&
877 653 1098 683 asseverante
1127 653 1249 683 contra
1276 648 1446 689 ministro,
1472 649 1583 694 ipsam
1612 649 1657 683 ad
1675 661 1717 684 ea

105 723 201 746 sacra
218 711 322 746 fidem
341 710 458 745 afferri
477 714 636 755 oportere
651 723 658 749 ;
681 714 857 748 cmternm,
877 710 1015 743 madeat
1032 709 1124 750 vino,
1142 722 1187 744 an
1206 710 1316 745 siccus
1331 710 1387 748 sit,
1405 713 1566 745 teneatur
1584 710 1712 755 aliqua,

104 783 148 807 an
174 775 272 806 vacet
297 772 411 817 culpa,
433 771 468 805 in
488 771 691 817 religionem
717 771 804 805 verti
823 783 891 805 non
925 771 1063 805 debere.
1088 771 1280 806 Percussus
1308 772 1374 806 isto
1402 774 1498 805 tanto
1518 771 1567 805 rei
1592 771 1719 805 divinae

105 835 197 882 apud
216 847 297 869 suos
316 838 527 881 contemptu,
551 836 673 869 exinde
694 846 811 870 sacras
830 834 888 869 ille
908 833 1041 868 Calvini
1060 834 1167 878 dapes
1186 833 1340 868 fastidire
1359 846 1365 867 z
1388 833 1583 867 ministrum
1598 844 1717 868 eorum

105 909 261 945 promum
282 897 498 942 condumqne
517 896 718 942 diligentins
738 897 940 936 observare;
968 896 1024 930 nbi
1056 899 1184 941 praeter
1207 895 1276 929 alia
1302 895 1387 930 illud
1407 907 1543 941 quoque
1566 895 1718 929 animad-

105 960 206 995 vertit
228 972 234 993 :
257 971 335 993 eum
356 959 501 1004 mystica
522 959 795 994 consecrationis
822 959 928 993 verba
954 970 1022 993 non
1049 970 1152 1004 snper
1170 962 1280 993 totum
1299 959 1384 993 illud
1412 958 1591 1005 panarium
1619 970 1718 993 suum

106 1022 253 1066 integra,
277 1019 350 1059 sed,
377 1031 453 1053 cum
485 1019 589 1053 offam
620 1020 731 1064 primo
763 1020 918 1054 convivw
944 1021 1132 1065 ingereret,
1155 1024 1282 1066 coepta,
1317 1024 1438 1066 postea
1468 1031 1570 1065 quam
1602 1020 1718 1066 plures

107 1082 210 1129 pavit,
233 1093 361 1127 magno
377 1081 513 1115 demum
533 1080 704 1126 dirempta
719 1081 915 1121 intervallo,
935 1081 1069 1127 reliqna
1088 1080 1370 1126 pronuntiantem
1390 1081 1506 1115 verba.

156 1142 365 1188 Huiusmodi
384 1143 470 1176 ritus
486 1142 564 1176 novi
584 1153 723 1176 cansam
743 1146 898 1188 rogatus,
917 1155 993 1177 cnm
1013 1143 1163 1177 hisceret
1181 1146 1310 1188 pastor,
1330 1142 1400 1176 Leo
1423 1142 1515 1183 inde,
1538 1142 1619 1188 quid
1643 1142 1718 1188 ipse

107 1205 286 1250 religionis
307 1204 482 1250 professus
519 1207 609 1238 esset
639 1204 765 1243 adhuc,
788 1216 935 1250 superne
954 1204 1165 1244 admonitus,
1190 1204 1280 1238 diem
1313 1203 1483 1249 reliquum
1514 1207 1720 1249 noctemque

108 1267 345 1312 insequentem
365 1265 399 1299 in
415 1276 565 1299 moerore
579 1269 613 1299 et
626 1265 802 1311 lacrymis,
820 1266 973 1299 diuturni
990 1265 1042 1300 sui
1057 1265 1184 1299 erroris
1199 1265 1387 1311 poenitens,
1405 1266 1568 1301 traduxit.
1589 1267 1718 1301 Postri-

109 1328 163 1363 die
192 1327 280 1362 nihil
313 1330 494 1362 cunctatus
522 1327 667 1361 Petrum
694 1327 845 1373 Slzarga,
869 1328 1033 1362 salutaris
1064 1340 1170 1363 causa
1200 1328 1348 1369 consilii,
1377 1330 1537 1364 accessit.
1561 1330 1614 1364 Re
1644 1342 1721 1364 cum

109 1403 161 1432 eo,
180 1394 313 1437 septem
332 1391 425 1436 ipsos
441 1390 514 1425 dies
530 1390 578 1425 sic
597 1390 729 1426 occulte
752 1394 916 1431 tractata,
938 1394 975 1424 nt
1001 1390 1089 1435 ejus,
1112 1394 1239 1436 praeter
1258 1390 1441 1436 conjugem
1460 1402 1569 1431 suam,
1593 1394 1719 1425 matro-

108 1464 187 1488 nam
218 1452 398 1486 catholiem
434 1452 598 1498 religioni
628 1464 764 1498 semper
796 1452 984 1493 addictam,
1016 1452 1151 1486 consilii
1179 1463 1280 1487 nemo
1314 1464 1403 1486 nnus
1421 1457 1514 1487 esset
1543 1453 1714 1488 conscius.

110 1514 263 1559 Septimo
283 1513 362 1547 inde
381 1513 451 1552 die,
473 1514 561 1548 festo
581 1514 653 1554 illo,
672 1514 808 1559 Regem
828 1515 870 1549 ad
887 1514 1052 1560 templum
1072 1515 1115 1549 de
1134 1526 1229 1549 more
1247 1515 1445 1556 comitatus,
1469 1516 1574 1550 Petro
1594 1527 1715 1550 secun-

109 1576 188 1609 dum
220 1575 422 1609 concionem
458 1586 555 1609 suam
588 1575 796 1610 sacrificanti
833 1576 1060 1617 ministravit3
1094 1577 1227 1622 riteque
1263 1581 1444 1611 execratus
1476 1577 1649 1617 haeresim,
1686 1577 1720 1612 in

110 1641 294 1683 conspectu
326 1636 515 1681 frequentis
547 1637 677 1683 populi,
700 1639 905 1683 religionem
925 1639 1095 1673 sinceram
1114 1639 1292 1684 professus
1311 1642 1384 1679 est;
1406 1639 1507 1684 Rege
1539 1643 1572 1673 et
1598 1651 1720 1685 proce-

108 1700 214 1740 ribus,
249 1711 320 1734 rem
340 1699 488 1745 primum
518 1711 645 1734 novam
676 1701 941 1739 admirantibus,
976 1700 1113 1738 deinde,
1146 1703 1275 1745 quanto
1310 1699 1345 1733 id
1364 1699 1476 1734 minus
1503 1704 1717 1746 sperassent,

107 1766 203 1796 tanto
223 1761 464 1796 vehementius
483 1761 571 1796 inter
587 1773 623 1796 se
642 1762 911 1807 gratulantibus.
939 1763 1049 1800 Quem
1065 1761 1228 1807 deinceps
1256 1763 1326 1796 Leo
1346 1762 1518 1797 Romanae
1537 1762 1717 1805 Ecclesiae,

109 1835 207 1869 quam
225 1822 317 1868 pium
338 1822 505 1856 adversus
536 1823 695 1857 inimicos
715 1823 933 1858 defensorem
966 1835 1043 1857 sese
1074 1824 1290 1869 praestiterit,
1312 1828 1440 1870 praeter
1457 1824 1545 1858 alios
1564 1825 1720 1860 Joannes

109 1885 322 1932 Rymckius,
346 1885 398 1918 vir
411 1885 446 1918 in
462 1885 610 1919 Litnana
630 1886 807 1931 provincia
826 1898 903 1919 cnm
927 1885 1008 1919 vitae
1028 1886 1269 1926 sanctimonia,
1286 1890 1359 1920 tum
1374 1886 1532 1920 laudibus
1553 1887 1721 1922 doctrinae

108 1947 268 1994 inclytus7
292 1947 429 1993 scriptis
449 1947 520 1981 suis
547 1948 743 1992 posteritati
763 1947 902 1993 reliquit
921 1947 1211 1981 commendatum.
1249 1948 1299 1981 Eo
1320 1948 1447 1982 Leonis
1467 1960 1544 1982 cum
1564 1948 1721 1983 Ecclesia

110 2009 143 2043 in
175 2008 320 2055 gratiam
342 2008 454 2043 reditu
486 2009 683 2054 gratulatus
710 2013 762 2043 est
781 2021 915 2054 quoque
939 2009 1119 2043 Romanus
1148 2008 1321 2049 Pontifex,
1343 2010 1487 2054 ejusque
1515 2010 1635 2055 gandii
1667 2011 1721 2045 sui

109 2071 247 2117 pignus,
268 2070 444 2115 insignem
475 2070 600 2104 obtulit
631 2082 788 2110 crncem;
824 2082 901 2115 (μω
932 2070 1101 2115 hodieque
1130 2070 1164 2104 in
1183 2070 1312 2116 templo
1341 2070 1540 2105 Brestensis
1573 2071 1720 2117 Collegii

111 2135 309 2167 asservatur
339 2144 416 2166 cum
451 2132 506 2166 his
542 2132 633 2166 notis
652 2145 657 2166 ;
697 2148 710 2160 α
751 2144 829 2166 Hoc.
870 2144 984 2166 SIGNO.
1016 2143 1172 2167 SALUTIs.
1212 2143 1385 2166 CLEMENs.
1408 2143 1481 2166 VIII.
1528 2144 1718 2169 PONTIFEX.

115 2209 129 2223 α
152 2207 189 2229 M.
212 2205 367 2229 LEONEM.
390 2205 551 2229 SAPIEHA.
589 2205 796 2229 SUPREMUM.
822 2206 859 2228 M.
882 2205 1051 2228 DUCATUS.
1088 2202 1280 2229 LITVANIAE.
1314 2204 1599 2230 CANCELLARIUM.
1622 2207 1719 2232 Pos'r.

116 2270 130 2285 ω
152 2267 375 2290 ABJURATAM.
398 2267 456 2290 ΑΒ.
479 2267 535 2290 ΕΟ.
557 2267 740 2291 HAERESIM.
777 2267 834 2289 Ex.
860 2267 964 2290 URBE.
989 2266 1197 2290 SAIIUTAVIT.
1228 2265 1421 2290 INVENTAM.
1454 2267 1561 2291 OVEM.
1593 2269 1716 2292 BONUS.

116 2331 130 2345 κ
153 2329 298 2352 PASTOR.
322 2328 474 2352 CHRISTI.
497 2328 672 2352 BRACHIIs.
695 2329 896 2352 AMPLEXUS.
922 2334 936 2346 n

160 2379 300 2425 Insigne
319 2379 458 2413 omnino
490 2383 524 2414 et
557 2379 857 2429 commemorabile
882 2378 1023 2425 juvenis
1056 2378 1269 2413 Lubecensis
1294 2379 1428 2414 facinus
1456 2381 1637 2426 praeterire
1666 2382 1721 2416 hic

113 2452 181 2475 non
207 2452 402 2486 possumus.
438 2440 575 2475 Lubeca
595 2440 775 2475 civitatum
793 2440 1077 2474 Hanseaticarnm
1097 2443 1201 2485 capnt
1226 2444 1290 2480 est,
1314 2441 1507 2486 patriarum
1533 2442 1720 2477 hwresinm

114 2501 225 2540 sedes,
268 2502 531 2548 peregrinarum
565 2502 818 2548 receptaculum
838 2516 844 2542 ;
883 2502 964 2535 hinc
998 2501 1122 2535 missus
1157 2506 1233 2536 erat
1264 2502 1292 2536 is
1328 2502 1529 2536 adolescens
1562 2503 1715 2545 Vssnam,

1746 411 1809 437 1586

1747 654 1841 679 Mensae

1747 694 1889 721 Dominicae

1747 732 1817 764 apud

1749 770 1881 796 Calvinia-

1749 817 1795 834 nos
1809 817 1879 835 reve-

1748 848 1841 874 rentia.

1750 1895 1869 1921 Pontifex

1750 1936 1882 1962 Romanus

1749 1978 1829 2004 Leoni

1750 2016 1865 2049 gratula-

1751 2061 1801 2086 tur.
